3204 5506
224 391 290 460 534
699 406 727 454 s.
744 404 885 453 asnssrr
907 403 1021 450 raras

225 571 297 644 qaia
319 569 444 643 spirius
466 582 534 626 ossa
555 570 584 624 et
604 580 727 624 carerem
750 580 809 623 noa
832 563 929 635 irater,
953 565 1032 623 sicat
1053 579 1100 621 me
1122 564 1229 624 arideus
1249 564 1394 624 tabentes.
1417 548 1446 621 Ε

226 669 311 729 certe
333 663 394 727 hoc
416 666 489 747 post
511 661 776 725 resurrectionem
799 660 894 724 dixit:
923 660 997 723 talis
1016 661 1086 743 jam
1108 660 1201 744 dixit,
1229 660 1329 745 qualis
1348 652 1446 725 carrd·

116 767 176 820 nei.
190 777 211 835 1,
225 765 355 850 scipulis
374 787 432 846 per
454 770 666 844 qaadrreqiata
694 769 757 827 dics
785 766 990 827 conversatus
1012 765 1071 845 est,
1101 783 1281 828 convescens
1306 766 1338 827 et
1361 760 1446 827 catab

136 842 189 899 Μ’
225 873 299 933 tans
323 890 395 931 curn
418 866 478 948 eis3
501 865 575 929 talis
598 865 689 946 dixit,
713 864 816 949 qualis
839 871 976 929 carcerarii!
997 872 1028 928 ia
1050 871 1166 948 coelom
1188 864 1264 929 talis
1277 864 1364 947 dixit,
1381 858 1446 949 qual

227 970 401 1056 promissus
424 972 473 1033 est
501 974 573 1032 inde
594 989 657 1032 esse
678 977 830 1031 venturas.
876 968 944 1030 Aut
965 965 1079 1050 legant
1099 966 1173 1051 ipsi,
1203 967 1259 1031 ubi
1287 970 1446 1051 posteaqua

228 1074 266 1136 de
288 1071 344 1135 illa
366 1069 528 1154 professus
550 1072 610 1150 est,
634 1068 733 1132 fuerit
754 1068 951 1151 immutatus,
975 1071 1007 1131 et
1030 1068 1133 1151 aliter,
1157 1090 1255 1153 quam
1276 1090 1310 1135 se
1331 1065 1446 1153 discipu]

227 1172 391 1259 patefecit,
416 1172 597 1236 ascenderit
619 1170 743 1234 levatus
766 1169 800 1233 in
824 1169 962 1252 coelum3
985 1173 1041 1234 aut
1063 1192 1122 1235 nos
1137 1171 1257 1235 rect-ins
1272 1193 1310 1236 ea
1323 1170 1446 1256 smuimu

228 1297 308 1359 quae
339 1275 455 1338 diiinis
489 1272 705 1337 voluminibus
738 1271 963 1355 adstruuntur,
998 1294 1063 1337 non
1091 1273 1298 1338 delirantium
1320 1272 1430 1339 somnia

228 1376 456 1462 phantasmata
478 1397 561 1439 vana
583 1377 753 1439 sectamur.

313 1480 343 1542 a.
389 1477 450 1541 sed
473 1478 565 1560 ajunt
587 1475 732 1540 homiues
754 1476 866 1559 inepti,
896 1499 958 1561 quo
985 1498 1018 1541 se
1041 1480 1159 1560 putent
1180 1477 1245 1541 rim
1266 1478 1446 1543 manifestat

230 1581 280 1644 nis
303 1579 397 1662 hujus
420 1578 575 1663 effligere:
603 1584 751 1658 qaoraodo
778 1585 843 1658 ipsc
866 1585 968 1656 volarit,
992 1586 1037 1644 sic
1058 1583 1222 1644 tmnaaam
1244 1586 1409 1645 sublimarit
1425 1602 1446 1643 a

229 1688 444 1762 pnificacitque
470 1692 622 1745 recturam.
670 1679 769 1743 Plane
797 1688 874 1743 sicut
904 1688 968 1759 ipsc
996 1686 1104 1763 voluit,
1135 1683 1220 1746 sicut
1240 1703 1300 1766 per
1327 1680 1446 1767 prophet

230 1806 304 1848 suos
327 1786 402 1847 ante
424 1782 594 1866 praedixit,
619 1782 703 1845 sicut
729 1803 786 1864 per
814 1780 974 1865 apostolos
997 1802 1081 1863 sum,
1117 1805 1174 1866 per
1196 1782 1446 1869 evangelistas}

232 1886 347 1949 elesiae
369 1906 445 1947 suae
468 1883 570 1948 voluit
590 1883 745 1947 intimari.
791 1881 1003 1967 Quapropter,
1027 1887 1063 1946 ut
1088 1884 1210 1949 dietum
1234 1887 1293 1969 est,
1318 1886 1359 1951 ab
1372 1908 1446 1951 eron

231 1988 323 2052 istius
345 1986 540 2050 sacramenti
562 2006 670 2049 sacras
692 1984 830 2069 paginas
852 1984 1061 2067 revolvamus,
1086 1986 1224 2070 quidde
1247 1991 1402 2073 conceptu
1426 2010 1446 2067 e

232 2089 398 2170 edixerint,
428 2087 503 2172 quid
531 2088 569 2151 de
598 2090 709 2170 partu,
744 2086 820 2171 quid
852 2087 891 2150 dc
918 2110 983 2150 una
1011 2088 1185 2172 eademque
1206 2110 1346 2174 persona
1371 2089 1446 2155 Dan:

232 2191 333 2256 nostri
355 2190 433 2255 Jesu
456 2190 586 2272 Christi,
616 2188 710 2253 simul
733 2187 794 2253 Dei
816 2187 955 2253 hominis
983 2192 1017 2253 et
1038 2189 1177 2255 hominis
1199 2191 1271 2256 Dei.
1317 2191 1400 2268 Quid
1423 2214 1446 2257 a

232 2293 413 2377 passionem
435 2292 473 2356 de
496 2291 606 2355 eodem
628 2312 688 2355 vox
710 2290 819 2353 divina
840 2291 1038 2375 pronuntiet,
1068 2291 1118 2356 vel
1140 2292 1179 2357 de
1201 2314 1236 2357 se
1257 2294 1329 2379 ipsc
1355 2298 1446 2359 testa

232 2394 347 2478 quidve
369 2396 443 2478 post
464 2393 729 2458 resurrectionem
757 2391 966 2457 nihilominus
994 2394 1063 2477 ipse
1085 2395 1270 2479 perdoceat,
1299 2396 1404 2481 qualis
1427 2418 1446 2461 t

233 2494 398 2579 discipulis
425 2495 524 2558 fuerit
552 2498 757 2558 conversatus
786 2494 820 2557 in
848 2495 958 2578 terris,
988 2496 1092 2580 qualis
1119 2496 1154 2560 in
1178 2497 1284 2562 coelos
1312 2497 1446 2563 ascend:

234 2596 310 2680 quid
338 2596 376 2660 de
405 2596 514 2660 eodem
544 2596 584 2660 ad
613 2595 715 2659 coelos
749 2597 942 2661 ascendente
970 2597 1160 2681 promissum
1189 2598 1249 2682 sit,
1285 2599 1363 2684 quid
1395 2599 1440 2664 de

234 2720 321 2762 nunc
344 2698 377 2761 in
402 2697 496 2762 coelis
520 2699 616 2762 etiam
640 2698 823 2780 constituto,
848 2699 923 2782 quid
946 2699 984 2763 de
1007 2700 1075 2783 ejus
1098 2701 1240 2766 adventu
1264 2705 1382 2767 cuncta
1403 2724 1446 2767 cc

235 2799 298 2863 stia
319 2799 406 2863 dicta
427 2800 653 2884 pronuncient,
678 2804 711 2864 et
732 2800 869 2885 qualiter
891 2822 925 2864 se
947 2800 998 2865 vel
1020 2800 1161 2888 intelligi
1176 2802 1316 2869 voluerit
1331 2803 1380 2869 vel
1393 2826 1446 2869 uo

237 2902 436 2966 confessione
467 2903 626 2987 depromi:
655 2902 828 2985 Scripturis
857 2904 1084 2967 attestantibus
1113 2903 1294 2989 audiamus,
1323 2908 1357 2971 et
1382 2928 1446 2971 corr

235 3007 342 3068 tenter
364 3003 432 3086 ejus
455 3004 553 3068 simus
576 3006 610 3067 in
633 3005 792 3085 omnibus,
823 3026 942 3088 quase
966 3005 1057 3069 nobis
1080 3005 1247 3071 insinuare
1270 3007 1425 3093 dignatus

156 3128 161 3139 ·
236 3105 401 3170 voluntate
425 3105 579 3169 contenti.

322 3210 351 3272 i.
381 3206 443 3271 Sed
462 3208 531 3290 jam
553 3207 739 3293 diligentius
763 3210 966 3293 vestigemus
991 3210 1017 3273 si
1033 3208 1242 3294 Eutychiani,
1266 3212 1323 3297 qui
1344 3234 1377 3277 sc
1390 3208 1446 3277 Ner

236 3310 319 3373 rium
341 3310 482 3373 refutare
504 3311 729 3394 praetendunt,
754 3313 786 3375 et
807 3316 940 3395 propter
962 3310 1048 3376 hune
1064 3311 1231 3379 catholicis
1246 3314 1390 3379 sensibus
1403 3334 1441 3377 rm

238 3414 396 3476 conantur
418 3411 680 3476 subintroducere
702 3412 783 3477 velle
804 3419 965 3496 nat-uram,
989 3414 1149 3500 (quamvis
1170 3415 1231 3480 hoc
1250 3415 1321 3499 jam
1335 3413 1446 3481 manile

237 3514 280 3577 sit
302 3513 426 3577 ratione
449 3514 671 3597 destruc-tum),
696 3515 723 3578 si
746 3536 811 3579 non
833 3516 896 3600 ipsi
918 3516 1055 3600 quodam
1078 3516 1214 3581 circuitu
1236 3520 1271 3583 et
1287 3517 1407 3583 occultis
1421 3536 1446 3577 a

238 3615 386 3700 largitus,
416 3615 596 3679 nescientes
619 3615 744 3699 utique,
774 3617 851 3701 quid
872 3617 1044 3702 loquantur
1071 3640 1176 3702 neque
1204 3618 1243 3685 de
1272 3615 1446 3705 quibusda

239 3721 337 3800 ment,
367 3717 407 3780 ad
429 3717 574 3781 eumdem
595 3716 780 3782 Nestorium
804 3719 945 3784 volentes
968 3719 1177 3805 nolentesque
1204 3721 1397 3807 rediguntur.
1426 3712 1446 3781 l

239 3822 317 3883 emit
339 3819 439 3883 enim:
463 3831 534 3883 aare
555 3825 768 3885 decertationem
791 3826 873 3885 dcccc
893 3834 1024 3887 naturae
1041 3826 1181 3901 sumant,
1202 3838 1275 3903 post
1294 3827 1446 3889 armatu

239 3943 301 3986 retra
320 3925 411 3998 sirete
433 3935 484 3985 est.
513 3919 637 3996 Quaero
659 3922 700 3985 ab
723 3923 772 4005 iis,
796 3924 923 4007 quando
945 3923 1046 3988 velint
1068 3924 1174 3988 dicere
1190 3936 1262 3990 anic
1276 3931 1446 3990 cananeae

239 4024 265 4086 si
282 4026 368 4104 rante,
393 4045 488 4107 quam
498 4024 536 4107 ¹⁰)
560 4024 792 4088 incarnationis
808 4025 997 4089 Doruinicae
1012 4025 1200 4109 mysterium
1219 4026 1403 4112 proveniret,
1419 4044 1446 4107 q·

239 4128 363 4190 neseiat
385 4125 525 4189 ‹liversas
549 4146 617 4189 esse
639 4130 771 4190 naturas
799 4129 830 4190 et
853 4126 1059 4191 irretitabiliter
1086 4125 1288 4194 differentes:
1313 4128 1396 4193 illam
1411 4146 1446 4191 su

240 4251 324 4292 nram
351 4226 494 4290 omnium
521 4230 721 4310 naturarmu,
750 4228 857 4311 istam,
887 4229 947 4292 etsi
970 4228 1144 4313 imaginem
1173 4229 1304 4295 deitatis
1330 4230 1446 4315 gerente

241 4333 349 4393 tamen
373 4331 519 4393 terrenae
543 4329 735 4393 conditionis
758 4333 790 4393 et
812 4330 997 4394 infirmam?
1033 4330 1100 4395 Nos
1123 4334 1233 4396 autern
1254 4332 1293 4397 de
1315 4330 1446 4397 incarnat

241 4431 291 4493 nis
314 4452 423 4494 sacrae
446 4431 571 4494 ratione
592 4434 780 4514 tractamus,
810 4454 876 4495 non
898 4432 936 4495 de
958 4432 1103 4515 istarum,
1133 4455 1215 4517 quae
1238 4438 1317 4501 nota
1337 4438 1384 4501 est
1400 4452 1446 4497 om

242 4531 310 4614 bus,
340 4531 494 4596 distantia
522 4536 720 4596 naturarum.
767 4524 800 4597 si
827 4545 898 4598 arare
926 4555 1016 4619 ergo,
1046 4556 1141 4619 quam
1168 4534 1231 4601 hoc
1258 4536 1431 4622 mysterium

310 4786 340 4835 ¹⁰i
359 4784 421 4840 Nou
443 4788 549 4841 temere
571 4786 698 4841 addimus
722 4810 810 4857 quarm
831 4789 904 4843 hane
927 4788 1000 4842 enim
1017 4788 1143 4845 recidam
1167 4790 1228 4847 sola
1248 4790 1446 4847 librariorum

241 4868 332 4923 tantia
349 4869 480 4924 omissam
498 4887 557 4924 esse
574 4872 725 4940 persuadet
742 4874 840 4928 cadem
852 4873 991 4928 sententia
1003 4889 1068 4927 mox
1079 4873 1210 4945 repetita.
1240 4880 1272 4932 Si
1281 4886 1342 4933 aare
1352 4894 1446 4945 “M

242 4956 289 5007 doc
305 4959 446 5021 mysterium
464 4965 512 5008 eie.
