3204 5506
211 360 273 426 836
654 373 682 424 s.
698 371 905 455 noaursnan
927 371 1040 420 raris

81 542 117 608 (a.
129 541 199 605 519.)
212 551 325 616 pacem
353 529 412 593 sub
441 526 651 614 intentiosal)
681 528 898 593 obstinatione
921 526 1081 609 diviserit,
1109 546 1171 590 nec
1198 525 1328 609 pietatis
1350 528 1445 590 vestrm

212 653 273 697 nec
294 631 421 695 illorum
442 630 565 716 refugit
586 630 674 695 velut
695 630 811 695 latenti
834 652 930 694 causa
951 628 1111 695 notitiam.
1149 625 1233 703 Quid
1254 626 1352 712 igitur
1367 626 1447 692 ficere

213 733 366 817 debeant,
396 737 428 797 et
450 733 567 797 litteris
589 733 709 797 nostris
731 737 764 797 et
785 732 936 816 libelli5),
965 752 1060 815 quem
1083 730 1273 813 direximus,
1301 729 1375 794 serie
1392 750 1449 794 oon·

211 836 343 900 tinctus.
388 833 478 899 Haec
500 835 543 917 si,
567 833 636 898 Deo
658 838 767 900 nostro
790 838 823 899 ct
845 833 1016 898 clementia
1037 836 1146 898 vestra
1168 832 1356 916 adjuvante,
1375 831 1450 897 suad·

211 939 306 1023 piunt
329 941 361 1002 et
383 940 575 1023 sequuntur,
599 938 719 1022 poterit
740 936 780 1000 ad
804 957 890 1019 eam,
914 956 1010 1020 quam
1032 935 1174 1000 maximo
1197 934 1399 1000 desideramus
1415 954 1451 996 ar·

212 1040 303 1123 dore,
333 1039 494 1124 perveniri
523 1040 735 1104 concordiam.
780 1037 879 1103 Filius
911 1041 1080 1123 praeterea
1101 1040 1214 1103 noster
1235 1036 1315 1117 viil)
1336 1035 1452 1101 sublimis

213 1142 342 1227 Gratus,
366 1143 449 1220 saci
472 1141 652 1207 consistorii
675 1163 779 1206 comes
802 1145 834 1206 et
855 1140 1011 1226 magister
1032 1139 1144 1205 scrinii
1165 1140 1351 1222 memoriae,
1370 1142 1452 1203 osteu-

211 1232 316 1309 dit‘in
338 1266 372 1309 se
394 1247 535 1309 vestrum
557 1243 761 1328 allegationis
784 1264 860 1307 suae
875 1243 1062 1308 maturitate
1079 1241 1256 1326 judicium:
1280 1241 1365 1326 cujus
1383 1261 1453 1304 mors

212 1346 358 1411 sensibus
380 1346 495 1411 vestris
518 1367 555 1411 eo
577 1345 737 1410 referente
759 1345 872 1410 melius
895 1348 1065 1410 asseretur.

706 1532 888 1636 Epistola
913 1533 971 1616 47.

60 1685 205 1819 (πῶυ.
300 1685 513 1752 Hormisdae
537 1701 646 1769 papas
668 1684 712 1750 ad
735 1684 942 1871 dbldobbbnrb
957 1684 1389 1767 constantinopolitanun

248 1928 358 1986 Gaudet,
378 1930 446 1993 quod
462 1929 592 1979 concilium
610 1927 816 1978 Calchedonem
839 1932 865 1977 et
882 1941 903 1976 s.
917 1927 1012 1977 Leonis
1030 1929 1153 1991 epistolae
1169 1929 1294 1992 suscipiat
1312 1942 1344 1975 nc
1362 1941 1431 1975 secan
1461 1927 1492 1993 pl

246 2016 272 2061 r'n
289 2030 340 2062 una
353 2015 407 2076 fide
424 2016 567 2064 consentiat
585 2010 620 2077 (n.
635 2011 721 2077 1-2).
758 2012 867 2063 Restare
885 2012 929 2069 ait,
948 2018 975 2061 ut
992 2018 1017 2060 et
1029 2012 1150 2062 Acacium
1169 2018 1321 2062 exsecretur
1336 2016 1360 2060 et
1375 2010 1431 2060 oeu-

246 2100 305 2155 bon,
329 2100 372 2164 qai
391 2103 534 2164 propterea
556 2099 710 2154 annectitur,
733 2114 749 2147 α
770 2112 799 2146 se
820 2096 986 2161 subscriptum
1008 2099 1120 2146 remittat
1137 2094 1221 2161 (n3).
1260 2096 1334 2147 Grati
1348 2110 1432 2162 quoque

670 2183 746 2245 fldem
763 2183 918 2245 commendat
935 2179 970 2246 (n.
983 2180 1018 2246 4).

365 2314 575 2379 Hormisda
597 2313 773 2380 Johenni
802 2314 989 2400 episcopo
1012 2312 1456 2399 Constantinopolitano.

106 2457 199 2522 epea.
300 2436 327 2499 l.
363 2433 535 2518 Spiritnale
558 2434 710 2519 gaudium
733 2433 862 2499 directis
885 2434 1002 2499 caritas
1024 2438 1081 2498 tua
1103 2435 1300 2519 significavit
1320 2432 1456 2511 affatibus,

213 2535 355 2599 docendo
364 2536 404 2620 ¹),
433 2540 470 2599 nt
498 2535 674 2600 catholicae
695 2535 861 2621 religionis
883 2535 1054 2621 disciplina
1081 2536 1227 2601 ordinem
1255 2558 1346 2601 suum
1365 2532 1458 2599 vestris

212 2637 358 2722 partibus
380 2636 449 2701 Deo
471 2641 582 2701 nostro
605 2638 740 2722 juvante
768 2638 934 2722 receperit.
980 2637 1070 2703 Haec
1092 2660 1160 2703 esse
1183 2638 1339 2703 beneficis
1359 2632 1458 2702 miseri

214 2738 339 2804 cordiae
362 2761 520 2823 supernae
542 2739 613 2824 quis
636 2738 785 2804 dubitet?
827 2738 918 2805 Haec
939 2741 1011 2826 quis
1034 2740 1159 2804 dubitet
1180 2738 1369 2804 venerabilis
1389 2738 1459 2823 prin-

213 2841 293 2926 cipis
315 2841 456 2926 tropaeis
479 2840 637 2927 adjungi?
680 2839 757 2915 Quis
780 2842 940 2927 ambigat,
972 2842 1047 2927 quia
1068 2842 1172 2926 major
1193 2844 1224 2906 ei
1246 2841 1285 2906 de
1307 2841 1366 2905 hac
1385 2860 1458 2925 pace,

212 2965 308 3029 quam
336 2944 374 3007 de
402 2942 598 3028 quibuslibet
624 2942 753 3026 praeliis
782 2943 963 3029 triumphus
996 2942 1196 3028 acquiritur?
1238 2943 1335 3008 Istius
1360 2940 1459 3005 laboris

213 3046 317 3131 gloria
338 3045 443 3118 nescit
465 3067 627 3110 occasum:
650 3044 726 3130 quia
748 3045 804 3110 ubi
819 3045 905 3110 Dens
927 3049 1013 3110 recte
1036 3045 1161 3130 colitur,
1185 3067 1349 3130 nunquam
1370 3043 1460 3108 adver·

213 3148 368 3212 sariorum
391 3148 506 3212 crescit
527 3147 691 3234 iniquitas.

106 3287 149 3342 ep.
159 3277 200 3326 43.
299 3252 330 3314 2.
364 3249 555 3314 Dilectionis
577 3254 653 3314 tuae
669 3249 902 3314 consessionem
916 3253 1085 3336 gratanter
1100 3249 1293 3334 accepimus,
1316 3271 1371 3334 per
1383 3268 1461 3333 quam

213 3356 345 3417 sanctae
368 3352 513 3436 synodi²)
543 3351 807 3437 comprobantur,
831 3352 916 3416 inter
938 3374 1016 3437 quas
1038 3351 1273 3416 instauratione
1297 3351 1460 3416 constituto

213 3477 284 3518 rum
305 3455 448 3518 omnium
472 3453 732 3519 Calchedonense
756 3453 926 3518 concilium
947 3452 1174 3538 praedicastis,
1198 3457 1232 3517 et
1254 3453 1460 3518 catholicorum

280 3662 302 3727 ⁴)
320 3661 365 3714 ltu
383 3659 426 3714 G'.
462 3658 513 3712 Ed.
533 3663 699 3715 contentiosa.

281 3747 301 3810 ³)
320 3743 372 3808 Qui
389 3742 520 3797 nimirum
537 3741 725 3813 superioribus
743 3741 866 3810 epistolis
884 3749 898 3797 7
918 3746 947 3796 et
963 3748 996 3796 ‘26
1013 3741 1134 3797 habetur
1151 3741 1298 3799 subnexus.

280 3831 300 3895 ὓ)
319 3831 344 3882 a¹
360 3831 385 3882 ο*
403 3841 503 3883 cestrae
525 3834 658 3882 sanctitati
663 3870 669 3892 ,
691 3827 767 3881 haud
789 3827 861 3881 felici
883 3831 1013 3883 notarum
1030 3849 1051 3881 u.
1069 3847 1091 3886 a.
1109 3826 1349 3898 interpretatione.
1380 3825 1457 3894 Nan

212 3913 303 3966 verius
320 3915 388 3968 bec
405 3920 443 3968 or'r
466 3919 619 3967 clarissimas
642 3929 738 3967 earum
760 3912 822 3966 loco
845 3912 1053 3967 substituerunt.
1094 3913 1206 3968 Primae
1224 3915 1289 3968 sunt
1305 3913 1406 3968 litterae
1424 3925 1457 3961 vu

213 4012 275 4049 cum
297 4003 336 4050 vir
357 4001 481 4052 antonus:
509 4014 564 4067 quo
586 3997 668 4052 titulo
692 3996 766 4052 idem
784 3997 887 4052 Gratus
910 3999 991 4068 epist.
1014 4005 1048 4052 tt
1070 3997 1227 4067 insignitur.
1268 3996 1355 4063 Quam
1374 3994 1456 4050 amicus

214 4080 343 4151 deinceps
362 4082 415 4136 sibi
434 4082 559 4138 fueritis
578 4083 692 4148 Gratus,
712 4080 862 4137 Hormisda
879 4083 959 4152 epist.
979 4088 1012 4139 86
1030 4082 1203 4138 testificatur.

211 4169 243 4217 tl
282 4169 300 4232 ί)
320 4166 353 4220 G¹
369 4166 442 4221 G³a¹
467 4174 575 4222 dicendo
594 4165 638 4235 (θ’
659 4171 785 4236 docendo)
808 4180 836 4222 nt
909 4175 1000 4223 cestris
1020 4172 1167 4237 pastoribus
1191 4173 1247 4223 Deo
1270 4182 1354 4224 noem
1369 4174 1456 4236 jmac

212 4257 368 4317 receperint.
404 4252 539 4306 Restituit
556 4252 619 4306 Bar.
640 4258 753 4307 docendo
772 4265 800 4307 ut
871 4259 1013 4322 receperit·
1031 4269 1116 4321 quum
1134 4256 1161 4307 ο*
1176 4269 1234 4322 seq.
1254 4259 1376 4317 docendo,
1393 4263 1415 4305 rt

213 4338 371 4401 draeiplinarn
394 4343 484 4391 ordine
507 4358 551 4392 suo
574 4342 654 4400 vesti
679 4350 800 4405 pastores
883 4344 1036 4408 receperint.
1059 4367 1094 4378 -
1118 4338 1271 4394 Praeterea
1294 4342 1400 4409 pertitus
1416 4345 1454 4404 μθ

211 4424 357 4486 pastoribus
375 4420 524 4490 legendnm
543 4438 603 4476 esse
621 4422 759 4491 persuasit
776 4423 851 4479 vocis
866 4430 979 4493 partium
996 4423 1057 4478 loco
1075 4430 1205 4493 reptem
1221 4423 1380 4480 Hormisdaa
1396 4415 1454 4474 faut

212 4501 287 4557 liaris
305 4522 375 4559 usus.
413 4505 458 4559 Sic
475 4507 549 4561 infra
566 4525 591 4561 u.
611 4515 627 4562 3
645 4508 780 4562 habemus
797 4513 914 4578 partibus
933 4511 1104 4563 Οήεηιαὶίῠω
1120 4515 1226 4564 ostende
1246 4520 1338 4578 perte
1354 4510 1453 4579 quast

212 4599 321 4656 quantur
339 4596 493 4659 exemplum
512 4593 540 4645 et
558 4591 637 4661 epist.
657 4598 689 4646 52
708 4593 744 4647 ud
762 4593 889 4649 eumdem
901 4594 1057 4648 Johannem
1074 4611 1101 4647 n.
1116 4600 1144 4648 2:
1162 4599 1301 4650 Desideria
1317 4600 1402 4664 quim
1414 4598 1453 4641 Β·

211 4676 299 4741 quibus
317 4685 342 4729 te
360 4681 395 4729 nd
406 4682 601 4730 ecelesiasticam
619 4684 725 4732 testaris
739 4684 867 4747 festinare
879 4685 1053 4746 concordiens,
1071 4690 1099 4732 ut
1109 4682 1233 4734 tuter-ent
1247 4683 1453 4749 panudium

210 4777 259 4820 per
276 4765 425 4826 optavimus.
461 4760 532 4814 Vide
551 4762 580 4815 et
596 4760 706 4817 initium
724 4764 804 4833 epist.
823 4771 864 4820 49.

278 4844 300 4909 ²)
318 4843 393 4897 Inter
415 4845 466 4898 has
488 4847 600 4900 sanctas
621 4848 740 4916 synodos
763 4850 924 4905 recensetur
946 4850 974 4905 et
992 4847 1312 4919 Constantinopolim,
1333 4861 1406 4917 quam
1419 4836 1452 4894 ΓΙ

211 4926 331 4995 primum
349 4930 380 4980 ut
398 4930 603 4984 oecumenicam
622 4949 639 4985 a
656 4933 770 4987 summis
787 4933 965 5005 pontificibus
983 4935 1195 5004 comprobatam
1215 4934 1310 5004 legere
1325 4933 1373 4988 est
