<?xml version="1.0" encoding="UTF-8"?>
<!DOCTYPE html PUBLIC "-//W3C//DTD XHTML 1.0 Transitional//EN"
    "http://www.w3.org/TR/xhtml1/DTD/xhtml1-transitional.dtd">
<html xmlns="http://www.w3.org/1999/xhtml" xml:lang="en" lang="en">
 <head>
  <title>
</title>
<meta http-equiv="Content-Type" content="text/html;charset=utf-8" />
  <meta name='ocr-system' content='tesseract 3.04.00' />
  <meta name='ocr-capabilities' content='ocr_page ocr_carea ocr_par ocr_line ocrx_word'/>
</head>
<body>
  <div class='ocr_page' id='page_1' title='image "./epistolaeromano00thiegoog/epistolaeromano00thiegoog_0795.png"; bbox 0 0 3204 5506; ppageno 0'>
   <div class='ocr_carea' id='block_1_1' title="bbox 83 522 178 572">
    <p class='ocr_par' dir='ltr' id='par_1_1' title="bbox 83 522 178 572">
     <span class='ocr_line' id='line_1_1' title="bbox 83 522 178 572; baseline -0.011 0"><span class='ocrx_word' id='word_1_1' title='bbox 83 534 107 572; x_wconf 86' lang='lat' dir='ltr'>a.</span> <span class='ocrx_word' id='word_1_2' title='bbox 120 522 178 571; x_wconf 85' lang='grc'><strong>515.</strong></span> 
     </span>
    </p>
   </div>
   <div class='ocr_carea' id='block_1_2' title="bbox 37 2148 177 2285">
    <p class='ocr_par' dir='ltr' id='par_1_2' title="bbox 37 2148 177 2285">
     <span class='ocr_line' id='line_1_2' title="bbox 37 2148 177 2212; baseline 0.014 -12"><span class='ocrx_word' id='word_1_3' title='bbox 37 2148 72 2212; x_wconf 86' lang='lat' dir='ltr'>(a.</span> <span class='ocrx_word' id='word_1_4' title='bbox 86 2151 136 2200; x_wconf 87' lang='grc'>515</span> <span class='ocrx_word' id='word_1_5' title='bbox 152 2148 177 2202; x_wconf 86' lang='lat' dir='ltr'>d.</span> 
     </span>
     <span class='ocr_line' id='line_1_3' title="bbox 47 2214 177 2285; baseline 0.008 -17"><span class='ocrx_word' id='word_1_6' title='bbox 47 2222 63 2268; x_wconf 71' lang='lat' dir='ltr'>«t</span> <span class='ocrx_word' id='word_1_7' title='bbox 79 2214 177 2285; x_wconf 80' lang='lat' dir='ltr'>April.)</span> 
     </span>
    </p>
   </div>
   <div class='ocr_carea' id='block_1_3' title="bbox 194 338 1024 403">
    <p class='ocr_par' dir='ltr' id='par_1_3' title="bbox 194 338 1024 403">
     <span class='ocr_line' id='line_1_4' title="bbox 194 338 1024 403; baseline -0.011 0"><span class='ocrx_word' id='word_1_8' title='bbox 194 338 255 403; x_wconf 88' lang='grc'>746</span> <span class='ocrx_word' id='word_1_9' title='bbox 634 352 662 398; x_wconf 92' lang='lat' dir='ltr'>s.</span> <span class='ocrx_word' id='word_1_10' title='bbox 680 349 887 398; x_wconf 76' lang='lat' dir='ltr'>aerumnae</span> <span class='ocrx_word' id='word_1_11' title='bbox 909 348 1024 396; x_wconf 74' lang='lat' dir='ltr'>aaran</span> 
     </span>
    </p>
   </div>
   <div class='ocr_carea' id='block_1_4' title="bbox 189 502 1507 1918">
    <p class='ocr_par' dir='ltr' id='par_1_4' title="bbox 190 502 1419 1204">
     <span class='ocr_line' id='line_1_5' title="bbox 193 502 1416 592; baseline -0.004 -19"><span class='ocrx_word' id='word_1_12' title='bbox 193 508 303 573; x_wconf 90' lang='lat' dir='ltr'>divina</span> <span class='ocrx_word' id='word_1_13' title='bbox 324 505 508 592; x_wconf 79' lang='lat' dir='ltr'>specialiter</span> <span class='ocrx_word' id='word_1_14' title='bbox 529 507 701 589; x_wconf 87' lang='lat' dir='ltr'>praecepta</span> <span class='ocrx_word' id='word_1_15' title='bbox 728 506 903 568; x_wconf 80' lang='lat' dir='ltr'>servantes,</span> <span class='ocrx_word' id='word_1_16' title='bbox 953 502 1042 579; x_wconf 85' lang='lat' dir='ltr'>Quae</span> <span class='ocrx_word' id='word_1_17' title='bbox 1071 525 1123 568; x_wconf 90' lang='lat' dir='ltr'>res</span> <span class='ocrx_word' id='word_1_18' title='bbox 1151 502 1304 587; x_wconf 88' lang='lat' dir='ltr'>majorem</span> <span class='ocrx_word' id='word_1_19' title='bbox 1326 506 1416 589; x_wconf 82' lang='lat' dir='ltr'>superni</span> 
     </span>
     <span class='ocr_line' id='line_1_6' title="bbox 191 605 1418 691; baseline -0.001 -18"><span class='ocrx_word' id='word_1_20' title='bbox 191 609 311 674; x_wconf 87' lang='lat' dir='ltr'>faveris</span> <span class='ocrx_word' id='word_1_21' title='bbox 343 607 563 672; x_wconf 83' lang='lat' dir='ltr'>defensionem</span> <span class='ocrx_word' id='word_1_22' title='bbox 593 610 699 670; x_wconf 88' lang='lat' dir='ltr'>vestro</span> <span class='ocrx_word' id='word_1_23' title='bbox 732 608 885 691; x_wconf 74' lang='lat' dir='ltr'><strong>procurat</strong></span> <span class='ocrx_word' id='word_1_24' title='bbox 916 606 1060 690; x_wconf 88' lang='lat' dir='ltr'>imperio.</span> <span class='ocrx_word' id='word_1_25' title='bbox 1111 605 1214 671; x_wconf 86' lang='lat' dir='ltr'>Recte</span> <span class='ocrx_word' id='word_1_26' title='bbox 1243 605 1324 670; x_wconf 89' lang='lat' dir='ltr'>euim</span> <span class='ocrx_word' id='word_1_27' title='bbox 1345 605 1418 672; x_wconf 80' lang='lat' dir='ltr'>obleh</span> 
     </span>
     <span class='ocr_line' id='line_1_7' title="bbox 191 707 1418 793; baseline -0.002 -17"><span class='ocrx_word' id='word_1_28' title='bbox 191 713 259 776; x_wconf 91' lang='lat' dir='ltr'>Dec</span> <span class='ocrx_word' id='word_1_29' title='bbox 282 711 446 776; x_wconf 85' lang='lat' dir='ltr'>veneratio</span> <span class='ocrx_word' id='word_1_30' title='bbox 469 707 753 793; x_wconf 82' lang='lat' dir='ltr'>inexpugnabilem</span> <span class='ocrx_word' id='word_1_31' title='bbox 781 707 903 772; x_wconf 88' lang='lat' dir='ltr'>devotis</span> <span class='ocrx_word' id='word_1_32' title='bbox 929 709 1094 773; x_wconf 89' lang='lat' dir='ltr'>mentibus</span> <span class='ocrx_word' id='word_1_33' title='bbox 1118 730 1247 772; x_wconf 87' lang='lat' dir='ltr'>murum</span> <span class='ocrx_word' id='word_1_34' title='bbox 1268 708 1418 774; x_wconf 71' lang='lat' dir='ltr'>defenderis</span> 
     </span>
     <span class='ocr_line' id='line_1_8' title="bbox 191 809 1418 897; baseline -0.001 -20"><span class='ocrx_word' id='word_1_35' title='bbox 191 813 345 897; x_wconf 73' lang='lat' dir='ltr'>indulget.</span> <span class='ocrx_word' id='word_1_36' title='bbox 391 812 528 876; x_wconf 84' lang='lat' dir='ltr'>Proinde</span> <span class='ocrx_word' id='word_1_37' title='bbox 551 810 804 895; x_wconf 89' lang='lat' dir='ltr'>omnipotentem</span> <span class='ocrx_word' id='word_1_38' title='bbox 826 809 930 874; x_wconf 90' lang='lat' dir='ltr'>Deum</span> <span class='ocrx_word' id='word_1_39' title='bbox 951 810 1031 875; x_wconf 89' lang='lat' dir='ltr'>fusis</span> <span class='ocrx_word' id='word_1_40' title='bbox 1053 810 1203 895; x_wconf 84' lang='lat' dir='ltr'>precibus</span> <span class='ocrx_word' id='word_1_41' title='bbox 1226 832 1381 894; x_wconf 77' lang='lat' dir='ltr'>exoramu,</span> <span class='ocrx_word' id='word_1_42' title='bbox 1395 815 1418 876; x_wconf 88' lang='lat' dir='ltr'>ut</span> 
     </span>
     <span class='ocr_line' id='line_1_9' title="bbox 190 912 1419 1000; baseline -0.002 -20"><span class='ocrx_word' id='word_1_43' title='bbox 190 916 244 1000; x_wconf 90' lang='lat' dir='ltr'>qui</span> <span class='ocrx_word' id='word_1_44' title='bbox 266 915 355 980; x_wconf 88' lang='lat' dir='ltr'>vobis</span> <span class='ocrx_word' id='word_1_45' title='bbox 378 913 518 978; x_wconf 91' lang='lat' dir='ltr'>studium</span> <span class='ocrx_word' id='word_1_46' title='bbox 539 912 738 997; x_wconf 84' lang='lat' dir='ltr'>quaerendae</span> <span class='ocrx_word' id='word_1_47' title='bbox 759 912 965 976; x_wconf 88' lang='lat' dir='ltr'>ecclesiarum</span> <span class='ocrx_word' id='word_1_48' title='bbox 979 913 1069 998; x_wconf 86' lang='lat' dir='ltr'>pacis</span> <span class='ocrx_word' id='word_1_49' title='bbox 1084 912 1231 996; x_wconf 76' lang='lat' dir='ltr'>indulsit,</span> <span class='ocrx_word' id='word_1_50' title='bbox 1254 914 1319 998; x_wconf 88' lang='lat' dir='ltr'>ipse</span> <span class='ocrx_word' id='word_1_51' title='bbox 1332 934 1419 998; x_wconf 86' lang='lat' dir='ltr'>quoque</span> 
     </span>
     <span class='ocr_line' id='line_1_10' title="bbox 191 1014 1419 1100; baseline 0.001 -20"><span class='ocrx_word' id='word_1_52' title='bbox 191 1017 283 1100; x_wconf 85' lang='lat' dir='ltr'>sub²)</span> <span class='ocrx_word' id='word_1_53' title='bbox 306 1016 546 1081; x_wconf 89' lang='lat' dir='ltr'>consecratione</span> <span class='ocrx_word' id='word_1_54' title='bbox 570 1014 745 1080; x_wconf 85' lang='lat' dir='ltr'>catholicae</span> <span class='ocrx_word' id='word_1_55' title='bbox 767 1015 841 1079; x_wconf 88' lang='lat' dir='ltr'>fidei</span> <span class='ocrx_word' id='word_1_56' title='bbox 863 1015 1019 1081; x_wconf 89' lang='lat' dir='ltr'>desiderio</span> <span class='ocrx_word' id='word_1_57' title='bbox 1042 1019 1148 1080; x_wconf 85' lang='lat' dir='ltr'>vestro</span> <span class='ocrx_word' id='word_1_58' title='bbox 1169 1037 1267 1100; x_wconf 88' lang='lat' dir='ltr'>super</span> <span class='ocrx_word' id='word_1_59' title='bbox 1286 1015 1343 1081; x_wconf 89' lang='lat' dir='ltr'>hac</span> <span class='ocrx_word' id='word_1_60' title='bbox 1357 1017 1419 1100; x_wconf 81' lang='lat' dir='ltr'>parte</span> 
     </span>
     <span class='ocr_line' id='line_1_11' title="bbox 190 1118 513 1204; baseline -0.003 -22"><span class='ocrx_word' id='word_1_61' title='bbox 190 1121 333 1204; x_wconf 87' lang='lat' dir='ltr'>praestet</span> <span class='ocrx_word' id='word_1_62' title='bbox 355 1118 513 1182; x_wconf 88' lang='lat' dir='ltr'>effectum.</span> 
     </span>
    </p>

    <p class='ocr_par' dir='ltr' id='par_1_5' title="bbox 189 1218 1507 1918">
     <span class='ocr_line' id='line_1_12' title="bbox 275 1218 1507 1286; baseline 0.002 -3"><span class='ocrx_word' id='word_1_63' title='bbox 275 1219 306 1284; x_wconf 82' lang='lat'>2.</span> <span class='ocrx_word' id='word_1_64' title='bbox 341 1219 511 1283; x_wconf 90' lang='lat' dir='ltr'>Praeterea</span> <span class='ocrx_word' id='word_1_65' title='bbox 533 1218 663 1283; x_wconf 86' lang='lat' dir='ltr'>directis</span> <span class='ocrx_word' id='word_1_66' title='bbox 686 1219 727 1283; x_wconf 91' lang='lat' dir='ltr'>ad</span> <span class='ocrx_word' id='word_1_67' title='bbox 748 1241 807 1284; x_wconf 92' lang='lat' dir='ltr'>nos</span> <span class='ocrx_word' id='word_1_68' title='bbox 830 1220 928 1284; x_wconf 88' lang='lat' dir='ltr'>sacris</span> <span class='ocrx_word' id='word_1_69' title='bbox 954 1220 1103 1285; x_wconf 86' lang='lat' dir='ltr'>affatibus</span> <span class='ocrx_word' id='word_1_70' title='bbox 1127 1220 1419 1286; x_wconf 81' lang='lat' dir='ltr'>commemorationem</span> <span class='ocrx_word' id='word_1_71' title='bbox 1505 1276 1507 1285; x_wconf 73' lang='grc'>,</span> 
     </span>
     <span class='ocr_line' id='line_1_13' title="bbox 190 1321 1507 1410; baseline -0.003 -24"><span class='ocrx_word' id='word_1_72' title='bbox 190 1321 296 1386; x_wconf 90' lang='lat' dir='ltr'>sancti</span> <span class='ocrx_word' id='word_1_73' title='bbox 326 1321 453 1386; x_wconf 90' lang='lat' dir='ltr'>concilii</span> <span class='ocrx_word' id='word_1_74' title='bbox 479 1321 586 1385; x_wconf 87' lang='lat' dir='ltr'>facere</span> <span class='ocrx_word' id='word_1_75' title='bbox 614 1321 719 1405; x_wconf 87' lang='lat' dir='ltr'>pietas</span> <span class='ocrx_word' id='word_1_76' title='bbox 746 1324 853 1386; x_wconf 89' lang='lat' dir='ltr'>vestra</span> <span class='ocrx_word' id='word_1_77' title='bbox 881 1321 1017 1406; x_wconf 84' lang='lat' dir='ltr'>dignata</span> <span class='ocrx_word' id='word_1_78' title='bbox 1044 1325 1103 1386; x_wconf 91' lang='lat' dir='ltr'>est.</span> <span class='ocrx_word' id='word_1_79' title='bbox 1154 1321 1204 1387; x_wconf 91' lang='lat' dir='ltr'>De</span> <span class='ocrx_word' id='word_1_80' title='bbox 1231 1345 1293 1407; x_wconf 89' lang='lat' dir='ltr'>qua</span> <span class='ocrx_word' id='word_1_81' title='bbox 1318 1344 1348 1387; x_wconf 89' lang='lat' dir='ltr'>re</span> <span class='ocrx_word' id='word_1_82' title='bbox 1367 1324 1419 1386; x_wconf 82' lang='lat' dir='ltr'>huc</span> <span class='ocrx_word' id='word_1_83' title='bbox 1504 1392 1507 1410; x_wconf 40' lang='grc' dir='ltr'>Ι</span> 
     </span>
     <span class='ocr_line' id='line_1_14' title="bbox 189 1423 1507 1509; baseline 0.002 -22"><span class='ocrx_word' id='word_1_84' title='bbox 189 1423 411 1507; x_wconf 89' lang='lat' dir='ltr'>plenissimum</span> <span class='ocrx_word' id='word_1_85' title='bbox 434 1423 609 1506; x_wconf 86' lang='lat' dir='ltr'>poterimus</span> <span class='ocrx_word' id='word_1_86' title='bbox 631 1423 785 1506; x_wconf 88' lang='lat' dir='ltr'>praebere</span> <span class='ocrx_word' id='word_1_87' title='bbox 807 1445 1012 1509; x_wconf 88' lang='lat' dir='ltr'>responsum,</span> <span class='ocrx_word' id='word_1_88' title='bbox 1044 1446 1143 1509; x_wconf 89' lang='lat' dir='ltr'>quum</span> <span class='ocrx_word' id='word_1_89' title='bbox 1177 1446 1305 1490; x_wconf 89' lang='lat' dir='ltr'>eausam</span> <span class='ocrx_word' id='word_1_90' title='bbox 1325 1442 1420 1508; x_wconf 73' lang='lat' dir='ltr'>congre</span> <span class='ocrx_word' id='word_1_91' title='bbox 1503 1474 1507 1481; x_wconf 85' lang='lat'>.</span> 
     </span>
     <span class='ocr_line' id='line_1_15' title="bbox 190 1524 1507 1612; baseline 0.001 -23"><span class='ocrx_word' id='word_1_92' title='bbox 190 1524 331 1610; x_wconf 90' lang='lat' dir='ltr'>gationis</span> <span class='ocrx_word' id='word_1_93' title='bbox 359 1546 418 1588; x_wconf 93' lang='lat' dir='ltr'>nos</span> <span class='ocrx_word' id='word_1_94' title='bbox 448 1525 583 1589; x_wconf 89' lang='lat' dir='ltr'>veluerit</span> <span class='ocrx_word' id='word_1_95' title='bbox 610 1525 775 1590; x_wconf 86' lang='lat' dir='ltr'>evidenter</span> <span class='ocrx_word' id='word_1_96' title='bbox 802 1547 986 1610; x_wconf 88' lang='lat' dir='ltr'>agnoscere.</span> <span class='ocrx_word' id='word_1_97' title='bbox 1038 1525 1135 1592; x_wconf 91' lang='lat' dir='ltr'>Nunc</span> <span class='ocrx_word' id='word_1_98' title='bbox 1161 1548 1238 1591; x_wconf 87' lang='lat' dir='ltr'>vero</span> <span class='ocrx_word' id='word_1_99' title='bbox 1266 1526 1338 1612; x_wconf 88' lang='lat' dir='ltr'>qnia</span> <span class='ocrx_word' id='word_1_100' title='bbox 1359 1544 1422 1611; x_wconf 83' lang='lat' dir='ltr'>prce</span> <span class='ocrx_word' id='word_1_101' title='bbox 1505 1572 1507 1579; x_wconf 86' lang='lat'>-</span> 
     </span>
     <span class='ocr_line' id='line_1_16' title="bbox 190 1625 1426 1714; baseline -0.002 -23"><span class='ocrx_word' id='word_1_102' title='bbox 190 1629 298 1691; x_wconf 88' lang='lat' dir='ltr'>stante</span> <span class='ocrx_word' id='word_1_103' title='bbox 313 1625 451 1690; x_wconf 91' lang='lat' dir='ltr'>Domino</span> <span class='ocrx_word' id='word_1_104' title='bbox 473 1629 584 1690; x_wconf 91' lang='lat' dir='ltr'>nestro</span> <span class='ocrx_word' id='word_1_105' title='bbox 606 1627 682 1690; x_wconf 88' lang='lat' dir='ltr'>data</span> <span class='ocrx_word' id='word_1_106' title='bbox 704 1631 753 1691; x_wconf 89' lang='lat' dir='ltr'>est</span> <span class='ocrx_word' id='word_1_107' title='bbox 767 1627 905 1692; x_wconf 88' lang='lat' dir='ltr'>facultas</span> <span class='ocrx_word' id='word_1_108' title='bbox 921 1628 1069 1713; x_wconf 90' lang='lat' dir='ltr'>alloquio,</span> <span class='ocrx_word' id='word_1_109' title='bbox 1093 1650 1240 1714; x_wconf 88' lang='lat' dir='ltr'>congrua</span> <span class='ocrx_word' id='word_1_110' title='bbox 1255 1628 1426 1694; x_wconf 86' lang='lat' dir='ltr'>veneratione</span> 
     </span>
     <span class='ocr_line' id='line_1_17' title="bbox 190 1727 1429 1816; baseline 0.004 -24"><span class='ocrx_word' id='word_1_111' title='bbox 190 1727 289 1793; x_wconf 88' lang='lat' dir='ltr'>debiti</span> <span class='ocrx_word' id='word_1_112' title='bbox 322 1728 544 1812; x_wconf 87' lang='lat' dir='ltr'>praebebimus</span> <span class='ocrx_word' id='word_1_113' title='bbox 577 1729 732 1793; x_wconf 91' lang='lat' dir='ltr'>sermonis</span> <span class='ocrx_word' id='word_1_114' title='bbox 765 1729 882 1794; x_wconf 89' lang='lat' dir='ltr'>officia.</span> <span class='ocrx_word' id='word_1_115' title='bbox 933 1730 1018 1795; x_wconf 91' lang='lat' dir='ltr'>Data</span> <span class='ocrx_word' id='word_1_116' title='bbox 1050 1731 1153 1815; x_wconf 88' lang='lat' dir='ltr'>pridie</span> <span class='ocrx_word' id='word_1_117' title='bbox 1186 1730 1299 1796; x_wconf 87' lang='lat' dir='ltr'>Nonas</span> <span class='ocrx_word' id='word_1_118' title='bbox 1326 1729 1429 1816; x_wconf 68' lang='lat' dir='ltr'>Aprilis</span> 
     </span>
     <span class='ocr_line' id='line_1_18' title="bbox 189 1830 1137 1918; baseline 0.002 -24"><span class='ocrx_word' id='word_1_119' title='bbox 189 1830 353 1895; x_wconf 80' lang='lat' dir='ltr'>Florentio</span> <span class='ocrx_word' id='word_1_120' title='bbox 373 1830 442 1894; x_wconf 86' lang='lat' dir='ltr'>viro</span> <span class='ocrx_word' id='word_1_121' title='bbox 465 1830 641 1895; x_wconf 88' lang='lat' dir='ltr'>clarissimo</span> <span class='ocrx_word' id='word_1_122' title='bbox 664 1831 802 1896; x_wconf 88' lang='lat' dir='ltr'>consule.</span> <span class='ocrx_word' id='word_1_123' title='bbox 847 1831 939 1918; x_wconf 81' lang='lat' dir='ltr'>Per³)</span> <span class='ocrx_word' id='word_1_124' title='bbox 960 1836 1137 1899; x_wconf 82' lang='lat' dir='ltr'>Patricium.</span> 
     </span>
    </p>
   </div>
   <div class='ocr_carea' id='block_1_5' title="bbox 697 2017 938 2121">
    <p class='ocr_par' dir='ltr' id='par_1_6' title="bbox 697 2017 938 2121">
     <span class='ocr_line' id='line_1_19' title="bbox 697 2017 938 2121; baseline 0.008 -20"><span class='ocrx_word' id='word_1_125' title='bbox 697 2017 879 2121; x_wconf 79' lang='lat' dir='ltr'>Epistola</span> <span class='ocrx_word' id='word_1_126' title='bbox 905 2019 938 2103; x_wconf 89' lang='lat'>5.</span> 
     </span>
    </p>
   </div>
   <div class='ocr_carea' id='block_1_6' title="bbox 190 2170 1453 2260">
    <p class='ocr_par' dir='ltr' id='par_1_7' title="bbox 190 2170 1453 2260">
     <span class='ocr_line' id='line_1_20' title="bbox 190 2170 1453 2260; baseline 0.006 -22"><span class='ocrx_word' id='word_1_127' title='bbox 190 2171 401 2238; x_wconf 87' lang='lat' dir='ltr'>Hormisdae</span> <span class='ocrx_word' id='word_1_128' title='bbox 425 2187 535 2253; x_wconf 88' lang='lat' dir='ltr'>papae</span> <span class='ocrx_word' id='word_1_129' title='bbox 557 2170 600 2235; x_wconf 89' lang='lat' dir='ltr'>ad</span> <span class='ocrx_word' id='word_1_130' title='bbox 624 2171 847 2240; x_wconf 82' lang='lat' dir='ltr'>Berotheum</span> <span class='ocrx_word' id='word_1_131' title='bbox 869 2172 1219 2241; x_wconf 82' lang='lat' dir='ltr'>Thessalonicensem</span> <span class='ocrx_word' id='word_1_132' title='bbox 1244 2175 1453 2260; x_wconf 84' lang='lat' dir='ltr'>episcopum.</span> 
     </span>
    </p>
   </div>
   <div class='ocr_carea' id='block_1_7' title="bbox 220 2311 1433 2547">
    <p class='ocr_par' dir='ltr' id='par_1_8' title="bbox 220 2311 1433 2547">
     <span class='ocr_line' id='line_1_21' title="bbox 221 2311 1431 2376; baseline 0.007 -16"><span class='ocrx_word' id='word_1_133' title='bbox 221 2312 330 2360; x_wconf 77' lang='lat' dir='ltr'>Litteris</span> <span class='ocrx_word' id='word_1_134' title='bbox 347 2311 472 2361; x_wconf 74' lang='lat' dir='ltr'>Dorothei</span> <span class='ocrx_word' id='word_1_135' title='bbox 489 2327 562 2376; x_wconf 79' lang='lat' dir='ltr'>quam</span> <span class='ocrx_word' id='word_1_136' title='bbox 579 2311 800 2374; x_wconf 69' lang='lat' dir='ltr'>deprehendisset,</span> <span class='ocrx_word' id='word_1_137' title='bbox 825 2327 879 2361; x_wconf 72' lang='lat' dir='ltr'>aen</span> <span class='ocrx_word' id='word_1_138' title='bbox 900 2313 937 2361; x_wconf 87' lang='lat' dir='ltr'>ita</span> <span class='ocrx_word' id='word_1_139' title='bbox 958 2314 1032 2376; x_wconf 74' lang='lat' dir='ltr'>pacit</span> <span class='ocrx_word' id='word_1_140' title='bbox 1050 2328 1106 2363; x_wconf 75' lang='lat' dir='ltr'>esee</span> <span class='ocrx_word' id='word_1_141' title='bbox 1123 2313 1279 2373; x_wconf 75' lang='lat' dir='ltr'>studiosam,</span> <span class='ocrx_word' id='word_1_142' title='bbox 1303 2325 1333 2366; x_wconf 78' lang='lat' dir='ltr'>et</span> <span class='ocrx_word' id='word_1_143' title='bbox 1351 2325 1431 2369; x_wconf 70' lang='lat' dir='ltr'>tuen</span> 
     </span>
     <span class='ocr_line' id='line_1_22' title="bbox 220 2396 1433 2455; baseline 0.006 -9"><span class='ocrx_word' id='word_1_144' title='bbox 220 2396 332 2446; x_wconf 64' lang='lat' dir='ltr'>amane</span> <span class='ocrx_word' id='word_1_145' title='bbox 350 2397 432 2446; x_wconf 85' lang='lat' dir='ltr'>adhuc</span> <span class='ocrx_word' id='word_1_146' title='bbox 448 2396 589 2445; x_wconf 78' lang='lat' dir='ltr'>rationibus</span> <span class='ocrx_word' id='word_1_147' title='bbox 606 2397 749 2453; x_wconf 84' lang='lat' dir='ltr'>duceretur,</span> <span class='ocrx_word' id='word_1_148' title='bbox 768 2413 821 2447; x_wconf 85' lang='lat' dir='ltr'>eum</span> <span class='ocrx_word' id='word_1_149' title='bbox 839 2397 966 2453; x_wconf 82' lang='lat' dir='ltr'>hortatur,</span> <span class='ocrx_word' id='word_1_150' title='bbox 984 2404 1012 2447; x_wconf 85' lang='lat' dir='ltr'>ut</span> <span class='ocrx_word' id='word_1_151' title='bbox 1029 2400 1095 2448; x_wconf 82' lang='lat' dir='ltr'>omni</span> <span class='ocrx_word' id='word_1_152' title='bbox 1111 2399 1201 2448; x_wconf 76' lang='lat' dir='ltr'>timore</span> <span class='ocrx_word' id='word_1_153' title='bbox 1219 2415 1254 2449; x_wconf 83' lang='lat' dir='ltr'>ce</span> <span class='ocrx_word' id='word_1_154' title='bbox 1266 2417 1335 2451; x_wconf 79' lang='lat' dir='ltr'>nano</span> <span class='ocrx_word' id='word_1_155' title='bbox 1346 2405 1433 2455; x_wconf 70' lang='lat' dir='ltr'>stadio</span> 
     </span>
     <span class='ocr_line' id='line_1_23' title="bbox 475 2481 1165 2547; baseline 0.007 -17"><span class='ocrx_word' id='word_1_156' title='bbox 475 2481 577 2544; x_wconf 80' lang='lat' dir='ltr'>objecto</span> <span class='ocrx_word' id='word_1_157' title='bbox 595 2483 687 2532; x_wconf 82' lang='lat' dir='ltr'>avitam</span> <span class='ocrx_word' id='word_1_158' title='bbox 701 2483 777 2545; x_wconf 75' lang='lat' dir='ltr'>ptem</span> <span class='ocrx_word' id='word_1_159' title='bbox 794 2483 917 2547; x_wconf 75' lang='lat' dir='ltr'>integram</span> <span class='ocrx_word' id='word_1_160' title='bbox 933 2497 1038 2534; x_wconf 85' lang='lat' dir='ltr'>eernere</span> <span class='ocrx_word' id='word_1_161' title='bbox 1055 2482 1165 2535; x_wconf 83' lang='lat' dir='ltr'>laboret.</span> 
     </span>
    </p>
   </div>
   <div class='ocr_carea' id='block_1_8' title="bbox 338 2613 1469 2707">
    <p class='ocr_par' dir='ltr' id='par_1_9' title="bbox 338 2613 1469 2707">
     <span class='ocr_line' id='line_1_24' title="bbox 338 2613 1469 2707; baseline 0.01 -30"><span class='ocrx_word' id='word_1_162' title='bbox 338 2613 614 2679; x_wconf 87' lang='lat' dir='ltr'>Dilectissimo</span> <span class='ocrx_word' id='word_1_163' title='bbox 636 2613 761 2678; x_wconf 87' lang='lat' dir='ltr'>fratri</span> <span class='ocrx_word' id='word_1_164' title='bbox 777 2614 976 2680; x_wconf 88' lang='lat' dir='ltr'>Dorothec</span> <span class='ocrx_word' id='word_1_165' title='bbox 999 2615 1187 2700; x_wconf 89' lang='lat' dir='ltr'>episcopo</span> <span class='ocrx_word' id='word_1_166' title='bbox 1208 2614 1469 2707; x_wconf 90' lang='lat' dir='ltr'>Hormisda¹)</span> 
     </span>
    </p>
   </div>
   <div class='ocr_carea' id='block_1_9' title="bbox 183 2737 1472 3637">
    <p class='ocr_par' dir='ltr' id='par_1_10' title="bbox 431 2737 652 2800">
     <span class='ocr_line' id='line_1_25' title="bbox 431 2737 652 2800; baseline -0.005 -19"><span class='ocrx_word' id='word_1_167' title='bbox 431 2737 652 2800; x_wconf 82' lang='lat' dir='ltr'>episcopus.</span> 
     </span>
    </p>

    <p class='ocr_par' dir='ltr' id='par_1_11' title="bbox 183 2835 1472 3637">
     <span class='ocr_line' id='line_1_26' title="bbox 273 2835 1471 2927; baseline 0.009 -27"><span class='ocrx_word' id='word_1_168' title='bbox 273 2838 301 2900; x_wconf 89' lang='lat'>1.</span> <span class='ocrx_word' id='word_1_169' title='bbox 336 2835 400 2900; x_wconf 93' lang='lat' dir='ltr'>Ubi</span> <span class='ocrx_word' id='word_1_170' title='bbox 423 2836 567 2900; x_wconf 88' lang='lat' dir='ltr'>caritatis</span> <span class='ocrx_word' id='word_1_171' title='bbox 590 2836 725 2900; x_wconf 90' lang='lat' dir='ltr'>interest</span> <span class='ocrx_word' id='word_1_172' title='bbox 746 2857 872 2901; x_wconf 68' lang='lat' dir='ltr'>serrare</span> <span class='ocrx_word' id='word_1_173' title='bbox 894 2840 1077 2922; x_wconf 86' lang='lat' dir='ltr'>praecepta,</span> <span class='ocrx_word' id='word_1_174' title='bbox 1101 2836 1232 2903; x_wconf 89' lang='lat' dir='ltr'>etiamsi</span> <span class='ocrx_word' id='word_1_175' title='bbox 1257 2839 1389 2927; x_wconf 90' lang='lat' dir='ltr'>aliquid</span> <span class='ocrx_word' id='word_1_176' title='bbox 1408 2845 1471 2910; x_wconf 83' lang='lat' dir='ltr'>tale</span> 
     </span>
     <span class='ocr_line' id='line_1_27' title="bbox 186 2937 1471 3032; baseline 0.006 -27"><span class='ocrx_word' id='word_1_177' title='bbox 186 2937 314 3005; x_wconf 86' lang='lat' dir='ltr'>eveniat</span> <span class='ocrx_word' id='word_1_178' title='bbox 336 2937 419 3022; x_wconf 90' lang='lat' dir='ltr'>quod</span> <span class='ocrx_word' id='word_1_179' title='bbox 436 2937 606 3020; x_wconf 88' lang='lat' dir='ltr'>cujuslibet</span> <span class='ocrx_word' id='word_1_180' title='bbox 622 2938 723 3021; x_wconf 91' lang='lat' dir='ltr'>possit</span> <span class='ocrx_word' id='word_1_181' title='bbox 739 2939 862 3004; x_wconf 91' lang='lat' dir='ltr'>animos</span> <span class='ocrx_word' id='word_1_182' title='bbox 878 2961 1085 3023; x_wconf 89' lang='lat' dir='ltr'>commovere,</span> <span class='ocrx_word' id='word_1_183' title='bbox 1108 2943 1222 3006; x_wconf 86' lang='lat' dir='ltr'>tamen</span> <span class='ocrx_word' id='word_1_184' title='bbox 1241 2946 1282 3007; x_wconf 86' lang='lat' dir='ltr'>nt</span> <span class='ocrx_word' id='word_1_185' title='bbox 1297 2966 1340 3010; x_wconf 90' lang='lat' dir='ltr'>ea</span> <span class='ocrx_word' id='word_1_186' title='bbox 1355 2948 1471 3032; x_wconf 60' lang='grc' dir='ltr'>(μεθ’)</span> 
     </span>
     <span class='ocr_line' id='line_1_28' title="bbox 186 3038 1472 3134; baseline 0.008 -28"><span class='ocrx_word' id='word_1_187' title='bbox 186 3041 373 3107; x_wconf 86' lang='lat' dir='ltr'>concordiae</span> <span class='ocrx_word' id='word_1_188' title='bbox 404 3038 651 3104; x_wconf 86' lang='lat' dir='ltr'>conversatione</span> <span class='ocrx_word' id='word_1_189' title='bbox 688 3041 903 3123; x_wconf 84' lang='lat' dir='ltr'>praediximus</span> <span class='ocrx_word' id='word_1_190' title='bbox 943 3042 1081 3106; x_wconf 86' lang='lat' dir='ltr'>debeant</span> <span class='ocrx_word' id='word_1_191' title='bbox 1116 3042 1294 3129; x_wconf 87' lang='lat' dir='ltr'>custodiri,</span> <span class='ocrx_word' id='word_1_192' title='bbox 1343 3054 1472 3134; x_wconf 84' lang='lat' dir='ltr'>opertet</span> 
     </span>
     <span class='ocr_line' id='line_1_29' title="bbox 186 3142 1471 3237; baseline 0.006 -28"><span class='ocrx_word' id='word_1_193' title='bbox 186 3143 418 3228; x_wconf 88' lang='lat' dir='ltr'>aequanimiter</span> <span class='ocrx_word' id='word_1_194' title='bbox 440 3142 670 3226; x_wconf 86' lang='lat' dir='ltr'>praetermitti,</span> <span class='ocrx_word' id='word_1_195' title='bbox 700 3143 774 3226; x_wconf 88' lang='lat' dir='ltr'>quia</span> <span class='ocrx_word' id='word_1_196' title='bbox 802 3145 911 3228; x_wconf 91' lang='lat' dir='ltr'>utique</span> <span class='ocrx_word' id='word_1_197' title='bbox 940 3144 967 3208; x_wconf 94' lang='lat' dir='ltr'>si</span> <span class='ocrx_word' id='word_1_198' title='bbox 990 3143 1065 3228; x_wconf 92' lang='lat' dir='ltr'>qnid</span> <span class='ocrx_word' id='word_1_199' title='bbox 1087 3145 1283 3229; x_wconf 88' lang='lat' dir='ltr'>ignorantia</span> <span class='ocrx_word' id='word_1_200' title='bbox 1305 3149 1379 3216; x_wconf 79' lang='lat' dir='ltr'>tale</span> <span class='ocrx_word' id='word_1_201' title='bbox 1402 3175 1471 3237; x_wconf 81' lang='lat' dir='ltr'>pro</span> 
     </span>
     <span class='ocr_line' id='line_1_30' title="bbox 185 3244 1471 3358; baseline 0.009 -49"><span class='ocrx_word' id='word_1_202' title='bbox 185 3246 304 3328; x_wconf 81' lang='lat' dir='ltr'>veniat,</span> <span class='ocrx_word' id='word_1_203' title='bbox 329 3244 568 3309; x_wconf 89' lang='lat' dir='ltr'>excusationem</span> <span class='ocrx_word' id='word_1_204' title='bbox 591 3247 696 3358; x_wconf 78' lang='lat' dir='ltr'>potest</span> <span class='ocrx_word' id='word_1_205' title='bbox 711 3245 773 3308; x_wconf 91' lang='lat' dir='ltr'>de</span> <span class='ocrx_word' id='word_1_206' title='bbox 764 3267 835 3329; x_wconf 91' lang='lat' dir='ltr'>1psa</span> <span class='ocrx_word' id='word_1_207' title='bbox 850 3245 1055 3330; x_wconf 88' lang='lat' dir='ltr'>simplicitate</span> <span class='ocrx_word' id='word_1_208' title='bbox 1071 3246 1227 3331; x_wconf 90' lang='lat' dir='ltr'>recipere.</span> <span class='ocrx_word' id='word_1_209' title='bbox 1261 3248 1370 3317; x_wconf 88' lang='lat' dir='ltr'>Suam</span> <span class='ocrx_word' id='word_1_210' title='bbox 1386 3253 1471 3320; x_wconf 87' lang='lat' dir='ltr'>Deus</span> 
     </span>
     <span class='ocr_line' id='line_1_31' title="bbox 183 3346 1471 3436; baseline 0.009 -25"><span class='ocrx_word' id='word_1_211' title='bbox 183 3351 292 3411; x_wconf 88' lang='lat' dir='ltr'>noster</span> <span class='ocrx_word' id='word_1_212' title='bbox 319 3346 497 3411; x_wconf 80' lang='lat' dir='ltr'>Ecclesiam</span> <span class='ocrx_word' id='word_1_213' title='bbox 527 3346 657 3430; x_wconf 89' lang='lat' dir='ltr'>propria</span> <span class='ocrx_word' id='word_1_214' title='bbox 685 3346 886 3411; x_wconf 90' lang='lat' dir='ltr'>ordinatione</span> <span class='ocrx_word' id='word_1_215' title='bbox 915 3347 1096 3431; x_wconf 88' lang='lat' dir='ltr'>constituit,</span> <span class='ocrx_word' id='word_1_216' title='bbox 1130 3350 1200 3433; x_wconf 89' lang='lat' dir='ltr'>et)</span> <span class='ocrx_word' id='word_1_217' title='bbox 1230 3352 1321 3436; x_wconf 90' lang='lat' dir='ltr'>quod</span> <span class='ocrx_word' id='word_1_218' title='bbox 1353 3355 1471 3423; x_wconf 79' lang='lat' dir='ltr'>divinis</span> 
     </span>
     <span class='ocr_line' id='line_1_32' title="bbox 183 3447 1470 3542; baseline 0.009 -30"><span class='ocrx_word' id='word_1_219' title='bbox 183 3449 363 3534; x_wconf 88' lang='lat' dir='ltr'>praeceptis</span> <span class='ocrx_word' id='word_1_220' title='bbox 390 3447 534 3512; x_wconf 88' lang='lat' dir='ltr'>noscitur</span> <span class='ocrx_word' id='word_1_221' title='bbox 561 3468 629 3511; x_wconf 88' lang='lat' dir='ltr'>esse</span> <span class='ocrx_word' id='word_1_222' title='bbox 662 3447 867 3532; x_wconf 84' lang='lat' dir='ltr'>dispositum,</span> <span class='ocrx_word' id='word_1_223' title='bbox 906 3448 1010 3514; x_wconf 89' lang='lat' dir='ltr'>nullat</span> <span class='ocrx_word' id='word_1_224' title='bbox 996 3455 1089 3515; x_wconf 89' lang='lat' dir='ltr'>tenus</span> <span class='ocrx_word' id='word_1_225' title='bbox 1120 3453 1246 3535; x_wconf 89' lang='lat' dir='ltr'>peterit</span> <span class='ocrx_word' id='word_1_226' title='bbox 1279 3459 1470 3542; x_wconf 86' lang='lat' dir='ltr'>praeteriri,</span> 
     </span>
     <span class='ocr_line' id='line_1_33' title="bbox 185 3549 1470 3637; baseline 0.01 -22"><span class='ocrx_word' id='word_1_227' title='bbox 185 3551 275 3634; x_wconf 89' lang='lat' dir='ltr'>cujus</span> <span class='ocrx_word' id='word_1_228' title='bbox 297 3551 447 3615; x_wconf 91' lang='lat' dir='ltr'>notitiam</span> <span class='ocrx_word' id='word_1_229' title='bbox 469 3549 518 3613; x_wconf 87' lang='lat' dir='ltr'>vel</span> <span class='ocrx_word' id='word_1_230' title='bbox 541 3549 709 3614; x_wconf 88' lang='lat' dir='ltr'>scientiam</span> <span class='ocrx_word' id='word_1_231' title='bbox 724 3553 757 3614; x_wconf 90' lang='lat' dir='ltr'>te</span> <span class='ocrx_word' id='word_1_232' title='bbox 772 3573 838 3615; x_wconf 91' lang='lat' dir='ltr'>non</span> <span class='ocrx_word' id='word_1_233' title='bbox 854 3551 1004 3615; x_wconf 81' lang='lat' dir='ltr'>convenit</span> <span class='ocrx_word' id='word_1_234' title='bbox 1010 3552 1069 3628; x_wconf 82' lang='grc'>4’)</span> <span class='ocrx_word' id='word_1_235' title='bbox 1060 3573 1224 3637; x_wconf 83' lang='lat' dir='ltr'>ignorare.</span> <span class='ocrx_word' id='word_1_236' title='bbox 1255 3555 1301 3622; x_wconf 92' lang='lat' dir='ltr'>In</span> <span class='ocrx_word' id='word_1_237' title='bbox 1317 3558 1470 3627; x_wconf 82' lang='lat' dir='ltr'>faciendo</span> 
     </span>
    </p>
   </div>
   <div class='ocr_carea' id='block_1_10' title="bbox 179 3803 1472 4980">
    <p class='ocr_par' dir='ltr' id='par_1_12' title="bbox 182 3803 1471 4033">
     <span class='ocr_line' id='line_1_34' title="bbox 250 3803 1471 3879; baseline 0.013 -22"><span class='ocrx_word' id='word_1_238' title='bbox 250 3808 271 3874; x_wconf 82' lang='lat'>²)</span> <span class='ocrx_word' id='word_1_239' title='bbox 290 3805 333 3858; x_wconf 88' lang='lat' dir='ltr'>Ita</span> <span class='ocrx_word' id='word_1_240' title='bbox 352 3805 385 3858; x_wconf 83' lang='lat' dir='ltr'>G&#39;</span> <span class='ocrx_word' id='word_1_241' title='bbox 400 3806 435 3859; x_wconf 86' lang='lat' dir='ltr'>a¹.</span> <span class='ocrx_word' id='word_1_242' title='bbox 472 3804 539 3858; x_wconf 88' lang='lat' dir='ltr'>boc</span> <span class='ocrx_word' id='word_1_243' title='bbox 557 3803 741 3858; x_wconf 83' lang='lat' dir='ltr'>emendarunt</span> <span class='ocrx_word' id='word_1_244' title='bbox 757 3808 801 3859; x_wconf 82' lang='lat' dir='ltr'>sut</span> <span class='ocrx_word' id='word_1_245' title='bbox 820 3812 1024 3871; x_wconf 68' lang='lat' dir='ltr'>commanere,</span> <span class='ocrx_word' id='word_1_246' title='bbox 1047 3806 1076 3860; x_wconf 87' lang='lat' dir='ltr'>et</span> <span class='ocrx_word' id='word_1_247' title='bbox 1093 3807 1238 3863; x_wconf 83' lang='lat' dir='ltr'>consentit</span> <span class='ocrx_word' id='word_1_248' title='bbox 1255 3813 1342 3879; x_wconf 88' lang='lat' dir='ltr'>quod</span> <span class='ocrx_word' id='word_1_249' title='bbox 1360 3815 1400 3871; x_wconf 75' lang='lat' dir='ltr'>sd</span> <span class='ocrx_word' id='word_1_250' title='bbox 1416 3816 1471 3871; x_wconf 70' lang='lat' dir='ltr'>enl-</span> 
     </span>
     <span class='ocr_line' id='line_1_35' title="bbox 183 3888 1469 3961; baseline 0.002 -15"><span class='ocrx_word' id='word_1_251' title='bbox 183 3909 244 3946; x_wconf 88' lang='lat' dir='ltr'>cem</span> <span class='ocrx_word' id='word_1_252' title='bbox 262 3890 396 3959; x_wconf 86' lang='lat' dir='ltr'>epistolae</span> <span class='ocrx_word' id='word_1_253' title='bbox 415 3889 555 3958; x_wconf 85' lang='lat' dir='ltr'>sequentis</span> <span class='ocrx_word' id='word_1_254' title='bbox 572 3888 730 3958; x_wconf 85' lang='lat' dir='ltr'>subjicitur:</span> <span class='ocrx_word' id='word_1_255' title='bbox 753 3893 800 3944; x_wconf 85' lang='lat' dir='ltr'>hee</span> <span class='ocrx_word' id='word_1_256' title='bbox 822 3897 890 3960; x_wconf 83' lang='lat' dir='ltr'>quod</span> <span class='ocrx_word' id='word_1_257' title='bbox 907 3911 923 3944; x_wconf 86' lang='lat' dir='ltr'>a</span> <span class='ocrx_word' id='word_1_258' title='bbox 938 3894 1055 3960; x_wconf 80' lang='lat' dir='ltr'>patritus</span> <span class='ocrx_word' id='word_1_259' title='bbox 1073 3896 1168 3946; x_wconf 69' lang='lat' dir='ltr'>noenia</span> <span class='ocrx_word' id='word_1_260' title='bbox 1187 3902 1348 3961; x_wconf 71' lang='lat' dir='ltr'>eeeepem</span> <span class='ocrx_word' id='word_1_261' title='bbox 1365 3920 1469 3958; x_wconf 63' lang='grc' dir='ltr'>«Μ.</span> 
     </span>
     <span class='ocr_line' id='line_1_36' title="bbox 182 3989 278 4033; baseline 0.031 -3"><span class='ocrx_word' id='word_1_262' title='bbox 182 3989 278 4033; x_wconf 83' lang='lat' dir='ltr'>euntes.</span> 
     </span>
    </p>

    <p class='ocr_par' dir='ltr' id='par_1_13' title="bbox 181 4058 1472 4384">
     <span class='ocr_line' id='line_1_37' title="bbox 251 4058 1139 4129; baseline 0.002 -16"><span class='ocrx_word' id='word_1_263' title='bbox 251 4064 271 4129; x_wconf 86' lang='lat'>³)</span> <span class='ocrx_word' id='word_1_264' title='bbox 289 4060 333 4114; x_wconf 88' lang='lat' dir='ltr'>Ita</span> <span class='ocrx_word' id='word_1_265' title='bbox 352 4058 386 4114; x_wconf 87' lang='lat' dir='ltr'>G¹</span> <span class='ocrx_word' id='word_1_266' title='bbox 406 4058 521 4128; x_wconf 88' lang='lat' dir='ltr'>antiqua</span> <span class='ocrx_word' id='word_1_267' title='bbox 538 4075 622 4113; x_wconf 87' lang='lat' dir='ltr'>manu</span> <span class='ocrx_word' id='word_1_268' title='bbox 641 4059 677 4114; x_wconf 91' lang='lat' dir='ltr'>ad</span> <span class='ocrx_word' id='word_1_269' title='bbox 694 4076 782 4128; x_wconf 85' lang='lat' dir='ltr'>marg.</span> <span class='ocrx_word' id='word_1_270' title='bbox 802 4060 893 4125; x_wconf 87' lang='lat' dir='ltr'>addit;</span> <span class='ocrx_word' id='word_1_271' title='bbox 912 4060 980 4116; x_wconf 90' lang='lat' dir='ltr'>editi</span> <span class='ocrx_word' id='word_1_272' title='bbox 998 4060 1139 4115; x_wconf 83' lang='lat' dir='ltr'>omittunt</span> 
     </span>
     <span class='ocr_line' id='line_1_38' title="bbox 198 4143 1472 4225; baseline 0.005 -26"><span class='ocrx_word' id='word_1_273' title='bbox 198 4150 214 4199; x_wconf 83' lang='lat'>5</span> <span class='ocrx_word' id='word_1_274' title='bbox 252 4147 269 4211; x_wconf 88' lang='lat'>¹)</span> <span class='ocrx_word' id='word_1_275' title='bbox 288 4145 451 4214; x_wconf 85' lang='lat' dir='ltr'>Respondet</span> <span class='ocrx_word' id='word_1_276' title='bbox 468 4143 602 4214; x_wconf 85' lang='lat' dir='ltr'>epistolae</span> <span class='ocrx_word' id='word_1_277' title='bbox 621 4152 650 4212; x_wconf 84' lang='lat'>3,</span> <span class='ocrx_word' id='word_1_278' title='bbox 673 4162 757 4213; x_wconf 88' lang='lat' dir='ltr'>qnam</span> <span class='ocrx_word' id='word_1_279' title='bbox 779 4145 811 4198; x_wconf 90' lang='lat' dir='ltr'>ut</span> <span class='ocrx_word' id='word_1_280' title='bbox 833 4144 949 4200; x_wconf 88' lang='lat' dir='ltr'>miserat</span> <span class='ocrx_word' id='word_1_281' title='bbox 965 4145 1122 4201; x_wconf 84' lang='lat' dir='ltr'>Dorotheus</span> <span class='ocrx_word' id='word_1_282' title='bbox 1143 4163 1296 4207; x_wconf 82' lang='lat' dir='ltr'>unacum</span> <span class='ocrx_word' id='word_1_283' title='bbox 1315 4154 1472 4225; x_wconf 58' lang='lat' dir='ltr'>epistola!</span> 
     </span>
     <span class='ocr_line' id='line_1_39' title="bbox 181 4228 1472 4301; baseline 0.007 -18"><span class='ocrx_word' id='word_1_284' title='bbox 181 4229 369 4299; x_wconf 88' lang='lat' dir='ltr'>imperatoris,</span> <span class='ocrx_word' id='word_1_285' title='bbox 387 4228 429 4284; x_wconf 88' lang='lat' dir='ltr'>ita</span> <span class='ocrx_word' id='word_1_286' title='bbox 447 4228 738 4300; x_wconf 87' lang='lat' dir='ltr'>eteodemtempore‚</span> <span class='ocrx_word' id='word_1_287' title='bbox 757 4245 811 4297; x_wconf 88' lang='lat' dir='ltr'>quc</span> <span class='ocrx_word' id='word_1_288' title='bbox 830 4228 995 4300; x_wconf 85' lang='lat' dir='ltr'>imperator,</span> <span class='ocrx_word' id='word_1_289' title='bbox 1013 4230 1229 4301; x_wconf 87' lang='lat' dir='ltr'>responsionem</span> <span class='ocrx_word' id='word_1_290' title='bbox 1246 4238 1371 4301; x_wconf 72' lang='lat' dir='ltr'>merent</span> <span class='ocrx_word' id='word_1_291' title='bbox 1399 4241 1472 4298; x_wconf 68' lang='lat' dir='ltr'>Data</span> 
     </span>
     <span class='ocr_line' id='line_1_40' title="bbox 182 4312 689 4384; baseline 0 -17"><span class='ocrx_word' id='word_1_292' title='bbox 182 4315 268 4384; x_wconf 90' lang='lat' dir='ltr'>igitur</span> <span class='ocrx_word' id='word_1_293' title='bbox 285 4313 382 4367; x_wconf 87' lang='lat' dir='ltr'>fuitd.</span> <span class='ocrx_word' id='word_1_294' title='bbox 402 4320 426 4367; x_wconf 86' lang='lat'>4</span> <span class='ocrx_word' id='word_1_295' title='bbox 445 4312 549 4383; x_wconf 85' lang='lat' dir='ltr'>Aprilis</span> <span class='ocrx_word' id='word_1_296' title='bbox 567 4330 611 4367; x_wconf 88' lang='lat' dir='ltr'>an</span> <span class='ocrx_word' id='word_1_297' title='bbox 631 4318 689 4368; x_wconf 91' lang='grc'><strong>515.</strong></span> 
     </span>
    </p>

    <p class='ocr_par' dir='ltr' id='par_1_14' title="bbox 180 4399 1471 4725">
     <span class='ocr_line' id='line_1_41' title="bbox 247 4399 1471 4485; baseline 0.013 -33.158"><span class='ocrx_word' id='word_1_298' title='bbox 247 4399 376 4467; x_wconf 81' lang='lat' dir='ltr'>&gt;Magis</span> <span class='ocrx_word' id='word_1_299' title='bbox 398 4399 523 4468; x_wconf 86' lang='lat' dir='ltr'>placeret</span> <span class='ocrx_word' id='word_1_300' title='bbox 544 4418 609 4468; x_wconf 82' lang='lat' dir='ltr'>quae</span> <span class='ocrx_word' id='word_1_301' title='bbox 628 4404 660 4453; x_wconf 89' lang='lat' dir='ltr'>de</span> <span class='ocrx_word' id='word_1_302' title='bbox 678 4404 831 4453; x_wconf 82' lang='lat' dir='ltr'>concordiae</span> <span class='ocrx_word' id='word_1_303' title='bbox 854 4406 1053 4455; x_wconf 71' lang='lat' dir='ltr'>commotione.</span> <span class='ocrx_word' id='word_1_304' title='bbox 1081 4400 1146 4456; x_wconf 80' lang='lat' dir='ltr'>Mox</span> <span class='ocrx_word' id='word_1_305' title='bbox 1164 4407 1237 4473; x_wconf 80' lang='lat' dir='ltr'>post</span> <span class='ocrx_word' id='word_1_306' title='bbox 1248 4422 1367 4477; x_wconf 75' lang='lat' dir='ltr'>oportet</span> <span class='ocrx_word' id='word_1_307' title='bbox 1378 4432 1471 4485; x_wconf 69' lang='lat' dir='ltr'>sequ·</span> 
     </span>
     <span class='ocr_line' id='line_1_42' title="bbox 181 4483 1471 4565; baseline 0.009 -29"><span class='ocrx_word' id='word_1_308' title='bbox 181 4489 279 4537; x_wconf 82' lang='lat' dir='ltr'>nirtiter</span> <span class='ocrx_word' id='word_1_309' title='bbox 299 4489 481 4551; x_wconf 82' lang='lat' dir='ltr'>praetermitti,</span> <span class='ocrx_word' id='word_1_310' title='bbox 510 4483 688 4552; x_wconf 82' lang='lat' dir='ltr'>subintellige</span> <span class='ocrx_word' id='word_1_311' title='bbox 710 4492 852 4553; x_wconf 78' lang='lat' dir='ltr'>scrupulum</span> <span class='ocrx_word' id='word_1_312' title='bbox 877 4491 957 4547; x_wconf 76' lang='lat' dir='ltr'>ilhen,</span> <span class='ocrx_word' id='word_1_313' title='bbox 986 4503 1041 4555; x_wconf 87' lang='lat' dir='ltr'>quo</span> <span class='ocrx_word' id='word_1_314' title='bbox 1067 4484 1184 4543; x_wconf 66' lang='lat' dir='ltr'>emeret</span> <span class='ocrx_word' id='word_1_315' title='bbox 1208 4488 1342 4565; x_wconf 64' lang='lat' dir='ltr'>clicerius</span> <span class='ocrx_word' id='word_1_316' title='bbox 1364 4496 1471 4553; x_wconf 73' lang='lat' dir='ltr'>uinea</span> 
     </span>
     <span class='ocr_line' id='line_1_43' title="bbox 181 4568 1471 4647; baseline 0.011 -26"><span class='ocrx_word' id='word_1_317' title='bbox 181 4584 362 4623; x_wconf 87' lang='lat' dir='ltr'>commovere.</span> <span class='ocrx_word' id='word_1_318' title='bbox 393 4571 500 4637; x_wconf 82' lang='lat' dir='ltr'>Oportet</span> <span class='ocrx_word' id='word_1_319' title='bbox 518 4568 604 4635; x_wconf 90' lang='lat' dir='ltr'>enim,</span> <span class='ocrx_word' id='word_1_320' title='bbox 622 4570 653 4623; x_wconf 90' lang='lat' dir='ltr'>ut</span> <span class='ocrx_word' id='word_1_321' title='bbox 670 4569 793 4638; x_wconf 87' lang='lat' dir='ltr'>apertius</span> <span class='ocrx_word' id='word_1_322' title='bbox 812 4568 891 4639; x_wconf 85' lang='lat' dir='ltr'>epist</span> <span class='ocrx_word' id='word_1_323' title='bbox 911 4577 971 4625; x_wconf 81' lang='lat' dir='ltr'>‘tn</span> <span class='ocrx_word' id='word_1_324' title='bbox 982 4577 998 4626; x_wconf 85' lang='lat'><strong>3</strong></span> <span class='ocrx_word' id='word_1_325' title='bbox 1016 4570 1090 4626; x_wconf 90' lang='lat' dir='ltr'>idem</span> <span class='ocrx_word' id='word_1_326' title='bbox 1107 4587 1188 4642; x_wconf 88' lang='lat' dir='ltr'>papa</span> <span class='ocrx_word' id='word_1_327' title='bbox 1207 4574 1315 4647; x_wconf 86' lang='lat' dir='ltr'>docet,</span> <span class='ocrx_word' id='word_1_328' title='bbox 1334 4586 1381 4637; x_wconf 75' lang='lat' dir='ltr'>ute·</span> <span class='ocrx_word' id='word_1_329' title='bbox 1395 4588 1471 4637; x_wconf 61' lang='lat' dir='ltr'>tare»</span> 
     </span>
     <span class='ocr_line' id='line_1_44' title="bbox 180 4659 1122 4725; baseline 0.003 -19"><span class='ocrx_word' id='word_1_330' title='bbox 180 4664 218 4706; x_wconf 85' lang='lat' dir='ltr'>est</span> <span class='ocrx_word' id='word_1_331' title='bbox 232 4659 307 4720; x_wconf 82' lang='lat' dir='ltr'>fidei,</span> <span class='ocrx_word' id='word_1_332' title='bbox 326 4659 448 4723; x_wconf 78' lang='lat' dir='ltr'>quidquid</span> <span class='ocrx_word' id='word_1_333' title='bbox 464 4661 500 4708; x_wconf 82' lang='lat' dir='ltr'>nd</span> <span class='ocrx_word' id='word_1_334' title='bbox 514 4659 623 4722; x_wconf 78' lang='lat' dir='ltr'>gretiam</span> <span class='ocrx_word' id='word_1_335' title='bbox 641 4659 717 4722; x_wconf 56' lang='lat' dir='ltr'>hidas</span> <span class='ocrx_word' id='word_1_336' title='bbox 733 4661 830 4709; x_wconf 82' lang='lat' dir='ltr'>saeculi</span> <span class='ocrx_word' id='word_1_337' title='bbox 846 4662 958 4723; x_wconf 86' lang='lat' dir='ltr'>pertinet</span> <span class='ocrx_word' id='word_1_338' title='bbox 975 4668 1122 4725; x_wconf 78' lang='lat' dir='ltr'>respuatur</span> 
     </span>
    </p>

    <p class='ocr_par' dir='ltr' id='par_1_15' title="bbox 179 4738 1470 4894">
     <span class='ocr_line' id='line_1_45' title="bbox 246 4738 1470 4837; baseline 0.007 -48.079"><span class='ocrx_word' id='word_1_339' title='bbox 246 4738 317 4804; x_wconf 78' lang='lat' dir='ltr'>⁸)ln</span> <span class='ocrx_word' id='word_1_340' title='bbox 339 4738 458 4807; x_wconf 84' lang='lat' dir='ltr'>vulgatis</span> <span class='ocrx_word' id='word_1_341' title='bbox 481 4751 507 4792; x_wconf 82' lang='lat' dir='ltr'>ur</span> <span class='ocrx_word' id='word_1_342' title='bbox 529 4744 608 4806; x_wconf 65' lang='lat' dir='ltr'>puoch</span> <span class='ocrx_word' id='word_1_343' title='bbox 631 4738 764 4793; x_wconf 86' lang='lat' dir='ltr'>orationis</span> <span class='ocrx_word' id='word_1_344' title='bbox 782 4738 866 4794; x_wconf 88' lang='lat' dir='ltr'>series</span> <span class='ocrx_word' id='word_1_345' title='bbox 888 4741 1011 4810; x_wconf 85' lang='lat' dir='ltr'>postulat</span> <span class='ocrx_word' id='word_1_346' title='bbox 1028 4753 1055 4795; x_wconf 83' lang='lat' dir='ltr'>et</span> <span class='ocrx_word' id='word_1_347' title='bbox 1075 4747 1152 4837; x_wconf 41' lang='lat' dir='ltr'>quod·</span> <span class='ocrx_word' id='word_1_348' title='bbox 1191 4743 1232 4802; x_wconf 83' lang='lat' dir='ltr'>Et</span> <span class='ocrx_word' id='word_1_349' title='bbox 1249 4746 1398 4821; x_wconf 62' lang='lat' dir='ltr'>frequen.</span> <span class='ocrx_word' id='word_1_350' title='bbox 1414 4750 1470 4822; x_wconf 67' lang='lat' dir='ltr'>qm·-</span> 
     </span>
     <span class='ocr_line' id='line_1_46' title="bbox 179 4820 1220 4894; baseline 0.01 -21"><span class='ocrx_word' id='word_1_351' title='bbox 179 4820 268 4874; x_wconf 87' lang='lat' dir='ltr'>dem&#39;</span> <span class='ocrx_word' id='word_1_352' title='bbox 261 4839 289 4874; x_wconf 88' lang='lat' dir='ltr'>rn</span> <span class='ocrx_word' id='word_1_353' title='bbox 307 4822 447 4876; x_wconf 86' lang='lat' dir='ltr'>veteribus</span> <span class='ocrx_word' id='word_1_354' title='bbox 465 4822 543 4877; x_wconf 90' lang='lat' dir='ltr'>libris</span> <span class='ocrx_word' id='word_1_355' title='bbox 560 4823 678 4878; x_wconf 90' lang='lat' dir='ltr'>mutatio</span> <span class='ocrx_word' id='word_1_356' title='bbox 696 4823 850 4894; x_wconf 86' lang='lat' dir='ltr'>particulae</span> <span class='ocrx_word' id='word_1_357' title='bbox 869 4836 894 4880; x_wconf 86' lang='lat' dir='ltr'>et</span> <span class='ocrx_word' id='word_1_358' title='bbox 911 4824 940 4879; x_wconf 91' lang='lat' dir='ltr'>in</span> <span class='ocrx_word' id='word_1_359' title='bbox 957 4838 996 4890; x_wconf 84' lang='lat' dir='ltr'>ut,</span> <span class='ocrx_word' id='word_1_360' title='bbox 1015 4827 1044 4881; x_wconf 89' lang='lat' dir='ltr'>et</span> <span class='ocrx_word' id='word_1_361' title='bbox 1059 4824 1220 4884; x_wconf 79' lang='lat' dir='ltr'>vicissim.¹</span> 
     </span>
    </p>

    <p class='ocr_par' dir='ltr' id='par_1_16' title="bbox 246 4906 999 4980">
     <span class='ocr_line' id='line_1_47' title="bbox 246 4906 999 4980; baseline 0.016 -21.194"><span class='ocrx_word' id='word_1_362' title='bbox 246 4907 266 4972; x_wconf 91' lang='grc'>4)</span> <span class='ocrx_word' id='word_1_363' title='bbox 286 4906 320 4959; x_wconf 83' lang='lat' dir='ltr'>G¹</span> <span class='ocrx_word' id='word_1_364' title='bbox 334 4909 359 4961; x_wconf 74' lang='lat' dir='ltr'>a*</span> <span class='ocrx_word' id='word_1_365' title='bbox 379 4914 703 4976; x_wconf 76' lang='lat' dir='ltr'>copnovtr..1audeetur</span> <span class='ocrx_word' id='word_1_366' title='bbox 721 4909 765 4978; x_wconf 83' lang='lat' dir='ltr'>(G¹</span> <span class='ocrx_word' id='word_1_367' title='bbox 786 4914 935 4980; x_wconf 71' lang='lat' dir='ltr'>tendantur)</span> <span class='ocrx_word' id='word_1_368' title='bbox 996 4966 999 4971; x_wconf 79' lang='grc'>,</span> 
     </span>
    </p>
   </div>
   <div class='ocr_carea' id='block_1_11' title="bbox 0 0 1606 5506">
    <p class='ocr_par' dir='ltr' id='par_1_17' title="bbox 0 0 1606 5506">
     <span class='ocr_line' id='line_1_48' title="bbox 0 0 1606 5506; baseline 0 1"><span class='ocrx_word' id='word_1_369' title='bbox 0 0 1606 5506; x_wconf 95' lang='lat' dir='ltr'> </span> 
     </span>
    </p>
   </div>
  </div>
 </body>
</html>
