3204 5506
232 319 293 384 142
714 335 741 384 s.
758 334 881 383 niuniu
904 334 1019 382 sarna

122 513 147 551 a.
156 500 217 551 462.
229 489 350 567 Quibus
373 490 459 554 enim
466 538 474 571 ,
505 490 588 553 sicut
610 489 707 552 etiam
735 511 790 553 vos
812 489 972 573 probatis,
1007 488 1163 574 factum³)
1192 490 1322 553 constat
1348 487 1514 574 exemplis

230 596 263 657 et
283 615 346 678 qua
369 614 434 656 non
462 591 686 676 objurgatione
713 591 937 675 dignissimum
965 595 1024 675 est,
1052 591 1136 675 quod
1163 595 1351 656 sanctorum
1375 594 1513 676 patrum

230 694 365 759 decretis
388 697 421 758 et
447 694 526 779 ipsis
555 697 715 779 repugnat
745 715 903 758 canonum
929 694 1102 778 institutis,
1133 716 1226 778 quum
1249 694 1322 759 ideo
1344 715 1382 758 se
1407 692 1515 761 frater

225 797 294 880 jam
323 800 355 861 et
384 797 588 881 coepiscopus
619 800 727 860 noster
755 794 891 859 Hermes
919 818 938 859 a
969 794 1174 860 Narbonensi
1203 796 1338 861 ecclesia
1369 795 1514 862 credidit

224 900 297 983 jure
319 900 448 983 suscipi,
472 899 547 984 quia
568 898 701 983 indigne
724 920 743 961 a
766 896 1015 981 Biterrensibus‚
1039 898 1153 983 quibus
1175 898 1341 963 ordinatus
1367 901 1433 983 est,
1465 898 1513 963 di-

230 1003 324 1066 cebat
352 1000 503 1067 excludi?
547 1001 608 1076 Qui
636 1001 663 1063 si
691 1022 763 1064 vere
791 999 852 1064 hoc
882 1001 917 1064 in
947 1023 980 1065 sc
1007 1000 1130 1065 factum
1158 999 1278 1065 doleret
1300 1003 1333 1064 et
1357 980 1513 1085 leuitimo

229 1103 369 1168 remedio
391 1103 558 1167 subvenire
574 1102 721 1187 propriae
744 1103 869 1167 sciisset
890 1103 1037 1186 injuriae,
1063 1101 1239 1167 vindictam
1260 1103 1369 1188 magis
1394 1102 1513 1167 debuit

228 1228 357 1291 sperare
379 1205 537 1291 perpessis
560 1227 655 1290 quam
678 1205 805 1270 veniam
826 1205 1029 1289 perpetratis.
1067 1204 1214 1290 Denique
1235 1206 1262 1270 si
1282 1226 1374 1270 nuuc
1390 1204 1511 1269 saltem

230 1309 389 1372 communi
422 1309 564 1372 omnium
591 1306 721 1371 Domini
755 1307 957 1372 sacerdorum
990 1310 1098 1371 utatur
1133 1307 1256 1390 animo,
1294 1307 1322 1371 si
1358 1306 1512 1372 imitetur

231 1410 420 1495 exemplum,
444 1410 471 1475 si
494 1409 644 1493 adhaec,
668 1432 749 1494 quae
772 1410 1012 1474 ecclesiasticae·
1029 1409 1145 1493 quietis
1166 1408 1445 1493 contemplatione
1462 1412 1512 1474 ut·

232 1534 355 1597 cunque
382 1512 487 1597 sopita
514 1514 613 1595 sunt„
635 1511 735 1576 oculis
763 1513 873 1576 cordis·
893 1511 1057 1595 intendat,
1088 1516 1121 1576 et
1142 1534 1200 1596 pro
1221 1511 1320 1576 totius
1335 1511 1511 1577 Ecclesiae

230 1636 309 1699 pace
342 1613 391 1678 vel
418 1614 479 1678 fide
507 1636 587 1699 quae
616 1618 692 1678 sunt
714 1613 935 1699 multiplieiter
962 1614 1085 1701 rata⁴)‚
1124 1614 1318 1679 consideret:
1349 1613 1437 1678 nihil
1461 1618 1512 1679 est

231 1716 385 1801 profecto,
415 1717 498 1801 quod
520 1740 585 1781 non
607 1717 705 1781 etiam
727 1718 795 1801 ipse
824 1715 1037 1801 reprehendat
1060 1720 1093 1780 et
1115 1717 1283 1782 erubescat
1304 1715 1369 1780 sibi
1392 1716 1509 1799 annui,

230 1819 314 1903 quod
337 1819 371 1882 in
400 1819 500 1883 altero
528 1818 731 1883 lumlabiliter
759 1818 956 1903 improbarit.
1003 1816 1127 1882 Scimus
1156 1818 1241 1883 enim
1264 1821 1297 1883 et
1315 1816 1447 1902 jamdiu
1470 1818 1511 1883 de

231 1921 398 1985 memorati
420 1921 531 1986 fratris
554 1920 795 1987 conversatione
817 1919 899 1984 nihil
913 1919 1068 1984 habemus
1084 1920 1279 2006 ambiguum,
1302 1942 1405 2005 quum
1416 1925 1511 1986 ante-

230 2027 322 2088 actae
349 2024 434 2088 vitae
452 2024 556 2108 ipsius
579 2046 705 2089 cursum
728 2027 760 2087 ct
782 2026 866 2086 retro
889 2044 983 2087 omne
1010 2022 1241 2109 propositum)
1269 2027 1383 2087 nostro
1405 2024 1510 2088 revol-

230 2129 342 2190 ventes
357 2127 475 2210 animo,
500 2127 557 2190 hos
572 2126 672 2209 illum,
697 2148 775 2211 quos
797 2126 831 2189 in
852 2147 888 2189 eo
904 2125 1077 2210 arguimus
1101 2125 1273 2189 incurrisse
1288 2125 1399 2210 potius
1410 2147 1511 2214 quam

229 2226 343 2292 fecisse
366 2229 570 2293 aestimamus
593 2250 749 2293 excessus.

314 2331 345 2394 2.
384 2331 432 2395 De
454 2330 568 2415 quibus
592 2331 794 2414 praesidente
815 2330 964 2394 .fratrum
986 2351 1154 2395 numeroso
1177 2329 1313 2395 concilio
1339 2333 1440 2396 etex
1464 2330 1511 2395 di·

231 2435 330 2497 versis
358 2433 531 2516 provinciis
564 2432 604 2496 ad
633 2431 717 2496 diem
743 2433 862 2496 natalis
889 2434 992 2498 nostri
1020 2433 1090 2518 in⁶)
1116 2432 1271 2498 honorem
1298 2431 1390 2497 beati
1417 2431 1511 2499 Petri

300 2707 320 2773 ³)
339 2705 372 2758 L³
385 2709 413 2759 ιι1
429 2710 522 2772 sactis,
541 2703 616 2773 quod
628 2702 751 2759 retinens
762 2703 897 2758 Batonius
917 2723 979 2759 cum
996 2705 1176 2775 praecedenti
1187 2703 1273 2760 verbo
1284 2709 1406 2775 protasis
1425 2722 1512 2779 copu-

231 2789 279 2844 lat.
316 2789 422 2845 Deinde
442 2793 470 2844 a'
489 2809 610 2844 canonum
633 2795 782 2844 constiteris.
822 2788 851 2842 Si
874 2790 1017 2858 quaeritur
1039 2789 1197 2860 exemplum
1218 2788 1356 2861 episcopi,
1388 2791 1440 2861 qui
1462 2792 1510 2847 uni

231 2874 363 2930 eeclesiae
385 2874 528 2929 ordinatus
551 2874 587 2928 ab
609 2891 697 2942 caque
719 2875 839 2944 rejectus
861 2875 1041 2945 postmodum
1064 2875 1222 2945 praelectus
1248 2873 1332 2929 alteri
1356 2875 1424 2943 fuit,
1452 2895 1511 2932 non

231 2977 317 3013 unum
334 2976 400 3015 sane
412 2961 612 3030 praecesserat.
633 2959 714 3013 'Nota
725 2966 789 3013 sunt
801 2959 955 3029 eademque
968 2959 1088 3029 insignia
1099 2958 1242 3028 Perigenis
1260 2960 1290 3014 et
1302 2959 1397 3015 Procli
1414 2977 1511 3017 axem·

220 3044 286 3114 -pla,
304 3047 336 3098 ut
353 3046 409 3100 aha
426 3045 563 3113 omittam,
581 3045 776 3116 plerorumque
795 3045 997 3114 episcoporum,
1020 3060 1139 3114 quorum
1157 3043 1355 3100 translationes
1374 3044 1511 3102 Socrates

231 3129 290 3197 Vll,
304 3137 336 3185 36
354 3132 488 3197 recenset,
507 3148 631 3200 quosque
650 3130 790 3198 conjectat
802 3128 996 3183 Tillemontius
1014 3129 1077 3184 ideo
1096 3129 1176 3184 sedes
1193 3130 1317 3184 mutasse
1336 3146 1411 3196 suns,
1430 3130 1510 3200 quod

231 3215 369 3287 episcopis
390 3215 442 3270 sibi
464 3217 623 3286 subrogatis
646 3213 744 3269 cedere
771 3212 860 3268 coacti
882 3213 945 3268 sint.
992 3214 1023 3267 ld
1045 3230 1111 3268 vero
1133 3215 1194 3268 tum
1220 3214 1342 3269 maxime
1369 3214 1511 3271 accidisse

232 3302 333 3368 censet
351 3318 436 3368 quum
454 3300 676 3355 communionem
695 3317 773 3354 suam
789 3298 964 3354 Innocentius
983 3315 1017 3354 ea
1034 3298 1193 3354 conditione
1210 3297 1304 3353 Attico
1321 3298 1459 3368 restituit,
1478 3302 1511 3356 ut

231 3384 259 3438 iu
283 3403 376 3440 sacras
397 3386 508 3440 tabulas
530 3385 664 3440 Johannis
686 3401 786 3439 nomen
814 3385 970 3438 referretur.
1012 3384 1090 3438 'I'unc
1118 3384 1192 3439 enim
1218 3384 1250 3438 ut
1273 3399 1341 3439 suae
1365 3384 1511 3457 episeopis

231 3472 347 3539 propter
363 3470 520 3525 iohannem
538 3470 657 3539 expulsis
676 3469 802 3524 redditae
821 3468 963 3535 ecclesiae,
981 3467 1139 3535 tantillis,
1159 3467 1207 3538 qui
1218 3467 1308 3523 ineas
1319 3467 1509 3539 irrepserant„

232 3554 407 3622 quaerendae
425 3554 496 3609 aliae
513 3555 633 3609 fuenmt.
664 3554 818 3624 Propterea
836 3571 902 3609 sane
914 3554 1035 3609 Hermen
1047 3553 1159 3608 Hilarus
1176 3553 1205 3607 in
1221 3552 1400 3625 Narbonensi
1419 3555 1509 3611 eccle·

232 3637 412 3707 dereliquit,
430 3655 482 3694 nec
499 3641 594 3694 tamen
611 3639 669 3692 sine
687 3638 788 3693 idonea
806 3638 980 3710 correptione
998 3657 1031 3694 ac
1042 3655 1142 3710 poena,
1160 3655 1195 3693 ne
1214 3637 1276 3708 quis
1293 3637 1411 3694 daretur
1428 3639 1510 3696 locus

232 3722 422 3792 perfringendi
439 3726 483 3780 tot
500 3725 651 3779 constituta
669 3726 698 3779 et
714 3725 798 3780 toties
816 3724 937 3796 repetita
954 3724 1076 3790 decreta,
1099 3722 1200 3793 quibus
1218 3721 1356 3779 avaritiae
1374 3726 1405 3778 et
1422 3723 1511 3781 licen·

232 3807 289 3861 tiae
307 3809 386 3861 frena
402 3807 517 3878 injicere
534 3808 629 3878 patres
647 3809 739 3864 conati
757 3815 833 3874 nmt3
852 3810 886 3864 cl.
899 3809 959 3864 Nic.
979 3807 1201 3876 c.15,Antioch.
1221 3823 1243 3861 c.
1257 3813 1298 3873 21,
1322 3805 1433 3863 Sardio
1454 3828 1480 3865 c
1495 3818 1508 3865 1

232 3893 262 3946 et
275 3898 299 3946 2.
332 3893 482 3949 Praeterea
499 3909 550 3948 nec
568 3893 650 3964 culpa
669 3911 767 3949 vacare
779 3895 901 3949 Hermen
919 3894 1009 3962 docet,
1027 3893 1075 3963 qui
1093 3894 1166 3948 hanc
1184 3891 1238 3948 sibi
1248 3891 1358 3948 illatam
1370 3891 1511 3964 injuriam

232 3977 408 4048 expostulare
426 3996 488 4032 cum
506 3977 710 4034 Biterrensibus
727 3979 897 4049 neglexerat,
916 3996 1001 4048 quum
1018 3979 1122 4033 liceret.

299 4064 321 4131 ⁴)
340 4064 366 4117 cl
379 4066 404 4117 ci
416 4065 454 4118 0¹⁰
471 4075 572 4127 mata,
595 4063 778 4119 renitentibus
799 4081 865 4118 mss.
902 4063 957 4118 Sed
980 4065 1009 4119 et
1030 4063 1168 4119 sententia
1184 4061 1273 4116 Hilari
1294 4074 1357 4116 rara
1378 4065 1511 4134 postulat

232 4147 259 4202 h.
273 4164 296 4203 e.
317 4148 479 4214 constituta,
502 4166 573 4218 quae
592 4149 703 4219 quidem
724 4148 788 4204 ideo
806 4149 836 4203 in
853 4149 1016 4204 memoriam
1034 4150 1159 4215 revocat,
1185 4150 1218 4202 ut
1234 4147 1278 4201 rel
1295 4146 1362 4203 inde
1380 4147 1511 4206 Hermen

232 4233 322 4301 egisse
339 4233 384 4288 vel
401 4233 514 4304 petiisse
531 4234 645 4305 pudeat,
663 4251 735 4304 quae
752 4236 813 4288 tam
830 4233 933 4288 sanctis
951 4233 1071 4288 decretis
1089 4234 1278 4289 adversentur.
1394 4257 1402 4265 ·

173 4359 186 4369 ,
299 4320 321 4387 ⁶)
339 4318 383 4373 Ita
400 4320 496 4390 rr'dc⁶
513 4319 550 4374 ad
567 4336 670 4388 marg.;
688 4318 748 4373 L⁴b
759 4320 785 4373 0⁵
803 4330 875 4374 retro
887 4325 1062 4387 antepositum,
1080 4319 1158 4374 L³e¹¹
1178 4328 1249 4373 retro
1260 4329 1321 4373 ante
1330 4312 1510 4389 proposita-,⁴

233 4400 278 4457 Sic
295 4402 407 4457 Hilarus
424 4403 547 4459 Hermen
564 4404 666 4474 arguit,
685 4404 716 4457 ut
732 4403 825 4474 ipsum
843 4403 925 4458 simul
943 4407 1063 4459 excuset.

299 4490 320 4556 ο)
339 4486 399 4553 Quo
417 4488 522 4543 scilicet
539 4488 684 4543 ordinatus
702 4492 752 4544 est.
775 4489 856 4545 Unde
873 4488 964 4543 denuo
982 4490 1136 4556 firmantur,
1154 4505 1225 4558 quae
1243 4487 1278 4544 de
1296 4488 1510 4562 sollemniepi-

233 4587 380 4642 scoporum
398 4573 525 4628 adhunc
542 4573 615 4628 diem
633 4591 767 4629 concursu
783 4576 812 4628 in
829 4574 910 4644 Xysti
923 4574 962 4627 ΙΙΙ
980 4574 1155 4645 epistolamt
1173 4572 1354 4628 Constantius
1371 4575 1513 4633 observa·

234 4657 280 4712 vit.
309 4656 444 4723 Quocirca
460 4658 566 4712 nullum
579 4661 623 4714 est
634 4658 758 4725 dubium,
776 4659 843 4727 quin
854 4675 1032 4714 numerosum
1044 4659 1198 4726 concilium,
1215 4658 1251 4715 de
1263 4674 1320 4729 quo
1331 4659 1379 4714 hic
1389 4659 1510 4718 Hiram

233 4742 364 4811 loquitur,
382 4742 427 4798 die
444 4743 508 4797 XIX
525 4743 691 4799 Novembris
709 4746 881 4800 celebratum
899 4745 943 4812 sit,
966 4746 1031 4800 licet
1052 4745 1122 4800 haec
1139 4743 1267 4815 epistola,
1290 4760 1348 4813 qua
1364 4744 1443 4802 illius
1461 4747 1511 4804 de·

234 4831 311 4882 creta
328 4828 356 4881 in
376 4828 481 4883 Gallias
499 4829 597 4895 mittit,
625 4828 669 4884 die
687 4830 725 4883 Ill
743 4830 904 4886 Decembris
926 4831 1112 4899 consignetur.
1149 4829 1190 4883 lbi
1211 4828 1316 4899 quippe
1338 4847 1397 4886 non
1421 4832 1512 4901 diem,

234 4930 289 4983 quo
307 4915 420 4970 decreta
438 4914 545 4968 sarrcita
562 4916 626 4967 sunt
649 4914 698 4968 scd
716 4932 770 4983 quo
795 4917 894 4984 legatis
913 4916 1067 4971 Galliarum
1089 4913 1269 4970 redeuntibus
1290 4915 1415 4985 tradita,
1436 4918 1511 4975 indi-
