3204 5506
582 354 777 406 emsronan
800 345 829 403 5.
855 346 884 403 6.
1034 402 1039 410 ,
1309 342 1369 407 187

75 513 140 577 nisi
162 510 255 596 quod
278 511 375 575 tanti
398 509 650 575 consideratione
665 509 810 574 miraculi
827 511 1030 575 clamandum
1046 515 1095 576 est
1110 535 1180 576 cum
1195 512 1477 596 prophetatam.

78 621 168 679 Haec
191 626 240 679 esi
255 620 395 679 metatio
412 619 557 678 dexterae
572 617 703 690 Excelsi,
728 635 809 697 quae
825 614 1005 679 exaltantes
1021 615 1207 698 semetipsos
1222 618 1372 699 potenter
1383 628 1426 681 Pe.
1434 632 1520 694 ⁷6,11.

78 716 236 780 humiliat
266 719 304 779 et
332 714 541 780 humiliantes
570 735 603 779 se
632 715 806 780 clementer
831 716 976 781 exaltat?
1024 716 1519 800 InquibnsetiamsiLue.1‚5a.

10 860 12 869 ·
78 817 347 902 dispensationis
369 837 528 902 supernae
549 818 697 902 sagacius
712 839 861 882 mensura
877 818 1020 901 libretur,
1044 819 1189 902 profecto
1204 818 1369 883 evidenter

77 924 242 1005 apparet,
279 919 356 984 ideo
383 917 574 1004 perfidorum
606 919 771 1004 irrepsisse
793 920 980 1004 perniciem,
1010 926 1045 984 ut
1072 920 1151 984 fides
1180 919 1367 986 elementiae

10 1042 13 1097 ζ
77 1026 154 1087 inae
178 1026 218 1086 et
240 1022 334 1087 inter
356 1021 489 1087 adversa
510 1021 710 1108 probaretur,
734 1026 916 1108 quantoque
938 1023 1042 1108 magis
1064 1023 1158 1086 rebus
1179 1023 1287 1106 urgeri
1303 1044 1368 1086 cre-

75 1123 216 1189 deretur
239 1123 386 1207 infestis,
408 1126 502 1188 tanto
524 1123 641 1188 clarius
662 1128 769 1189 vestra
784 1125 1037 1209 magnanimitas
1053 1124 1250 1207 immineret,
1273 1127 1368 1208 atquc

74 1226 116 1291 ob
144 1225 216 1291 hoc
245 1225 508 1290 mansuetudinis
540 1228 666 1290 vestrae
698 1225 737 1290 de
765 1226 1125 1310 (bastantinopolitana
1152 1227 1230 1290 urbe
1258 1247 1368 1310 prove·

71 1329 164 1392 nisse
188 1327 424 1414 discessum'2),
456 1331 493 1392 ut
513 1328 734 1392 universorum
761 1327 926 1392 desideriis
955 1329 1088 1412 expetiti
1116 1328 1220 1413 gloria
1246 1328 1368 1411 majore

69 1429 252 1514 rediretis,
289 1434 324 1495 et
348 1452 388 1494 ex
415 1431 647 1495 contrariorum
674 1430 841 1515 perieulis,
871 1429 946 1514 quid
969 1431 1004 1494 in
1026 1430 1115 1495 vobis
1138 1433 1222 1494 esset
1245 1429 1368 1494 cunctis

67 1533 162 1617 utile,
191 1533 443 1620 noscerent:
470 1531 645 1597 Davidieae
667 1533 819 1597 nimirum
841 1531 926 1595 illius
948 1532 1077 1596 virtiitis
1092 1532 1282 1618 exempla),
1306 1554 1369 1615 qua

10 1682 12 1693 .
64 1622 246 1722 singulari
279 1633 440 1718 patientia
469 1633 584 1699 cedens
612 1634 776 1718 paululum
803 1635 963 1699 furoribus
991 1633 1182 1717 parricidae,
1216 1633 1368 1698 continuo

60 1738 179 1805 victor
213 1759 260 1802 ac
290 1737 481 1821 populorum
509 1736 657 1820 precibus
684 1736 872 1820 imploratus
900 1736 1133 1823 praestantiore
1161 1736 1294 1820 lastigie
1320 1739 1369 1801 est

58 1862 231 1907 reversus
254 1838 298 1903 in
320 1859 467 1924 regnum.

152 1943 194 2008 2.
242 1941 386 2006 Laetare
407 1942 517 2027 igitur,
541 1941 734 2006 venerabilis
756 1941 941 2026 imperator,
966 1963 1018 2005 eos
1041 1941 1139 2005 fuisse
1161 1944 1233 2005 tuos
1248 1941 1367 2025 hostes,

55 2046 117 2132 qni
135 2044 360 2110 exstiterunt
369 2042 557 2107 Divinitatis
573 2042 696 2107 inimici
704 2044 741 2129 ⁵),
763 2048 858 2128 teque
865 2044 891 2127 ⁶)
907 2043 1011 2128 gaude
1033 2065 1104 2108 cum
1119 2043 1265 2108 Ecclesia
1279 2042 1368 2106 labo·

54 2170 159 2213 rasse
188 2148 229 2211 et
248 2167 329 2211 cum
344 2144 417 2210 fidei
432 2145 609 2210 catholicae
623 2145 772 2210 libertate
788 2146 924 2231 imperio
938 2146 1131 2211 restitutum.
1161 2144 1268 2229 Atque
1284 2147 1319 2208 nt
1333 2144 1367 2208 in

52 2250 234 2316 omnibus
267 2246 387 2312 doceas
414 2269 543 2312 causam
570 2247 631 2312 tibi
660 2270 731 2312 cum
758 2248 827 2312 Deo
863 2271 931 2312 esse
961 2270 1176 2330 communem,
1212 2247 1280 2331 ejus
1308 2268 1368 2330 ope

53 2353 220 2417 viriliter
255 2348 364 2415 fretus
385 2348 512 2414 insiste:
540 2352 577 2414 ut
599 2371 770 2435 perquem
797 2350 941 2435 publicos
964 2350 1167 2414 incubatores
1180 2349 1206 2435 ⁷)
1229 2349 1367 2435 subegit,

52 2545 208 2611 publicam
228 2542 309 2591 Deua
326 2526 435 2590 mirabili
451 2542 623 2591 consolatione
642 2542 764 2598 visitarit,
781 2535 810 2589 in
829 2537 955 2605 sequenti
975 2536 1095 2607 epistola
1113 2536 1147 2591 de
1166 2536 1264 2591 eodem
1283 2536 1368 2591 Zeno-

54 2626 105 2681 nis
126 2623 244 2680 reditu
265 2619 368 2675 scribit
385 2619 550 2690 Simplicius.

82 2769 85 2773 b
132 2712 159 2776 ¹)
183 2707 255 2763 scil.
282 2722 369 2774 quum
390 2704 521 2760 Basilisco
542 2704 705 2761 imminente
728 2706 757 2760 in
779 2707 914 2763 Isauriam
941 2708 1073 2777 confugit.
1098 2738 1130 2747 -
1153 2707 1218 2762 Mox
1247 2707 1316 2761 editi
1341 2718 1366 2760 ee

55 2818 97 2850 et
188 2796 272 2863 quod
289 2798 326 2845 in.

134 2882 162 2947 ἴ)
185 2880 293 2933 Antea
310 2876 448 2930 Zenonem
471 2876 598 2930 omnibus
621 2883 696 2931 eamn
710 2885 863 2948 propinquis
880 2885 932 2932 sins
951 2879 986 2932 ob
1012 2879 1085 2933 vitae
1103 2877 1305 2947 turpitudinem
1327 2877 1369 2931 in-

58 2966 165 3020 risum
188 2956 727 3030 mimessvegriush.e'.111,atreait
764 2962 820 3017 Sed
837 2964 957 3032 populus
975 2962 1101 3018 Basilisci
1118 2962 1295 3031 tyrannidem
1313 2978 1369 3016 non

58 3054 170 3106 ferens
192 3036 227 3102 et
247 3045 336 3101 fidem
347 3045 376 3099 in
389 3063 526 3100 summum
538 3046 685 3102 discrimen
698 3047 798 3102 adduci
811 3048 982 3118 conspiciens
994 3048 1133 3102 Zenonem
1148 3047 1228 3101 facile
1242 3047 1366 3117 expetiit.

140 3134 166 3202 Ι)
190 3132 231 3187 G¹
254 3139 388 3200 corrupte
405 3137 523 3200 exempla
540 3153 605 3202 qliae
678 3138 799 3187 contineo
816 3139 897 3187 eicior
915 3145 943 3187 ni
960 3133 1015 3200 (vel
1032 3135 1069 3201 ei)
1143 3137 1259 3201 fastigia.
1294 3131 1369 3185 Editi

62 3224 219 3288 empta,
240 3236 296 3286 qee
370 3222 487 3271 contineo
510 3222 653 3277 victoriam.
677 3217 750 3272 undo
769 3221 797 3271 a³
815 3223 895 3272 eicior
907 3224 977 3285 jen.
1001 3234 1052 3272 nos
1071 3224 1152 3271 vietor
1170 3238 1201 3270 aa
1218 3218 1367 3271 mutamus.

142 3306 170 3371 ⁵)
193 3301 246 3355 Sic
265 3301 370 3355 mansit
390 3301 527 3372 appellari
542 3302 691 3357 Basiliscus
711 3303 746 3375 ob
769 3301 886 3371 impium
905 3303 1026 3357 edictum
1044 3303 1080 3357 ab
1098 3302 1219 3370 Evagrio
1238 3301 1265 3355 b.
1279 3319 1303 3355 a.
1322 3302 1369 3366 ΙΙΙ,

64 3399 84 3446 4
104 3390 278 3445 nmmum
302 3391 428 3454 quamvis
445 3403 508 3441 sera
526 3404 559 3441 ae
577 3389 649 3442 forte
672 3387 762 3441 minua
781 3387 888 3441 sincera
906 3391 980 3443 certe
999 3391 1097 3443 coacta
1113 3385 1297 3457 poenitentia,
1320 3387 1368 3441 ubi

66 3478 232 3531 Zenonem
259 3472 360 3527 contra
381 3487 411 3525 se
433 3488 468 3526 ex
485 3471 592 3527 Isauria
615 3490 677 3527 cum
696 3471 833 3542 expeditis
851 3473 938 3541 copiis
957 3473 1089 3528 advolare
1113 3472 1222 3538 didicit,
1245 3478 1271 3524 in
1289 3480 1368 3527 eecle-

67 3568 140 3616 sia
164 3562 317 3628 profecte
339 3563 470 3611 excusarit
491 3576 520 3610 se
543 3561 640 3612 Aeneia
663 3567 688 3611 ei
711 3565 780 3611 ciere
804 3577 835 3610 ae
857 3564 995 3618 recorrentis,
1072 3565 1125 3612 aiio
1144 3564 1227 3612 edicio
1240 3563 1369 3627 (atrapens

68 3668 120 3709 ea,
142 3663 221 3717 quae
240 3647 318 3711 priua
335 3647 514 3702 constitueret,
538 3643 569 3695 ut
587 3641 749 3722 Theodorus
768 3643 854 3697 lector
872 3643 898 3696 h.
913 3643 961 3697 cl
981 3643 1035 3709 (cil.
1049 3642 1139 3697 Vales.
1154 3660 1219 3712 pag.
1234 3648 1294 3709 557)
1307 3661 1368 3698 nar·

70 3734 132 3786 rat.
176 3727 298 3783 Novum
316 3724 383 3779 illud
401 3726 524 3780 edietum
540 3726 609 3781 item
627 3727 702 3797 apud
719 3726 871 3795 Bvagrium
889 3727 916 3780 h.
931 3744 953 3780 e.
967 3728 1018 3793 111,
1037 3734 1052 3781 ’1
1071 3729 1198 3783 refertur.

150 3817 178 3881 ⁸)
199 3812 250 3866 lta
268 3810 317 3876 (μς
335 3809 404 3865 editi
420 3822 497 3881 eique
512 3817 597 3880 gaude
672 3819 801 3881 imper-iem
874 3817 950 3879 erejes
968 3833 1025 3881 ape.

87 3904 96 3911 “’
150 3901 178 3966 ⁷)
199 3897 229 3950 h.
244 3912 271 3950 e.
290 3899 444 3965 reipublicae
456 3901 566 3964 injustos
578 3902 733 3954 detentores.
763 3897 802 3951 Ut
813 3896 888 3951 enim
899 3897 1069 3965 Augustinus
1082 3915 1200 3952 sermon.
1220 3905 1252 3952 50
1263 3899 1311 3965 (al.
1327 3902 1368 3967 lc)

74 3986 115 4041 de
135 3979 269 4038 diversis
286 3998 314 4035 n.
332 3984 349 4034 4
366 3979 497 4051 explieat:
516 3987 586 4052 qaod
602 3988 658 4051 qnia
670 3989 734 4051 jere
753 4003 803 4037 nan
820 3993 900 4045 tenet,
919 3988 942 4035 si
958 4003 1028 4035 eurem
1045 4003 1102 4037 esse
1120 3989 1231 4048 dicerit,
1251 4004 1300 4038 sien
1318 3990 1368 4037 erit

74 4091 134 4126 m
147 4073 227 4137 justi
243 4072 403 4134 penetrem
424 4072 473 4121 sed
492 4072 644 4136 impedentes
666 4072 821 4122 incubatoris
839 4071 996 4137 improbiter.
1031 4067 1108 4121 Idem
1126 4069 1207 4121 sonat
1224 4069 1241 4121 l.
1258 4075 1288 4122 15
1301 4068 1367 4123 Cod.

76 4152 200 4210 Tbeod
214 4150 255 4215 X,
275 4155 288 4203 l
307 4153 433 4206 incubatio
446 4157 579 4218 diutinam,
598 4152 655 4207 etl.
672 4158 684 4206 1
698 4152 752 4221 ejd.
767 4153 813 4218 IV,
828 4158 858 4208 18
876 4158 916 4207 rei
928 4156 1054 4206 incuberit
1066 4158 1174 4214 alienae,
1194 4152 1252 4206 etl.
1266 4158 1299 4206 20
1312 4152 1366 4220 ejd.

75 4239 165 4304 XVI,
189 4242 223 4291 io
237 4240 342 4302 [metes
359 4238 391 4288 ab
408 4240 597 4296 incuterentur
615 4245 760 4305 exigentur.
791 4238 831 4290 Εο
850 4239 943 4292 autem
961 4237 1072 4292 nomine
1084 4235 1246 4290 Basiliscum
1258 4235 1369 4306 imperii

76 4326 255 4379 invasorem
272 4319 415 4389 deagnari
432 4320 610 4376 manifestum
628 4323 679 4377 est.
716 4322 839 4392 Tyranni
856 4323 938 4392 hujus
956 4325 1086 4392 tempora
1101 4321 1250 4375 Hormisda
1267 4321 1296 4375 in
1313 4337 1368 4375 me-

78 4407 213 4465 moriam
235 4420 371 4461 revocans
392 4407 473 4477 epist.
493 4412 525 4462 32
543 4425 570 4461 n.
589 4413 605 4461 2
622 4413 804 4470 recordemini,
827 4408 929 4475 inquit,
948 4414 1085 4474 rarissimi,
1110 4428 1174 4476 qaae
1190 4412 1296 4474 [aeriani
1315 4412 1367 4462 Be-

76 4501 178 4550 eiusce
194 4497 340 4561 palatim
353 4495 448 4546 meten
459 4496 592 4547 incedente
610 4504 716 4548 tentata.
746 4494 810 4547 iam
822 4493 977 4548 audivimus
995 4492 1167 4562 Simplicium
1186 4492 1265 4562 epist.
1284 4501 1338 4546 311.
1353 4499 1368 4548 7

80 4578 259 4650 rogantem,
281 4578 315 4631 ut
330 4576 519 4633 alemanna
536 4578 652 4632 ecclesie
669 4584 837 4632 cruentissimi
857 4584 997 4647 praedonis
1015 4582 1174 4633 insectatione
1192 4578 1366 4633 liberaretur.

82 4664 183 4730 Quam
201 4677 319 4732 precem
336 4678 410 4717 nunc
425 4660 545 4728 iterans,
564 4665 595 4716 ut
612 4662 686 4717 Zeno
705 4667 839 4718 Ecclesiae
858 4670 970 4732 depellat
982 4673 1106 4731 tyrannos
1119 4663 1257 4717 obsecrat.
1286 4664 1368 4718 Utro<

81 4749 177 4818 bique
195 4745 274 4802 enim
291 4748 322 4802 et
337 4747 488 4817 praedonis
506 4748 535 4802 et
551 4747 664 4816 tyranm
679 4747 837 4804 nominibus
849 4749 977 4803 eumdem
991 4749 1167 4803 Timotheum
1180 4749 1312 4803 Aelurnm
1329 4749 1368 4802 in-

82 4834 175 4889 dicat
211 4831 257 4887 De
275 4832 377 4888 eodem
393 4832 450 4889 Lao
468 4832 548 4903 epist.
563 4838 612 4888 lae
623 4851 649 4888 n.
667 4839 692 4886 l:
717 4838 764 4888 Cui
781 4833 995 4901 (Alexandrinae
1014 4834 1157 4902 ecclesiae)
1176 4841 1276 4903 praedo
1295 4838 1366 4900 nesa-

82 4925 142 4975 riee
160 4920 312 4973 meetabet.
