3204 5506
544 362 742 411 PRAEFATIO
765 362 942 414 EDITORIS.
1317 366 1380 415 xlx

123 522 295 610 similiter,
325 525 441 616 atque
467 522 520 593 illi
545 522 616 594 viri
641 522 843 595 doctissimi
869 523 1021 595 innuere
1046 523 1234 612 videntur,
1263 525 1381 598 eidem

123 642 264 735 tempori
290 641 501 714 tribuenda.
548 639 646 712 Nam
664 640 920 715 characterum
932 640 1292 735 Langobardicorum
1311 643 1381 715 for·

122 785 174 831 ma
190 761 281 832 satis
298 761 490 833 saeculum
503 758 589 830 VlH
605 760 738 854 prodit.
766 759 847 855 Ipse
865 760 1021 853 scriptor
1038 760 1077 831 in
1094 759 1167 833 fine
1180 761 1381 855 primariae

120 880 331 952 collectionis
349 881 411 952 fol.
423 881 509 951 153a
526 882 629 971 (nam
646 875 805 952 f01.153¹¹
822 901 937 972 usque
956 879 1003 951 ad
1020 878 1132 952 finem
1145 880 1294 952 demum
1312 880 1380 951 im·

119 1003 263 1091 perante
275 998 459 1071 Ludovico
470 998 506 1068 Π
523 998 651 1071 addita
668 1001 770 1091 sunt)
797 1001 880 1092 post
893 996 1057 1091 capitula
1069 995 1236 1070 Silvestri
1253 998 1380 1071 eodem

118 1122 284 1190 mutextu
311 1120 349 1191 et
375 1118 505 1191 iisdem
535 1118 670 1191 litteris
703 1117 915 1211 majusculis
941 1118 997 1189 ita
1023 1116 1188 1210 patriam
1213 1120 1252 1190 et
1277 1120 1379 1189 aeta·

119 1245 188 1308 tem
213 1261 320 1309 suam
346 1241 472 1309 notat:
505 1235 666 1312 CHRISTO
685 1256 776 1311 amn
793 1254 963 1310 rnvuurs
981 1254 1207 1310 secessurus
1226 1255 1379 1309 oeneus

120 1375 269 1430 metopo
288 1376 359 1429 Pac
378 1376 514 1431 uxlouo
531 1376 583 1429 ΜΕ
597 1374 819 1440 cernendus
838 1372 1072 1429 sscnaoorus
1086 1373 1180 1427 olvrss
1194 1372 1379 1437 111000111-

120 1494 212 1558 QUAM
240 1494 420 1549 INMERITO
448 1494 577 1548 NOMEN
606 1493 823 1548 SACERDOTII
851 1492 984 1547 MlNIME
1012 1492 1199 1547 FUNGENTI
1229 1490 1378 1546 HONORE

120 1582 325 1658 SlCIPER'l'US
344 1604 568 1659 HUMILLIMUS
593 1583 741 1658 CHRISTI
765 1602 863 1658 HUNC
887 1601 1103 1657 OPUSCULUM
1125 1601 1243 1657 OPERE
1263 1602 1379 1658 EXPLI-

121 1721 193 1775 tsvi
212 1722 342 1776 nonme
354 1722 570 1778 Basrlssmo
584 1721 838 1777 Puteolanum
856 1721 953 1776 stum
971 1701 1188 1777 INGILRAMO.
1223 1701 1379 1775 RURSUM

119 1839 220 1894 MAGIS
241 1839 428 1905 MAGISQUE
450 1840 674 1896 LECTORIBUS
701 1841 829 1908 QUESO‚
857 1841 954 1906 QUOD
982 1841 1014 1895 SI
1040 1841 1113 1894 AUT
1136 1840 1185 1894 EX
1207 1839 1378 1894 SYLLABIS

119 1957 238 2012 sersus
256 1959 391 2024 amous
414 1959 646 2014 luvsuearrls
664 1960 796 2015 umine
817 1959 1049 2015 perennans
1067 1958 1286 2014 INSIPOENTIE
1303 1959 1378 2013 ΜΕΕ

118 2077 177 2131 SED
187 2078 286 2142 QUOD
295 2078 371 2132 VRA
383 2079 582 2133 HABUNDAT
595 2079 787 2134 SAPIENTIA
798 2079 926 2134 CORDIS
937 2078 1162 2133 SYLLOGISMO
1176 2077 1378 2132 AUFERATIS

119 2197 157 2249 su
174 2197 230 2250 eo.
253 2176 262 2274 lp
285 2176 342 2250 Ur
361 2198 460 2251 snus
477 2188 772 2252 oiruuuusalm
785 2179 910 2252 Manu
928 2199 974 2251 ar
993 2198 1102 2252 cunm
1120 2176 1252 2252 'laone
1270 2196 1378 2252 suum

120 2313 157 2367 eu
175 2315 284 2369 suari
302 2295 449 2370 JUSTINI
467 2317 505 2370 ΙΝ
517 2316 625 2371 cusos
645 2317 745 2371 sums
764 2317 862 2371 Hunc
880 2315 1091 2370 enarremus
1110 2316 1194 2371 FUIT
1213 2314 1379 2369 01111οΤ1-

120 2433 182 2495 oue
205 2434 281 2488 vnn
303 2434 523 2490 nataturus
544 2436 711 2490 Petaurus
730 2436 893 2491 coutens
918 2435 1132 2491 Paucupsou
1150 2435 1280 2491 ornan
1303 2434 1379 2490 SAL-

120 2550 360 2607 sulcaturum
378 2554 481 2608 evim
498 2534 605 2609 Auru.
652 2534 731 2619 (lua
758 2536 994 2630 inscriptione
1021 2558 1087 2630 pro
1104 2537 1244 2631 origine
1262 2536 1378 2608 nostri

122 2651 242 2724 codicis
274 2652 446 2725 dioecesis
485 2655 659 2727 Theotisca
698 2658 736 2728 et
775 2659 922 2749 tempus
962 2655 1119 2749 episcopi
1157 2658 1201 2726 ut
1233 2655 1380 2728 videtur

126 2769 300 2861 lnpdrumi
326 2771 545 2845 vindicatur.
599 2773 697 2846 Nam
723 2776 787 2867 qui
813 2774 872 2846 hic
898 2777 1153 2846 memorantur
1179 2776 1267 2846 leoli
1291 2775 1379 2846 Tho·

127 2911 188 2957 uus
212 2898 242 2960 et
269 2891 445 2978 tlustuns,
473 2894 516 2962 ut
543 2893 764 2966 amicissime
790 2917 849 2965 me
876 2893 1021 2965 monuit
1047 2894 1089 2966 cl.
1118 2892 1177 2964 Fr.
1197 2892 1376 2981 Maassen‚

126 3004 210 3077 illius
235 3008 349 3102 ipsius
375 3009 595 3083 cathedralis
623 3011 795 3084 ecclesiae
821 3012 968 3106 patroni
995 3016 1083 3083 sunt
1107 3013 1215 3102 (cont.
1234 3011 1380 3106 Ughelli

129 3124 198 3196 Ital.
214 3149 298 3199 mor.
325 3128 380 3200 ed.
399 3126 444 3201 Π.
472 3128 552 3202 Nic.
572 3128 684 3202 Colet.
707 3129 763 3218 VI,
782 3133 881 3221 671),
909 3131 1012 3224 cujus
1040 3131 1203 3223 ejusdem
1221 3130 1378 3224 episcopi

130 3242 176 3313 lu.
200 3246 352 3338 epistola
378 3247 540 3319 formata
566 3273 681 3320 manu
708 3273 801 3322 saec.
822 3249 854 3319 X
881 3250 920 3320 in
946 3250 1067 3344 prima
1090 3250 1227 3344 pagina
1247 3249 1378 3321 codicis

129 3367 334 3437 asservatur.
364 3348 477 3438 Aetas
491 3371 619 3439 tamen
633 3369 714 3461 ipsa
728 3369 836 3462 hujus
850 3368 1041 3464 Ingilrami
1058 3369 1196 3463 ignota,
1211 3371 1378 3441 tantum-

128 3501 188 3570 que
211 3506 349 3572 mone0‚
378 3484 479 3556 illum
508 3487 729 3581 episcopum,
757 3488 819 3580 qui
847 3488 1012 3560 indicta
1039 3488 1196 3584 epistola
1223 3492 1378 3580 irc-specu-

130 3597 203 3671 lator
231 3604 419 3676 theotinus
444 3604 594 3698 legitur,
630 3606 692 3677 vix
724 3607 839 3678 alirun
867 3631 890 3678 a
915 3611 1040 3679 nostro
1068 3609 1261 3699 Irrptlrmuo
1287 3629 1376 3696 esse,
1448 3665 1451 3672 .

131 3720 226 3810 atquc
238 3721 423 3794 immerito
436 3723 581 3796 litteras
602 3729 639 3795 iu
657 3748 681 3796 a
694 3723 901 3798 Balleriniis
921 3726 960 3795 in
973 3727 1022 3796 M
1035 3730 1214 3798 mutatas.
1243 3724 1378 3818 Utique

132 3836 225 3910 codex
237 3814 319 3913 ¹iste
345 3863 440 3913 unus
468 3867 512 3914 ex
530 3842 635 3938 longe
653 3844 983 3937 praestantissimis
1002 3845 1213 3918 litterarum
1231 3844 1377 3917 canoni-

133 3975 241 4029 carum
265 3959 367 4031 libris
384 3965 452 4047 est,
480 3962 614 4054 quique
631 3965 780 4034 nostrae
797 3963 850 4035 rei
877 3964 1077 4057 plurimum
1105 3964 1253 4058 profuit.
1295 3961 1377 4035 Sive

133 4075 214 4146 enim
229 4083 553 4152 monumentorum
570 4080 816 4154 exhibitorum
835 4085 1001 4155 aetatem
1019 4083 1095 4155 sive
1113 4086 1238 4155 textus
1251 4082 1377 4177 genui-

135 4195 233 4266 tatem
250 4199 481 4292 spectamus,
501 4223 629 4272 revera
647 4224 781 4273 aeurm
800 4203 888 4273 ante
901 4200 1168 4297 Dionysianum
1182 4224 1377 4297 agnoscere

136 4330 256 4388 neccsse
273 4320 340 4389 est.
374 4317 584 4392 Plenariam
602 4320 680 4412 ejus
698 4320 872 4392 notitiam
890 4320 1080 4393 Ballerinii
1094 4321 1157 4394 l.c.
1176 4319 1254 4408 Π,4
1273 4344 1377 4414 prae·

136 4424 219 4521 beot,
246 4440 283 4508 et
308 4459 373 4530 pro
400 4436 560 4511 editione
586 4462 654 4511 sua
679 4439 900 4512 collectionis
927 4437 1204 4522 Quesnellianae
1229 4443 1376 4513 textum

137 4552 357 4628 mntdeumt.
401 4555 483 4651 Ipse
500 4558 695 4651 quominus
715 4581 800 4630 eum
819 4559 938 4631 denuo
961 4582 1074 4652 quam
1100 4560 1376 4634 accuratissime

137 4669 384 4764 perlustrarem,
412 4698 498 4748 cum
523 4698 670 4747 summa
695 4678 814 4771 operis
840 4678 914 4751 mei
940 4678 1106 4751 utilitate
1131 4679 1231 4750 haud
1257 4679 1374 4752 omisi.

217 4795 248 4862 4.
286 4791 411 4866 Tertio
437 4794 520 4866 loco
552 4796 809 4868 memorandus
842 4796 1118 4869 Parisiensis
1150 4797 1229 4868 lat.
1259 4800 1372 4869 3836

136 4903 496 5000 (clanculariis,
524 4916 607 4986 tum
633 4914 747 4986 Paris.
775 4938 849 5010 reg.
870 4919 979 4987 3887.
1001 4918 1034 4987 3.
1055 4918 1109 5008 3),
1145 4915 1271 4988 eodem
1297 4917 1373 4988 fere
