3224 5506
145 103 209 168 514
620 120 648 167 s.
665 119 805 169 eeuasu
827 120 941 168 aaran

145 275 245 337 totius
268 272 410 336 Orientis
432 275 465 336 et
487 271 645 356 Aegypti,
668 271 840 337 Dioscorus
862 272 1041 356 exhibetur,
1064 278 1102 339 ut
1123 275 1205 340 facti
1225 277 1272 341 sni
1291 266 1461 342 cat-²3¹

146 377 180 439 in
204 375 338 439 concilio
366 373 468 458 possit
495 396 646 439 asserere.
691 375 847 439 Interfuit
874 377 1018 462 etiamst)
1045 376 1221 461 imperator
1245 378 1308 463 ipse
1326 372 1461 443 9(

145 479 270 560 ventui,
314 477 462 541 interfuit
496 481 528 540 ct
557 480 687 540 senatus
720 482 752 540 et
788 498 897 541 omncs
922 478 1046 561 judices
1079 481 1113 542 et
1145 501 1254 544 omnes
1285 462 1461 545 aulfi‘

144 585 331 665 potestates,
369 579 527 643 Eusebius
549 579 603 643 ille
626 579 836 663 Dorylitanus
856 580 1034 665 episcopus,
1064 581 1169 666 qui¹⁵)
1192 586 1267 647 ante
1288 585 1461 647 amr-1

144 684 243 746 fenne
266 684 304 747 de
330 683 440 748 exsilio
468 682 596 767 fugiens
619 681 754 746 Romam
777 686 926 765 venerat,
959 682 1057 746 etiam
1085 682 1335 750 Calchedonemi

144 788 227 851 nodo
248 788 404 851 interesse
432 784 624 869 properavit.
670 786 810 848 Accusat
838 790 871 848 et
892 785 960 869 ipse
983 784 1172 850 Dioscorum
1200 791 1233 851 et
1260 788 1314 853 alii
1335 775 1461 852 ΞἏ

144 890 304 953 xandrini.
339 888 420 963 Quid
443 886 569 950 multa?
591 886 772 951 Damnatur
793 887 976 969 Dioscorus,
1000 891 1132 952 sanetae
1155 890 1325 954 memoriae
1339 878 1461 953 Ε·

145 993 229 1056 viani
254 1013 367 1075 corpus
391 988 621 1053 officiosissime
638 989 950 1072 Constantinopolim
972 990 1214 1075 reportaturffi),
1239 992 1323 1076 apud
1336 986 1461 1056 ᾧ

143 1093 310 1158 xandriam
332 1092 495 1156 Proterius
519 1090 694 1155 catholicus
716 1092 754 1155 fit
776 1090 933 1155 sacerdos.

226 1197 256 1258 4.
286 1195 421 1270 Quidam
437 1193 623 1257 Timotheus
639 1194 820 1277 presbyter,
846 1194 896 1257 cui
915 1215 1093 1277 cognomen
1114 1199 1184 1260 erat
1199 1197 1359 1279 Aelurus,

142 1297 256 1361 Petrus
279 1297 446 1376 (baconus,
475 1296 528 1379 qui
563 1296 781 1380 episcopatum
808 1296 944 1379 nunc¹⁷)
973 1295 1216 1362 Alexandrinae
1244 1283 1461 1385 occupa(

142 1398 304 1481 ecclesiae,
329 1397 474 1461 Dioscori
497 1401 680 1480 sectatores,
705 1420 738 1462 sc
761 1398 801 1461 ab
817 1398 951 1462 ecclesia
966 1397 1190 1463 Alexandrina
1209 1422 1381 1486 separaum

142 1500 226 1575 Quos
258 1523 354 1584 quum
381 1499 544 1563 Proterius
572 1500 739 1585 episcopus
768 1501 833 1563 suis
861 1500 992 1564 monitis
1027 1501 1114 1586 adss)
1142 1501 1328 1575 ministeria
1354 1526 1384 1568 su

141 1624 288 1666 revocare
310 1624 375 1666 non
399 1606 516 1686 posset,
540 1608 709 1687 utrumque
725 1603 900 1667 damnavit.
927 1602 1054 1666 Mortuo
1068 1603 1220 1689 principe
1235 1606 1397 1691 Marciano

142 1704 283 1769 collectis
304 1704 407 1768 turbis
430 1703 675 1787 haereticorum,
704 1704 891 1768 'limotheus
914 1708 946 1768 et
968 1704 1084 1768 Petrus
1112 1707 1251 1772 veniunt
1274 1709 1402 1775 Alexan-

141 1807 254 1889 driam,
280 1809 311 1869 et
333 1805 501 1869 ordinatur
522 1807 562 1869 ab
585 1805 756 1869 haereticis
779 1806 964 1871 Timotheus
987 1807 1167 1891 episcopus.
1213 1807 1291 1874 Duo
1316 1812 1408 1897 igitar

140 1908 224 1993 apud
248 1906 476 1972 Alexandriam
499 1907 641 1991 episcopi
664 1929 732 1972 esse
756 1912 938 1992 coeperunt.
978 1909 1064 1972 Ante
1086 1908 1233 1974 triduum
1256 1910 1408 1997 Paschae,

209 2219 237 2283 Η)
257 2216 290 2270 G'
310 2221 367 2268 item
380 2231 499 2283 moxque
517 2218 687 2280 iuterfuerunt
706 2234 789 2268 omnes
801 2219 906 2280 judiees
923 2226 1027 2269 senatus
1044 2226 1168 2271 eeomnes
1179 2225 1287 2274 aulicae
1305 2234 1416 2291 masfa-

138 2314 184 2356 1es.
219 2300 290 2354 Huic
308 2298 422 2353 concilio
441 2316 503 2352 cum
520 2298 661 2352 Marciano
680 2297 766 2352 etiam
782 2298 959 2353 Pulcheriam
975 2299 1144 2368 interfuisse,
1165 2302 1293 2372 vulgata
1310 2307 1419 2363 concilii

138 2384 367 2439 Calchedonensis
385 2383 580 2452 interpretatio
599 2382 686 2437 latina
704 2384 756 2437 act.
770 2382 808 2436 VI
827 2383 922 2450 (Hard.
939 2385 955 2437 l.
976 2401 998 2438 c.
1012 2384 1046 2450 ΙΙ,
1057 2388 1118 2452 463)
1137 2384 1248 2443 diserte
1266 2396 1418 2449 memorat

138 2470 217 2535 Quod
236 2469 289 2524 etsi
306 2470 376 2524 teste
396 2467 557 2522 Constantio
575 2468 604 2521 in
616 2467 776 2536 Corbejensi
794 2466 910 2537 aliisque
929 2468 1054 2538 ejusdem
1071 2470 1183 2525 concilii
1201 2476 1421 2547 exemplaribus

137 2555 177 2609 uti
194 2555 223 2607 in
241 2555 368 2608 omnibus
386 2553 493 2623 graecis
511 2553 600 2619 deest,
623 2556 717 2607 tamen
736 2553 857 2607 Anatolii
878 2554 914 2608 ad
931 2554 1054 2609 Leonem
1071 2554 1194 2624 epistola
1212 2558 1317 2625 (Leon.
1337 2564 1421 2634 epist.

139 2646 183 2693 101
204 2658 226 2692 e.
241 2644 267 2706 3)
286 2639 491 2708 comprobatur.

204 2724 333 2787 ¹⁵)B1l'⁴¹
356 2723 445 2778 omitt.
471 2728 525 2792 qui,-
558 2722 658 2777 deinde
681 2722 715 2775 ΙΜ
729 2724 754 2775 c‘
771 2739 828 2791 seq.
853 2724 940 2778 oaritt.
963 2732 1057 2789 seme,
1085 2728 1114 2780 et
1135 2727 1273 2784 scribunt
1295 2740 1375 2788 etiam
1396 2748 1422 2791 es

136 2813 253 2864 Calabed.
329 2815 440 2863 Acciana!
457 2815 521 2876 ipse.

204 2898 234 2963 16)
252 2896 312 2948 Hoc
334 2893 446 2962 quidem
469 2894 505 2947 ab
528 2892 701 2947 Henscbenio
718 2893 736 2947 Ι.
755 2911 777 2947 c.
798 2894 859 2963 jam
881 2912 974 2949 mense
991 2897 1117 2966 Augusto
1139 2899 1210 2954 anni
1231 2908 1290 2959 450
1312 2904 1420 2961 factum

135 2980 254 3050 ponitur.
332 2980 376 3033 Ab
402 2979 456 3033 hoc
481 2979 542 3032 loco
568 2977 666 3047 incipit
689 2979 850 3034 eorumdem
876 2982 1018 3049 gestorum
1040 2982 1163 3051 epitome
1185 2985 1217 3040 in
1249 2988 1420 3049 collectione

135 3065 330 3130 Quesnelliana
347 3082 368 3118 c.
382 3071 427 3130 43,
449 3063 496 3117 ubi
519 3080 628 3123 eorum,
650 3080 721 3131 quae
744 3064 877 3119 hactenus
893 3068 1009 3120 narrata
1030 3069 1106 3133 sunt,
1128 3067 1194 3123 leco
1217 3074 1421 3141 praemittitur

133 3149 187 3204 hoc
208 3151 293 3204 breve
314 3149 469 3203 exordium:
498 3155 666 3217 Posteaquam
687 3154 824 3203 dioscurus
844 3156 1036 3206 Alexandriam
1053 3157 1193 3223 episcopus
1214 3177 1274 3226 pro
1295 3166 1367 3228 saca
1381 3168 1422 3217 ut

135 3240 258 3303 paralitate
275 3241 303 3288 ia
320 3246 358 3287 est
376 3242 435 3304 quaa
447 3246 610 3288 consenserat
623 3237 759 3301 Eutychen·
775 3240 904 3290 haeretico
922 3247 948 3289 et
964 3242 1129 3291 damnauerat
1141 3242 1304 3299 Flauiam
1315 3254 1419 3317 epm-0.

132 3341 190 3387 pam
208 3325 355 3373 catholicum
372 3324 687 3387 constantinopolitanum.
705 3324 776 3387 apud
793 3324 978 3376 Calchedonem
996 3333 1046 3375 tam
1063 3344 1080 3375 a
1096 3327 1224 3394 principe
1243 3342 1416 3388 candae-e.

132 3411 227 3458 moriae
246 3409 381 3458 ilfarmaao
401 3425 473 3474 picam
490 3408 522 3457 ab
540 3409 629 3457 aulicis
646 3408 815 3471 potestatibus
832 3412 872 3460 ael
888 3417 978 3460 cuncta
995 3414 1093 3475 synodo
1112 3414 1257 3467 ammas
1277 3428 1333 3471 est:
1352 3424 1417 3473 Pte

132 3497 211 3545 teriia
223 3495 359 3544 callioltcus
373 3498 403 3556 fit
420 3495 552 3544 sacerdos.
586 3492 654 3542 Tune
675 3493 815 3543 fimafleeua
831 3494 981 3559 presbyter,
999 3499 1042 3547 cat
1057 3513 1198 3563 cognonen
1215 3512 1284 3554 erat
1295 3508 1414 3567 Aetam,

132 3586 158 3628 et
175 3582 269 3630 Petras·
287 3582 408 3629 diaeonus
424 3587 567 3629 sectatores
584 3579 706 3629 Dioscori
721 3580 753 3629 ab
772 3582 954 3631 Alexandrina
971 3583 1079 3633 eeclesia
1094 3599 1122 3633 se
1140 3597 1321 3650 separarunt.
1349 3591 1414 3653 Qua

133 3673 179 3714 ea.
216 3660 303 3715 Caute
325 3661 378 3713 hoc
399 3659 460 3714 loco
483 3664 630 3727 utramque
652 3661 748 3715 notam
766 3661 913 3731 temporis,
937 3680 992 3732 quo
1013 3662 1121 3733 primus
1137 3664 1247 3723 horum
1266 3674 1412 3741 gestarum

132 3747 229 3799 auctor
246 3746 365 3800 seribere
383 3760 413 3798 se
435 3744 584 3810 indicarat,
607 3747 762 3816 suppressit
783 3762 870 3800 novus
888 3746 1053 3817 compilator
1076 3749 1161 3805 utin
1183 3756 1320 3811 aetatem
1336 3774 1411 3813 suam
1458 3778 1461 3793 ¹

131 3830 220 3884 minus
238 3829 454 3884 convenientem.
1458 3868 1461 3905 ,

199 3918 229 3983 ¹⁷)
248 3915 356 3968 Novam
377 3914 454 3968 illam
473 3913 674 3970 Alexandrinae
698 3914 770 3970 sedis
788 3916 999 3986 occupationem
1016 3918 1094 3972 Petri
1110 3920 1142 3974 et
1161 3920 1292 3993 legitimi
1308 3926 1411 3984 Jahn·

130 4000 172 4053 nis
184 3999 298 4069 Talajae
311 4000 500 4069 expulsionem
515 4000 544 4052 in
557 4018 659 4053 annum
671 4006 721 4055 482
740 4000 824 4068 (circa
841 4001 923 4055 finem
939 4001 1120 4071 pontificatus
1131 4003 1288 4081 Simplicii)
1300 4012 1408 4077 maere,

130 4085 239 4153 saepius
256 4084 478 4139 memoravimus.
514 4085 594 4139 Anne
612 4091 663 4140 490
680 4086 785 4153 autem,
807 4086 892 4156 paula
914 4090 979 4156 post
1001 4105 1086 4158 quam
1102 4088 1283 4161 Euphemius
1300 4096 1408 4167 episeo·
1459 4114 1461 4123 ·

129 4186 181 4237 pus
192 4169 516 4239 Constantinopolitanae
532 4169 658 4224 Flavitae
676 4171 843 4240 subrogatus
857 4175 910 4238 est,
928 4171 1057 4227 eumdem
1067 4173 1186 4229 Petrum
1196 4176 1264 4235 rita
1278 4180 1407 4237 feneam

129 4270 188 4307 ease
204 4254 340 4321 Euagrius
349 4255 385 4308 'n
398 4271 421 4309 e.
436 4255 486 4322 Ill,
505 4262 538 4310 2¹3
556 4257 585 4309 et
603 4256 787 4326 Theophanes
804 4257 951 4327 chronogr.
970 4274 1037 4328 pag.
1054 4264 1106 4314 206
1121 4260 1252 4319 undum
1288 4264 1334 4321 Ex
1350 4282 1406 4335 quo

129 4338 283 4406 conficitur,
301 4332 376 4408 quod
389 4339 451 4408 jam
468 4340 704 4410 praemonuimus,
723 4342 754 4394 ut
771 4341 824 4396 hec
840 4341 975 4411 scriptum
991 4341 1091 4397 Felicis
1106 4344 1239 4417 tempore
1257 4350 1406 4407 conduna-
1459 4352 1461 4357 '

129 4424 193 4475 tum
205 4424 248 4477 sit.

198 4510 227 4575 18)
245 4507 279 4563 G¹
294 4510 358 4575 βατΙ
368 4514 529 4564 nitalsteriam
538 4517 672 4581 proprium
684 4512 724 4580 (et
735 4511 768 4565 Fd
782 4512 817 4567 G¹
835 4512 919 4567 antea
931 4512 1019 4568 omitt
1031 4518 1157 4585 morafie),
1173 4514 1315 4575 Liberata
1332 4538 1358 4577 e.
1372 4528 1404 4577 15

127 4590 305 4661 suffragante.
335 4594 367 4646 Β1
381 4594 416 4647 m
430 4595 466 4647 X*
479 4600 505 4649 ci
523 4613 579 4664 seq.
599 4603 635 4651 aa
650 4603 790 4651 ministeria
807 4618 862 4651 siaa.
889 4598 1014 4653 Mortuus
1032 4598 1250 4657 assuerum
1266 4602 1295 4659 d.
1309 4606 1404 4661 26Ja·

128 4675 217 4729 nuarii
235 4677 300 4730 anni
317 4683 375 4731 457.
