3204 5506
229 373 292 437 692
683 387 710 433 s.
730 385 911 434 sunniam
934 385 1047 432 aaran

122 568 146 605 a.
158 557 216 605 soa.
230 562 325 627 quam
347 540 579 624 praemisimus,
602 540 637 602 in
653 539 829 604 alienatore
845 539 1002 604 vindicta:
1025 540 1088 603 nisi
1103 539 1190 604 forte
1205 543 1239 603 et
1253 539 1409 604 alienator
1455 545 1494 633 ui,

230 645 304 708 dum
327 643 456 727 repetit,
480 643 588 726 etqui
612 642 781 726 acceperit,
807 642 901 705 celeri
923 642 1131 706 restitutione
1153 643 1356 725 prospexerit.

817 777 906 842 VIII.

317 884 365 946 18.
402 880 521 956 Quodsi
544 881 666 944 minore
690 880 815 959 animae
839 903 914 943 suae
938 902 1014 944 cura
1029 881 1199 965 quisquam
1220 881 1385 945 remedium
1402 878 1457 942 otlo-

228 990 297 1049 tum
325 984 409 1047 forte
437 983 632 1067 neglexerit,
668 1005 764 1066 supra
799 1004 836 1046 ea
863 1004 1039 1067 poenarum
1072 1004 1210 1067 genera,
1249 1004 1329 1067 quae
1354 981 1461 1067 snpeiin

228 1088 380 1149 tenentur
409 1086 585 1169 adscripta,
617 1088 729 1149 contra
755 1085 805 1148 fas
833 1084 860 1147 si
882 1084 966 1168 quod
988 1089 1180 1169 conceptum
1207 1085 1307 1150 fuerit
1333 1085 1465 1149 documen·

228 1192 307 1270 turn,
333 1188 488 1250 universis
504 1188 634 1270 viribus,
659 1188 802 1271 quamvis
819 1187 859 1250 ab
874 1186 969 1249 initio
984 1186 1089 1250 nullas
1107 1186 1269 1269 habuerit,
1293 1185 1473 1269 effeetus).

189 1351 196 1355 .
229 1287 291 1352 Sed
314 1290 410 1353 etiarn
434 1289 529 1352 liceat
551 1288 791 1373 quibuscunque
819 1287 1044 1352 ecclesiasticis
1071 1289 1218 1373 personis
1241 1309 1354 1352 vocem
1376 1292 1481 1353 contra·

229 1390 378 1454 dictionis
401 1390 577 1475 afferren),
607 1394 640 1455 et
667 1390 884 1455 ecclesiastica
913 1390 1105 1455 auctoritate
1127 1391 1254 1474 fulciri,
1290 1390 1339 1454 ita
1367 1397 1405 1455 nt
1428 1412 1489 1454 cunr

189 1551 192 1558 .
228 1491 385 1555 fructibus
408 1492 509 1575 possit
531 1493 671 1556 alienata
699 1485 880 1578 reposcere:
915 1493 1022 1576 nec⁶⁰)
1052 1492 1158 1576 aliquo
1188 1514 1222 1556 se
1253 1496 1333 1556 ante
1363 1493 1495 1557 tribunal

228 1592 349 1658 Christi
371 1593 538 1657 obstaculo
560 1595 694 1675 muniat,
724 1596 778 1678 qui
801 1618 819 1657 a
841 1593 1001 1678 relim'osis
1025 1593 1193 1669 animabus
1223 1595 1266 1658 ad
1289 1595 1502 1660 substantiam

228 1716 403 1779 pauperum
436 1695 588 1760 derelicta
618 1700 730 1760 contra
756 1698 806 1759 fas
839 1696 908 1759 sine
937 1695 1047 1780 aliqua
1078 1696 1211 1780 pietatis
1248 1697 1506 1762 consideratione

228 1796 395 1881 dispergit.
440 1796 546 1880 Hujus
569 1801 675 1861 autern
704 1797 943 1862 constitutionis
971 1798 1076 1882 legem
1103 1799 1138 1862 in
1167 1798 1358 1883 apostolica
1385 1803 1512 1864 tantum

227 1898 372 1963 volumus
395 1901 468 1963 sede
491 1899 620 1981 servari,
645 1899 850 1984 universisffi)
874 1899 1016 1963 ecclesiis
1038 1920 1096 1983 per
1118 1900 1310 1984 provincias
1335 1903 1514 1968 secundum

228 2000 408 2064 animarum
447 2002 750 2084 considerationem,
794 2024 888 2085 quam
928 2003 1092 2086 proposito
1126 2000 1301 2086 religionis
1340 2005 1515 2070 convenire

226 2106 367 2167 rectores
390 2125 499 2168 earum
521 2103 676 2185 viderint,
700 2125 786 2167 more
810 2105 946 2167 servato.

767 2261 965 2339 Subscriptio.

313 2359 362 2424 19.
409 2359 534 2425 Coelius
542 2358 582 2443 ⁶²)
609 2357 817 2442 Symmachus
849 2360 1016 2443 episcopus
1049 2358 1204 2424 ecclesiae
1232 2358 1418 2429 Romanae
1448 2364 1518 2429 huic

228 2461 402 2524 constituto
425 2484 444 2525 a
466 2461 559 2526 nobis
581 2460 668 2524 facto
691 2460 875 2545 subscripsi.

311 2562 500 2627 Laurentius
509 2564 549 2648 63)
566 2562 732 2646 episcopus
748 2566 880 2626 sanctae
895 2562 1145 2627 Mediolanensis
1163 2564 1334 2632 ecclesiae
1351 2567 1432 2633 huic
1449 2591 1518 2634 con·

226 2664 339 2728 stituto
362 2687 380 2727 a
403 2665 578 2729 venerabili
601 2687 685 2749 papa
708 2665 898 2748 Symmacho
921 2666 1008 2730 facto
1031 2666 1220 2750 subscripsi.

310 2766 424 2832 Petrus
448 2768 615 2852 episcopus
639 2765 814 2830 catholicae
830 2765 1029 2832 Ravennatis
1045 2768 1200 2832 ecclesiae
1224 2767 1309 2836 huic
1336 2775 1517 2839 constituto

226 2892 245 2934 a
268 2869 441 2934 venerabili
464 2892 549 2955 papa
572 2867 762 2954 Symmacho
783 2868 871 2933 facto
894 2869 1077 2953 subscripsi.

310 2971 455 3036 Eulalius
479 2972 646 3056 episcopus
662 2970 814 3034 ccclesiae
830 2969 1049 3054 Syracusanae
1071 2972 1146 3037 huic
1169 2976 1363 3042 constituto
1387 3000 1408 3042 a
1423 3001 1513 3044 vene

225 3074 319 3138 rabili
341 3097 425 3160 papa
448 3073 639 3158 Symmacho
661 3074 748 3138 facto
770 3073 953 3158 subscripsi.

292 3247 324 3313 ⁵⁸)
343 3245 372 3297 h¹
391 3250 534 3314 effectetur,
554 3245 577 3298 c'
597 3249 728 3312 esseretrcr,
748 3242 796 3295 H¹⁰
814 3248 944 3311 efferetur,
963 3243 997 3296 pu
1016 3251 1106 3297 nullum
1123 3247 1244 3299 habuerit
1263 3252 1400 3315 effectam.

293 3334 323 3397 ³¹⁹)
343 3330 376 3383 Ε2
389 3336 499 3399 efferam
517 3330 542 3382 H
553 3330 575 3383 Ο
586 3329 620 3381 Κ4
632 3331 655 3381 c¹
670 3333 774 3396 offerre.
804 3327 896 3382 Ceteri
913 3345 979 3383 vcro
997 3328 1065 3382 editi
1078 3346 1140 3383 cum
1153 3329 1186 3382 Β1
1197 3329 1233 3382 F¹
1244 3330 1285 3384 F‘¹
1298 3332 1386 3398 K¹2Q
1400 3340 1510 3404 offers-c.-

225 3413 364 3481 quomodo
387 3414 490 3483 legitur
512 3412 587 3469 etin
605 3420 688 3478 tiuuu,
712 3411 759 3480 qui
782 3412 810 3464 in
834 3413 893 3467 coll.
911 3413 996 3468 Hadr.
1017 3414 1140 3484 capitulo
1162 3410 1349 3484 praefigitur.
1394 3418 1461 3473 Mox
1478 3418 1509 3471 I?

225 3499 261 3551 Η8
274 3499 303 3551 h¹
322 3505 415 3552 aliena.

291 3588 323 3652 ⁶⁰)
341 3584 385 3639 Ita
403 3601 465 3638 cum
482 3584 519 3637 Κ7
531 3584 591 3636 ΗΟ
611 3583 697 3637 nostri
716 3601 779 3636 mss.
800 3585 829 3638 ct
840 3581 916 3638 editi.
947 3587 976 3638 a³
988 3601 1022 3638 ex
1033 3584 1081 3637 ΚΙΙ
1093 3583 1177 3638 aliam
1195 3584 1356 3642 lectionem
1374 3591 1507 3659 praefert,

224 3670 333 3723 mutans
351 3671 446 3723 tamen
464 3667 523 3737 ejus
542 3674 635 3721 sarrinia!
652 3667 680 3721 in
698 3674 817 3722 inueniat.
837 3698 869 3705 —-
888 3668 922 3721 pu
941 3668 1041 3723 deinde
1061 3669 1149 3722 omitt.
1171 3680 1280 3728 sancum.

290 3757 322 3823 ⁶¹)
341 3755 384 3807 lta
401 3754 434 3806 B¹
448 3754 482 3807 Ε2
494 3753 527 3806 F²
539 3753 573 3806 Fi
586 3753 622 3805 H8
635 3753 682 3806 ΚΗ
694 3753 736 3820 h¹3
756 3752 823 3807 editi
841 3752 888 3807 alii
906 3753 1013 3807 addunt
1031 3761 1064 3810 r'u.
1105 3754 1169 3807 Mox
1187 3753 1221 3807 ΒΙ
1242 3776 1318 3812 nore
1335 3778 1458 3823 amm,
1475 3759 1506 3814 1¹2¹

223 3860 291 3894 mare
308 3850 446 3899 servatum,
464 3839 485 3892 F
488 3842 499 3875 ¹¹
518 3859 585 3892 cruore
603 3842 770 3893 servantibus.
805 3837 946 3892 Permittit
967 3839 1053 3907 igitur
1072 3837 1257 3907 Symmachus
1276 3841 1358 3897 Afris
1380 3844 1425 3898 uu·
1447 3844 1508 3914 lege

223 3942 280 3990 sua,
300 3942 355 3994 qua
373 3923 520 3978 concilium
533 3922 785 3992 CarthaginenseV
799 3940 857 3977 can.
869 3930 884 3976 4
903 3921 1099 3978 alienationem
1111 3923 1284 3980 necessasia
1296 3925 1507 3985 interveniente

223 4028 277 4065 non
295 4008 433 4080 prohibet.
471 4008 567 4077 Neque
586 4008 671 4062 etiarn
688 4009 766 4063 vetat
784 4007 882 4075 Gallis,
910 4009 1055 4076 quominus
1079 4009 1332 4078 commutationes,
1356 4032 1432 4084 quas
1450 4015 1507 4086 ipse

222 4096 332 4150 videtur
350 4093 503 4159 excludere,
521 4093 550 4146 in
568 4093 724 4164 Epaonensi
743 4092 858 4148 concilio
877 4110 937 4147 can.
952 4100 983 4147 12
1006 4093 1133 4148 omnibus
1154 4094 1346 4164 permittant,
1374 4105 1463 4170 atquc
1479 4099 1507 4153 iu

222 4179 376 4249 agathensi
395 4197 416 4234 c.
431 4186 463 4233 45
482 4178 613 4249 episcopo
637 4179 721 4233 etiam
743 4179 802 4233 sine
824 4178 937 4234 consilio
960 4180 1078 4233 fratrum
1100 4179 1220 4234 terrulas
1239 4183 1293 4235 aut
1309 4183 1457 4253 vineolas,
1486 4184 1508 4240 si

222 4267 371 4320 necessitas
388 4265 480 4328 fuerit,
499 4264 671 4319 distrahendi
688 4265 858 4334 potestatem
876 4264 988 4319 faciant.

289 4354 321 4418 ⁶²)
338 4352 370 4404 In
389 4349 485 4404 ordine
505 4352 533 4402 ct
550 4351 640 4404 forma
657 4348 891 4418 subscriptionum
908 4348 1089 4419 praecipuum
1102 4350 1229 4405 nostrum
1241 4350 1276 4404 Β1
1291 4353 1452 4422 sequimur.
1483 4356 1508 4409 A

222 4451 275 4500 quo
294 4453 356 4489 mss.
370 4435 429 4489 ΗΟ
448 4434 488 4488 ita
500 4433 640 4501 differunt,
658 4436 689 4487 ut
708 4436 736 4487 et
754 4434 853 4488 seriem
871 4435 955 4504 paulo
974 4434 1058 4489 aliam
1076 4434 1224 4502 retineant,
1244 4439 1275 4491 et
1291 4439 1390 4495 rerba
1407 4447 1508 4511 eps'sco-

220 4540 269 4587 pus
286 4526 408 4574 ecclesiae
469 4525 609 4589 subscripsi·
626 4519 764 4573 omittant.
801 4520 832 4572 In
844 4520 892 4573 Κ12
910 4520 994 4573 etiam
1012 4519 1119 4589 primae
1138 4519 1369 4592 subscriptiones
1387 4525 1418 4581 in
1435 4526 1507 4580 hunc

221 4604 334 4658 modum
351 4606 542 4673 proferuntur:
571 4608 731 4673 Symmachus
749 4610 884 4674 episcopus
902 4611 1024 4660 ecclesiae
1042 4609 1171 4661 Romanae
1193 4611 1355 4678 rademini.
1388 4616 1507 4666 Lmen-

221 4695 270 4743 ts'us
292 4697 426 4759 episcopus
449 4697 571 4745 ecclesiae
589 4695 790 4745 illediolaneasis
811 4694 879 4745 creba.
917 4697 1010 4746 Petras
1032 4697 1167 4762 episcopus
1189 4699 1321 4751 ecelesiae
1347 4700 1507 4753 Ravennatis

219 4778 286 4828 sads.
323 4779 437 4829 Brutulius
455 4782 591 4844 episcopus
608 4781 731 4830 ecclesiae
751 4779 930 4845 Syracusanae
947 4781 1014 4831 subs.

287 4862 319 4928 ⁸⁸)
337 4861 381 4914 lta
398 4860 430 4913 Β1
444 4861 469 4914 Κ
472 4863 500 4927 ¹²,
518 4864 546 4915 et
563 4861 639 4914 tieret
657 4860 822 4930 subscriptio
842 4860 991 4930 superioris
1010 4861 1108 4931 synodi
1125 4863 1273 4919 Romanae
1293 4863 1346 4921 IV.
1386 4868 1441 4925 Alii
1459 4867 1505 4922 ad·

220 4943 290 4999 dunt
309 4948 415 5002 Coelius.
453 4946 483 4998 ln
501 4946 535 4998 F·¹
553 4946 641 5000 verba
658 4953 719 5002 eccl.
739 4951 808 5003 Itoru
828 4977 860 4986 -
879 4953 960 5003 Lacr.
979 4969 1021 5017 ep.
1040 4947 1212 5004 exciderunt.
