3204 5506
652 379 680 425 S.
697 377 832 425 FELICIS
856 378 883 424 ΙΙ
905 375 1019 423 Phene

710 671 964 743 Notisie

248 820 451 890 epistolarum
469 834 529 875 nou
549 819 737 876 exstantium
756 834 833 888 qnae
852 820 889 874 od
909 833 934 874 s.
954 818 1086 875 Felicem
1104 819 1135 873 ll
1154 831 1264 887 papam
1282 816 1427 873 attinent.

816 990 842 1053 Ι.

201 1103 284 1159 Arriae
300 1101 372 1159 483.
405 1103 432 1157 1.
462 1102 568 1157 Felicis
584 1102 623 1156 ad
637 1103 788 1172 episcopos
811 1101 975 1156 orientales
991 1101 1026 1156 de
1048 1100 1186 1156 monendo
1204 1098 1315 1155 Acacio
1337 1102 1476 1157 incitatio.

355 1187 383 1242 2.
416 1187 520 1242 Civium
538 1186 917 1257 Constantiaapolitanorum
939 1191 1025 1258 atque
1043 1184 1230 1242 Orientalium
1246 1185 1287 1240 ad
1300 1184 1433 1242 Felicem
1447 1186 1481 1241 de

354 1273 462 1328 Acaeio
476 1275 717 1344 praeonricntore
732 1274 884 1327 incusatio.

288 1375 314 1429 1.
347 1372 434 1440 (lirum
455 1373 533 1428 sedes
554 1373 702 1447 apostolica
723 1374 824 1428 iteratis
845 1372 877 1427 ad
900 1373 1024 1428 Acacium
1039 1372 1137 1428 litteris
1159 1372 1216 1427 suis
1232 1371 1299 1428 nihii
1318 1371 1488 1446 profecisset

202 1477 251 1515 nec
267 1461 390 1533 responsi
411 1458 555 1532 quidquam
578 1459 728 1520 meruisset,
750 1460 830 1513 etiam
845 1459 988 1532 episcopos
1005 1456 1154 1514 Orientales
1170 1455 1249 1519 adiit,
1272 1465 1305 1513 ut
1328 1456 1490 1529 comunem

201 1545 297 1601 studiis
313 1544 388 1599 illum
404 1552 555 1599 irronorent.
587 1542 664 1611 Quod
679 1544 758 1599 iidem
775 1551 802 1599 et
823 1543 919 1599 iecisse
941 1551 1132 1604 memorantur,
1154 1559 1204 1598 nec
1224 1542 1354 1599 feliciore
1376 1542 1490 1601 edoctu.

203 1632 290 1699 Eece,
313 1631 421 1684 nomine
442 1628 537 1684 Felicis
559 1627 650 1685 scribit
673 1628 793 1684 Gelasius
816 1628 930 1702 epistola
953 1629 968 1683 1
991 1646 1017 1683 n.
1043 1627 1092 1690 34,
1111 1631 1301 1701 poposcimus
1321 1645 1390 1693 aas,
1421 1645 1493 1688 ecce

202 1719 367 1787 scripsistis,
387 1731 456 1770 ecee
471 1732 528 1770 non
543 1716 679 1788 diprrotus
694 1722 735 1770 est
750 1717 798 1770 ille
814 1715 977 1770 rescribere
992 1730 1047 1770 nec
1063 1713 1209 1770 colisaeo
1225 1713 1305 1769 mihi.

288 1802 316 1855 2.
333 1798 460 1855 Fortasse
472 1798 592 1869 ejusdem
604 1816 699 1854 causac
710 1800 866 1873 prosecutio
877 1807 927 1862 est,
941 1798 1013 1872 qnod
1027 1798 1205 1871 Theophanes
1216 1797 1376 1874 chronogr.
1390 1799 1494 1874 ptos

202 1903 243 1959 sq.
266 1885 359 1941 reicrt.
395 1884 514 1939 Primum
536 1885 606 1939 enim
627 1891 756 1940 memorat
773 1883 890 1940 Orientis
913 1885 1055 1958 episcopos
1078 1899 1138 1938 cum
1162 1884 1273 1945 beneio,
1303 1884 1387 1959 quod
1409 1884 1496 1942 Petro

203 1972 302 2045 llongo
314 1971 510 2026 communionis
522 1971 689 2025 consortium
702 1970 884 2043 impertiissct.
900 1986 949 2043 per
960 1968 1063 2025 litteras
1076 1968 1280 2042 expostulassm
1298 1968 1383 2027 iilum
1398 1979 1494 2029 auten

201 2058 299 2131 spretis
316 2057 435 2130 ipsorum
452 2056 560 2110 monitis
576 2049 697 2118 etractus,
716 2065 745 2111 ut
760 2055 883 2110 cumdem
898 2053 1007 2111 Petrum
1020 2056 1047 2111 in
1059 2055 1278 2110 communionem
1295 2054 1492 2121 admitterent

203 2141 434 2215 impudentissime
455 2140 626 2214 compulisse.
666 2141 735 2196 Turn
758 2157 838 2210 uero,
866 2139 968 2214 inquit,
996 2144 1072 2197 ciues
1099 2141 1180 2197 urbis
1200 2143 1305 2214 repiae
1328 2146 1493 2217 cunctique

205 2227 367 2283 Orientales
382 2227 516 2288 Felicem,
533 2230 583 2298 qui
593 2233 659 2297 post
669 2225 808 2298 Simplicii
822 2227 926 2282 obitum
942 2227 1036 2281 sedem
1048 2226 1208 2283 Romanam
1224 2227 1360 2298 tenebat,
1378 2230 1490 2302 suppli·

203 2329 252 2368 ces
273 2313 408 2367 adierunt
429 2310 509 2382 (haud
529 2309 610 2365 «lubic
626 2328 674 2384 per
689 2309 813 2383 litteras),
836 2318 863 2367 et
884 2314 1023 2368 malorum
1044 2313 1166 2367 omnium
1188 2317 1349 2369 auctorem
1370 2317 1490 2371 incusa-

204 2404 306 2454 verunt
321 2397 469 2453 Acacium.
501 2394 603 2463 Quibus
619 2395 698 2452 dictis
715 2395 852 2471 adjungit:
874 2397 993 2453 Interea
1008 2397 1157 2454 lohannes
1171 2397 1388 2456 Alexandriae
1398 2414 1491 2472 prae·

203 2485 249 2539 sal
262 2477 336 2538 haec
352 2484 451 2539 eadem
466 2483 641 2537 denuntians
658 2482 778 2538 Romam
800 2484 970 2556 inpreditur.
1001 2481 1039 2537 En
1054 2481 1131 2554 cujus
1147 2482 1316 2539 narrationis
1334 2483 1436 2541 ordine
1449 2501 1492 2540 se·

204 2568 304 2640 quitur,
322 2575 351 2622 ut
366 2568 413 2622 bas
429 2567 532 2622 litteras
547 2575 609 2622 ante
625 2568 758 2641 acceperit
774 2567 854 2628 Felix.
875 2585 954 2642 quam
969 2568 1105 2624 lohannes
1120 2565 1209 2638 'laiaja
1226 2565 1346 2626 Romam
1361 2569 1491 2645 ingrtiis·

203 2660 287 2715 retur,
303 2651 424 2725 adeoque
438 2654 464 2707 in
480 2652 591 2707 exordio
606 2652 778 2726 pontilicatus
794 2654 845 2708 sui.
1460 2658 1463 2662 ’

817 2799 858 2863 ΙΙ.

205 2927 281 2965 aristo
297 2907 369 2964 483.
399 2909 543 2963 Jolramn's
557 2910 752 2964 Alexandrini
766 2911 896 2980 episcopi
911 2909 950 2964 ad
963 2909 1089 2964 Felicem
1104 2910 1249 2966 aduersus
1265 2913 1406 2968 eumdem
1417 2912 1491 2969 Aca·

358 2997 432 3049 cium
446 2994 568 3049 libellus

290 3095 349 3151 llos
364 3096 499 3151 lohannes
516 3094 672 3158 catholicus,
694 3096 809 3169 primum
826 3095 1019 3151 Alexandrinae
1040 3095 1169 3151 ecciesiae
1190 3095 1348 3172 presbyter
1369 3107 1399 3155 et
1415 3115 1492 3156 oceo·

204 3197 300 3235 nonius
316 3199 346 3236 ac
361 3182 507 3236 novissime
528 3188 634 3235 creatus
658 3179 778 3250 ejusdem
795 3182 948 3254 episcopus,
970 3180 1080 3237 liomam
1095 3182 1251 3256 ingressus,
1268 3200 1347 3257 quos
1363 3183 1492 3241 adrasus

205 3267 329 3321 boscium
345 3273 482 3340 paraverat
498 3263 605 3320 libellos
621 3264 759 3340 Simplicio
777 3266 930 3328 tradendos,
948 3266 1028 3322 Felici
1045 3268 1090 3340 qui
1106 3265 1229 3341 prohime
1246 3269 1303 3342 ipsi
1319 3274 1493 3327 successerat
1527 3307 1530 3325 .

205 3350 305 3407 obtulit
321 3351 510 3425 (Timophanes
527 3350 622 3406 chron.
639 3370 666 3425 p.
684 3349 753 3413 204,
770 3349 866 3425 limgo.
883 3351 924 3412 ΙΙΙ,
944 3351 1002 3424 18).

810 3497 870 3561 ΙΙΙ.

206 3624 282 3662 atarto
297 3605 358 3662 483
380 3624 405 3662 c.
429 3610 498 3661 emit.
530 3606 630 3679 Cprilli
649 3608 762 3662 abbatis
782 3607 995 3663 Aeoeutitarum
1018 3610 1057 3663 ad
1077 3608 1203 3663 Felicem
1225 3610 1263 3665 de
1285 3612 1492 3670 accelerando

358 3695 562 3747 intercessione
578 3695 700 3764 repetita
717 3693 878 3748 admonitio.

290 3792 404 3866 cyrillus
418 3793 615 3848 ticoemitarmn
631 3793 823 3849 monachorum
839 3803 923 3867 pater,
940 3811 1023 3868 quum
1038 3811 1081 3850 res
1094 3793 1212 3850 Orientis
1230 3797 1258 3851 in
1271 3797 1401 3855 deterius
1413 3797 1490 3854 citui
1527 3816 1530 3865 j

205 3879 375 3951 impatienter
397 3878 492 3938 iceret.
515 3877 650 3950 legatosa
672 3877 774 3940 Felice,
798 3887 827 3935 ut
849 3881 886 3934 cis
909 3880 1070 3940 mederetur.
1093 3879 1244 3936 destinatos
1266 3899 1335 3939 esse
1350 3884 1490 3959 igionis.

205 3963 309 4019 litteras
325 3963 357 4018 ad
374 3981 435 4019 cunr
451 3965 567 4036 scripsit,
585 3962 618 4018 de
634 3963 730 4036 quibus
748 3962 876 4038 Evagrins
891 3965 932 4028 lli,
952 3966 989 4020 19
1005 3966 1040 4019 ita
1056 3964 1191 4038 loquitur:
1204 3970 1390 4041 priusquam
1404 3971 1492 4044 lopati

204 4066 302 4122 papae
324 4050 368 4104 ad.
383 4050 481 4105 corbem
503 4052 610 4124 repiam
631 4053 845 4121 peruenissent,
874 4050 1000 4124 Cprillus
1021 4050 1259 4108 Acoemitensium
1277 4056 1490 4112 monachorum
1527 4090 1530 4105 ι

202 4139 390 4206 praepositus
406 4137 543 4207 qrtosdam
560 4151 624 4189 crem
640 4138 744 4191 litteris
764 4139 803 4191 ad
817 4137 942 4192 Felicem
958 4139 1041 4206 misit,
1063 4137 1098 4192 de
1118 4138 1185 4209 ejus
1205 4144 1403 4197 cunctatione
1425 4156 1489 4197 cott-

205 4237 340 4292 puereus,
357 4238 443 4293 quum
459 4226 515 4274 tam
537 4224 639 4293 praeia
656 4222 797 4277 ‹ailrersus
813 4226 922 4276 rectum
937 4222 1021 4293 fidem
1037 4224 1295 4279 committerentur.

820 4383 876 4447 ΙΙΙ.

206 4491 477 4547 aristotelicum.
508 4494 615 4548 Felicis
636 4495 675 4548 ad
694 4498 804 4567 lepaios
826 4494 965 4550 Misenum
988 4502 1015 4550 et
1040 4495 1157 4550 Vitalem
1178 4496 1214 4550 de
1236 4500 1491 4557 communicantis

357 4593 420 4631 eum
437 4578 543 4650 Uprillo
560 4582 687 4634 consiliis
702 4581 862 4635 admonitio.

290 4678 385 4732 Statim
402 4687 430 4733 ut
446 4680 548 4751 accepit
563 4678 636 4734 Felix
660 4681 705 4734 has
722 4680 813 4753 Cyrilli
834 4681 946 4743 litteras,
962 4683 1065 4755 scripto
1081 4680 1115 4736 ad
1136 4680 1244 4755 legatos
1269 4701 1340 4741 suos
1357 4685 1491 4743 ΙΙΙεουω

206 4771 233 4817 et
249 4761 367 4836 collegas
390 4764 473 4818 misso
489 4767 625 4837 praecepit
641 4765 688 4826 eis,
711 4769 922 4838 nequidquam
944 4771 1077 4840 operent·
1092 4771 1269 4840 priusquam
1292 4787 1362 4827 cum
1385 4772 1493 4846 cyrillo

205 4855 307 4988 procop)
316 4849 453 5003 eollliputi
466 4856 493 4904 et
509 4850 545 4905 ab
561 4866 594 4906 eo
611 4852 679 4922 quid
694 4853 833 4925 apertdnm
849 4858 924 4908 esset
939 4853 1113 4908 didicissent.
1131 4849 1241 4926 (Evagr.
1260 4853 1280 4910 Ι.
1298 4874 1324 4913 c.
1341 4856 1381 4913 ci.
1398 4855 1455 4914 iet.
1471 4854 1492 4913 ΙΙ

222 4933 282 5005 pi
319 4948 346 4986 n.
398 4974 404 4986 .
