<?xml version="1.0" encoding="UTF-8"?>
<!DOCTYPE html PUBLIC "-//W3C//DTD XHTML 1.0 Transitional//EN"
    "http://www.w3.org/TR/xhtml1/DTD/xhtml1-transitional.dtd">
<html xmlns="http://www.w3.org/1999/xhtml" xml:lang="en" lang="en">
 <head>
  <title>
</title>
<meta http-equiv="Content-Type" content="text/html;charset=utf-8" />
  <meta name='ocr-system' content='tesseract 3.04.00' />
  <meta name='ocr-capabilities' content='ocr_page ocr_carea ocr_par ocr_line ocrx_word'/>
</head>
<body>
  <div class='ocr_page' id='page_1' title='image "./epistolaeromano00thiegoog/epistolaeromano00thiegoog_0174.png"; bbox 0 0 3204 5506; ppageno 0'>
   <div class='ocr_carea' id='block_1_1' title="bbox 290 105 1369 170">
    <p class='ocr_par' dir='ltr' id='par_1_1' title="bbox 290 105 1369 170">
     <span class='ocr_line' id='line_1_1' title="bbox 290 105 1369 170; baseline 0.007 -8"><span class='ocrx_word' id='word_1_1' title='bbox 290 114 485 164; x_wconf 77' lang='lat' dir='ltr'><em>rrtsronau</em></span> <span class='ocrx_word' id='word_1_2' title='bbox 507 115 555 161; x_wconf 78' lang='lat' dir='ltr'><em>nn</em></span> <span class='ocrx_word' id='word_1_3' title='bbox 577 114 754 163; x_wconf 84' lang='lat' dir='ltr'><em>nnuxoxun</em></span> <span class='ocrx_word' id='word_1_4' title='bbox 777 114 986 165; x_wconf 77' lang='lat' dir='ltr'><em>consensum</em></span> <span class='ocrx_word' id='word_1_5' title='bbox 1010 115 1176 168; x_wconf 78' lang='lat' dir='ltr'><em>censoru.</em></span> <span class='ocrx_word' id='word_1_6' title='bbox 1309 105 1369 170; x_wconf 82' lang='lat'><em>125</em></span> 
     </span>
    </p>
   </div>
   <div class='ocr_carea' id='block_1_2' title="bbox 100 275 1367 3918">
    <p class='ocr_par' dir='ltr' id='par_1_2' title="bbox 100 275 1367 3918">
     <span class='ocr_line' id='line_1_2' title="bbox 166 275 1367 352; baseline 0.006 -21"><span class='ocrx_word' id='word_1_7' title='bbox 166 278 197 331; x_wconf 71' lang='lat' dir='ltr'><em>tt,</em></span> <span class='ocrx_word' id='word_1_8' title='bbox 209 281 229 331; x_wconf 90' lang='lat' dir='ltr'><em>ul</em></span> <span class='ocrx_word' id='word_1_9' title='bbox 242 279 306 333; x_wconf 88' lang='lat' dir='ltr'><em>eirea</em></span> <span class='ocrx_word' id='word_1_10' title='bbox 324 290 359 332; x_wconf 90' lang='lat' dir='ltr'><em>ea</em></span> <span class='ocrx_word' id='word_1_11' title='bbox 379 292 458 350; x_wconf 82' lang='lat' dir='ltr'><em>quae</em></span> <span class='ocrx_word' id='word_1_12' title='bbox 477 280 577 333; x_wconf 85' lang='lat' dir='ltr'><em>tamin</em></span> <span class='ocrx_word' id='word_1_13' title='bbox 594 275 707 333; x_wconf 87' lang='lat' dir='ltr'><em>Galliae</em></span> <span class='ocrx_word' id='word_1_14' title='bbox 722 295 807 351; x_wconf 83' lang='lat' dir='ltr'><em>quam</em></span> <span class='ocrx_word' id='word_1_15' title='bbox 823 281 851 333; x_wconf 87' lang='lat' dir='ltr'><em>in</em></span> <span class='ocrx_word' id='word_1_16' title='bbox 867 278 1031 351; x_wconf 79' lang='lat' dir='ltr'><strong><em>Hispaniae</em></strong></span> <span class='ocrx_word' id='word_1_17' title='bbox 1046 283 1208 352; x_wconf 84' lang='lat' dir='ltr'><em>prouinciis</em></span> <span class='ocrx_word' id='word_1_18' title='bbox 1224 282 1260 337; x_wconf 92' lang='lat' dir='ltr'><em>de</em></span> <span class='ocrx_word' id='word_1_19' title='bbox 1275 297 1367 338; x_wconf 87' lang='lat' dir='ltr'><em>causa</em></span> 
     </span>
     <span class='ocr_line' id='line_1_3' title="bbox 163 356 1367 441; baseline 0.003 -23"><span class='ocrx_word' id='word_1_20' title='bbox 163 356 256 430; x_wconf 50' lang='lat' dir='ltr'><em>&amp;aaa</em></span> <span class='ocrx_word' id='word_1_21' title='bbox 270 367 441 436; x_wconf 77' lang='lat' dir='ltr'><em>emergerent</em></span> <span class='ocrx_word' id='word_1_22' title='bbox 460 363 636 437; x_wconf 79' lang='lat' dir='ltr'><em>inoiprlaret,</em></span> <span class='ocrx_word' id='word_1_23' title='bbox 668 378 756 436; x_wconf 87' lang='lat' dir='ltr'><em>neque</em></span> <span class='ocrx_word' id='word_1_24' title='bbox 780 360 894 418; x_wconf 84' lang='lat' dir='ltr'><em>subinde</em></span> <span class='ocrx_word' id='word_1_25' title='bbox 920 372 1075 420; x_wconf 85' lang='lat' dir='ltr'><em>revocatum</em></span> <span class='ocrx_word' id='word_1_26' title='bbox 1102 363 1184 421; x_wconf 89' lang='lat' dir='ltr'><em>luerit</em></span> <span class='ocrx_word' id='word_1_27' title='bbox 1211 365 1263 422; x_wconf 86' lang='lat' dir='ltr'><em>ltoc</em></span> <span class='ocrx_word' id='word_1_28' title='bbox 1287 367 1367 441; x_wconf 89' lang='lat' dir='ltr'><em>privi-</em></span> 
     </span>
     <span class='ocr_line' id='line_1_4' title="bbox 160 432 1367 524; baseline 0.005 -24"><span class='ocrx_word' id='word_1_29' title='bbox 160 432 232 511; x_wconf 70' lang='lat' dir='ltr'><em>lttfn,</em></span> <span class='ocrx_word' id='word_1_30' title='bbox 251 446 321 503; x_wconf 85' lang='lat' dir='ltr'><em>inno</em></span> <span class='ocrx_word' id='word_1_31' title='bbox 340 444 481 503; x_wconf 74' lang='lat' dir='ltr'>Caesarius</span> <span class='ocrx_word' id='word_1_32' title='bbox 506 463 561 503; x_wconf 93' lang='lat' dir='ltr'><em>non</em></span> <span class='ocrx_word' id='word_1_33' title='bbox 587 447 684 502; x_wconf 84' lang='lat' dir='ltr'><em>minori</em></span> <span class='ocrx_word' id='word_1_34' title='bbox 710 446 780 522; x_wconf 87' lang='lat' dir='ltr'><em>apud</em></span> <span class='ocrx_word' id='word_1_35' title='bbox 798 445 964 504; x_wconf 86' lang='lat' dir='ltr'><em>Rormisdam</em></span> <span class='ocrx_word' id='word_1_36' title='bbox 987 465 1065 524; x_wconf 87' lang='lat' dir='ltr'><em>qnam</em></span> <span class='ocrx_word' id='word_1_37' title='bbox 1087 448 1158 523; x_wconf 86' lang='lat' dir='ltr'><em>apud</em></span> <span class='ocrx_word' id='word_1_38' title='bbox 1179 449 1367 524; x_wconf 74' lang='lat' dir='ltr'>Symmachum</span> 
     </span>
     <span class='ocr_line' id='line_1_5' title="bbox 153 527 322 604; baseline -0.024 -14"><span class='ocrx_word' id='word_1_39' title='bbox 153 527 322 604; x_wconf 73' lang='lat' dir='ltr'><em>tltlltpolleret.</em></span> 
     </span>
     <span class='ocr_line' id='line_1_6' title="bbox 207 614 1367 694; baseline 0.002 -22"><span class='ocrx_word' id='word_1_40' title='bbox 207 614 227 672; x_wconf 84' lang='grc'><em>6.</em></span> <span class='ocrx_word' id='word_1_41' title='bbox 246 615 270 670; x_wconf 93' lang='lat' dir='ltr'><em>ld</em></span> <span class='ocrx_word' id='word_1_42' title='bbox 286 614 335 672; x_wconf 89' lang='lat' dir='ltr'><em>sibl</em></span> <span class='ocrx_word' id='word_1_43' title='bbox 350 617 452 690; x_wconf 91' lang='lat' dir='ltr'><em>opponi</em></span> <span class='ocrx_word' id='word_1_44' title='bbox 467 632 549 690; x_wconf 90' lang='lat' dir='ltr'><em>posse</em></span> <span class='ocrx_word' id='word_1_45' title='bbox 563 618 749 691; x_wconf 79' lang='lat' dir='ltr'>praesentiens</span> <span class='ocrx_word' id='word_1_46' title='bbox 765 616 923 674; x_wconf 89' lang='lat' dir='ltr'><em>Hincmarus</em></span> <span class='ocrx_word' id='word_1_47' title='bbox 944 635 1038 692; x_wconf 91' lang='lat' dir='ltr'><em>opusc.</em></span> <span class='ocrx_word' id='word_1_48' title='bbox 1056 618 1095 676; x_wconf 84' lang='lat'><em>55</em></span> <span class='ocrx_word' id='word_1_49' title='bbox 1112 635 1169 693; x_wconf 91' lang='lat' dir='ltr'><em>cap.</em></span> <span class='ocrx_word' id='word_1_50' title='bbox 1189 618 1227 676; x_wconf 82' lang='lat'><em>19</em></span> <span class='ocrx_word' id='word_1_51' title='bbox 1244 637 1367 694; x_wconf 85' lang='lat' dir='ltr'><em>praeser-</em></span> 
     </span>
     <span class='ocr_line' id='line_1_7' title="bbox 100 688 1367 779; baseline 0.003 -22"><span class='ocrx_word' id='word_1_52' title='bbox 100 750 102 757; x_wconf 93' lang='lat'><em>.</em></span> <span class='ocrx_word' id='word_1_53' title='bbox 141 688 182 749; x_wconf 48' lang='grc' dir='ltr'><em>’ἢ</em></span> <span class='ocrx_word' id='word_1_54' title='bbox 193 699 243 756; x_wconf 88' lang='lat' dir='ltr'><em>ilud</em></span> <span class='ocrx_word' id='word_1_55' title='bbox 256 710 365 757; x_wconf 85' lang='lat' dir='ltr'><em>conatur</em></span> <span class='ocrx_word' id='word_1_56' title='bbox 378 701 421 757; x_wconf 87' lang='lat' dir='ltr'><em>his</em></span> <span class='ocrx_word' id='word_1_57' title='bbox 437 700 539 758; x_wconf 85' lang='lat' dir='ltr'><em>verbis:</em></span> <span class='ocrx_word' id='word_1_58' title='bbox 568 703 725 759; x_wconf 83' lang='lat' dir='ltr'><em>Hormisda</em></span> <span class='ocrx_word' id='word_1_59' title='bbox 746 706 823 760; x_wconf 85' lang='lat' dir='ltr'><em>vices</em></span> <span class='ocrx_word' id='word_1_60' title='bbox 844 719 915 760; x_wconf 88' lang='lat' dir='ltr'><em>suus</em></span> <span class='ocrx_word' id='word_1_61' title='bbox 935 720 958 760; x_wconf 87' lang='lat' dir='ltr'><em>s.</em></span> <span class='ocrx_word' id='word_1_62' title='bbox 976 704 1103 777; x_wconf 77' lang='lat' dir='ltr'><em>Remigio</em></span> <span class='ocrx_word' id='word_1_63' title='bbox 1113 720 1173 776; x_wconf 88' lang='lat' dir='ltr'><em>per</em></span> <span class='ocrx_word' id='word_1_64' title='bbox 1188 705 1323 779; x_wconf 77' lang='lat' dir='ltr'><em>Belgicus</em></span> <span class='ocrx_word' id='word_1_65' title='bbox 1340 713 1367 761; x_wconf 90' lang='lat' dir='ltr'><em>et</em></span> 
     </span>
     <span class='ocr_line' id='line_1_8' title="bbox 131 785 1367 861; baseline 0.004 -20"><span class='ocrx_word' id='word_1_66' title='bbox 131 785 243 842; x_wconf 66' lang='lat' dir='ltr'><em>nouas</em></span> <span class='ocrx_word' id='word_1_67' title='bbox 252 789 418 859; x_wconf 80' lang='lat' dir='ltr'><em>prouincias</em></span> <span class='ocrx_word' id='word_1_68' title='bbox 434 786 604 844; x_wconf 85' lang='lat' dir='ltr'><em>Gallicanus</em></span> <span class='ocrx_word' id='word_1_69' title='bbox 619 791 763 859; x_wconf 84' lang='lat' dir='ltr'><em>commisit,</em></span> <span class='ocrx_word' id='word_1_70' title='bbox 781 795 811 844; x_wconf 90' lang='lat' dir='ltr'><em>ul</em></span> <span class='ocrx_word' id='word_1_71' title='bbox 822 789 877 844; x_wconf 84' lang='lat' dir='ltr'><em>Dei</em></span> <span class='ocrx_word' id='word_1_72' title='bbox 891 791 1040 858; x_wconf 83' lang='lat' dir='ltr'><em>ecclesias,</em></span> <span class='ocrx_word' id='word_1_73' title='bbox 1057 805 1131 861; x_wconf 83' lang='lat' dir='ltr'><em>quos</em></span> <span class='ocrx_word' id='word_1_74' title='bbox 1144 789 1257 846; x_wconf 83' lang='lat' dir='ltr'><em>Franci</em></span> <span class='ocrx_word' id='word_1_75' title='bbox 1271 791 1367 846; x_wconf 76' lang='lat' dir='ltr'><em>adlice</em></span> 
     </span>
     <span class='ocr_line' id='line_1_9' title="bbox 119 870 1365 948; baseline 0.002 -20"><span class='ocrx_word' id='word_1_76' title='bbox 119 870 218 935; x_wconf 65' lang='lat' dir='ltr'><em>maii</em></span> <span class='ocrx_word' id='word_1_77' title='bbox 229 873 449 929; x_wconf 64' lang='lat' dir='ltr'><em>devastaverant</em></span> <span class='ocrx_word' id='word_1_78' title='bbox 468 876 603 929; x_wconf 84' lang='lat' dir='ltr'><em>uniuersa</em></span> <span class='ocrx_word' id='word_1_79' title='bbox 624 875 811 945; x_wconf 78' lang='lat' dir='ltr'><em>praedantes,</em></span> <span class='ocrx_word' id='word_1_80' title='bbox 838 880 866 929; x_wconf 87' lang='lat' dir='ltr'><em>et</em></span> <span class='ocrx_word' id='word_1_81' title='bbox 883 889 1081 946; x_wconf 83' lang='lat' dir='ltr'><em>quaecumque</em></span> <span class='ocrx_word' id='word_1_82' title='bbox 1103 890 1264 947; x_wconf 82' lang='lat' dir='ltr'><em>perperam</em></span> <span class='ocrx_word' id='word_1_83' title='bbox 1285 881 1365 948; x_wconf 77' lang='lat' dir='ltr'><em>gesta</em></span> 
     </span>
     <span class='ocr_line' id='line_1_10' title="bbox 111 937 1366 1036; baseline 0.001 -24"><span class='ocrx_word' id='word_1_84' title='bbox 111 937 231 1036; x_wconf 51' lang='lat' dir='ltr'><em>furunt,</em></span> <span class='ocrx_word' id='word_1_85' title='bbox 245 957 285 1013; x_wconf 90' lang='lat' dir='ltr'><em>ad</em></span> <span class='ocrx_word' id='word_1_86' title='bbox 295 957 418 1013; x_wconf 88' lang='lat' dir='ltr'><em>debitum</em></span> <span class='ocrx_word' id='word_1_87' title='bbox 433 951 538 1014; x_wconf 84' lang='lat' dir='ltr'><em>statum</em></span> <span class='ocrx_word' id='word_1_88' title='bbox 553 959 714 1028; x_wconf 82' lang='lat' dir='ltr'><em>reduceret,</em></span> <span class='ocrx_word' id='word_1_89' title='bbox 733 965 867 1014; x_wconf 84' lang='lat' dir='ltr'><em>manente</em></span> <span class='ocrx_word' id='word_1_90' title='bbox 879 960 1030 1032; x_wconf 80' lang='lat' dir='ltr'><em>privilegio</em></span> <span class='ocrx_word' id='word_1_91' title='bbox 1045 959 1211 1015; x_wconf 77' lang='lat' dir='ltr'><em>Arelatensi</em></span> <span class='ocrx_word' id='word_1_92' title='bbox 1225 962 1366 1016; x_wconf 84' lang='lat' dir='ltr'><em>ecclesiae</em></span> 
     </span>
     <span class='ocr_line' id='line_1_11' title="bbox 106 1040 1366 1117; baseline 0.002 -21"><span class='ocrx_word' id='word_1_93' title='bbox 106 1040 130 1078; x_wconf 68' lang='lat' dir='ltr'><em>l*</em></span> <span class='ocrx_word' id='word_1_94' title='bbox 153 1042 210 1098; x_wconf 72' lang='lat' dir='ltr'><em>etti</em></span> <span class='ocrx_word' id='word_1_95' title='bbox 224 1040 380 1115; x_wconf 64' lang='lat' dir='ltr'><em>annuatur</em></span> <span class='ocrx_word' id='word_1_96' title='bbox 395 1043 533 1117; x_wconf 77' lang='lat' dir='ltr'><em>delegatis</em></span> <span class='ocrx_word' id='word_1_97' title='bbox 545 1046 711 1115; x_wconf 85' lang='lat' dir='ltr'><em>proviaciis.</em></span> <span class='ocrx_word' id='word_1_98' title='bbox 742 1042 795 1098; x_wconf 81' lang='lat' dir='ltr'><em>Sed</em></span> <span class='ocrx_word' id='word_1_99' title='bbox 810 1059 899 1116; x_wconf 82' lang='lat' dir='ltr'><em>neque</em></span> <span class='ocrx_word' id='word_1_100' title='bbox 915 1044 964 1099; x_wconf 90' lang='lat' dir='ltr'><em>bac</em></span> <span class='ocrx_word' id='word_1_101' title='bbox 979 1045 1083 1099; x_wconf 91' lang='lat' dir='ltr'><em>ratione</em></span> <span class='ocrx_word' id='word_1_102' title='bbox 1099 1043 1298 1099; x_wconf 90' lang='lat' dir='ltr'><em>incommodum</em></span> <span class='ocrx_word' id='word_1_103' title='bbox 1310 1044 1366 1114; x_wconf 86' lang='lat' dir='ltr'><em>jam</em></span> 
     </span>
     <span class='ocr_line' id='line_1_12' title="bbox 100 1121 1367 1202; baseline 0.002 -21"><span class='ocrx_word' id='word_1_104' title='bbox 100 1124 222 1182; x_wconf 64' lang='lat' dir='ltr'><em>illlata·</em></span> <span class='ocrx_word' id='word_1_105' title='bbox 235 1134 317 1189; x_wconf 78' lang='lat' dir='ltr'><em>ravel,</em></span> <span class='ocrx_word' id='word_1_106' title='bbox 339 1143 395 1201; x_wconf 89' lang='lat' dir='ltr'><em>qno</em></span> <span class='ocrx_word' id='word_1_107' title='bbox 416 1143 465 1200; x_wconf 90' lang='lat' dir='ltr'><em>per</em></span> <span class='ocrx_word' id='word_1_108' title='bbox 480 1144 559 1184; x_wconf 92' lang='lat' dir='ltr'><em>omne</em></span> <span class='ocrx_word' id='word_1_109' title='bbox 574 1126 702 1184; x_wconf 86' lang='lat' dir='ltr'><em>Clodovei</em></span> <span class='ocrx_word' id='word_1_110' title='bbox 718 1144 832 1202; x_wconf 87' lang='lat' dir='ltr'><em>regnum</em></span> <span class='ocrx_word' id='word_1_111' title='bbox 850 1121 990 1184; x_wconf 86' lang='lat' dir='ltr'><em>llormisda</em></span> <span class='ocrx_word' id='word_1_112' title='bbox 1013 1127 1132 1185; x_wconf 90' lang='lat' dir='ltr'><em>nondum</em></span> <span class='ocrx_word' id='word_1_113' title='bbox 1148 1128 1270 1202; x_wconf 75' lang='lat' dir='ltr'><em>pontifex</em></span> <span class='ocrx_word' id='word_1_114' title='bbox 1286 1130 1367 1202; x_wconf 84' lang='lat' dir='ltr'><em>privi-</em></span> 
     </span>
     <span class='ocr_line' id='line_1_13' title="bbox 100 1205 1367 1287; baseline -0.001 -20"><span class='ocrx_word' id='word_1_115' title='bbox 100 1205 201 1275; x_wconf 66' lang='lat' dir='ltr'><em>esium</em></span> <span class='ocrx_word' id='word_1_116' title='bbox 214 1210 361 1268; x_wconf 84' lang='lat' dir='ltr'><em>concedere</em></span> <span class='ocrx_word' id='word_1_117' title='bbox 376 1214 496 1286; x_wconf 90' lang='lat' dir='ltr'><em>ponitur.</em></span> <span class='ocrx_word' id='word_1_118' title='bbox 529 1211 627 1269; x_wconf 85' lang='lat' dir='ltr'><em>Deinde</em></span> <span class='ocrx_word' id='word_1_119' title='bbox 643 1229 697 1287; x_wconf 90' lang='lat' dir='ltr'><em>qno</em></span> <span class='ocrx_word' id='word_1_120' title='bbox 712 1221 792 1287; x_wconf 90' lang='lat' dir='ltr'><em>paeto</em></span> <span class='ocrx_word' id='word_1_121' title='bbox 814 1215 939 1286; x_wconf 89' lang='lat' dir='ltr'><em>componi</em></span> <span class='ocrx_word' id='word_1_122' title='bbox 961 1211 1032 1268; x_wconf 89' lang='lat' dir='ltr'><em>istud</em></span> <span class='ocrx_word' id='word_1_123' title='bbox 1054 1221 1155 1286; x_wconf 87' lang='lat' dir='ltr'><em>potest,</em></span> <span class='ocrx_word' id='word_1_124' title='bbox 1179 1220 1209 1268; x_wconf 91' lang='lat' dir='ltr'><em>ul</em></span> <span class='ocrx_word' id='word_1_125' title='bbox 1224 1212 1367 1268; x_wconf 85' lang='lat' dir='ltr'><em>Hormisda</em></span> 
     </span>
     <span class='ocr_line' id='line_1_14' title="bbox 101 1297 1365 1372; baseline 0 -21"><span class='ocrx_word' id='word_1_126' title='bbox 101 1297 218 1372; x_wconf 59' lang='lat' dir='ltr'><em>&amp;nigio</em></span> <span class='ocrx_word' id='word_1_127' title='bbox 230 1312 287 1369; x_wconf 84' lang='lat' dir='ltr'><em>per</em></span> <span class='ocrx_word' id='word_1_128' title='bbox 301 1313 382 1354; x_wconf 90' lang='lat' dir='ltr'><em>omne</em></span> <span class='ocrx_word' id='word_1_129' title='bbox 398 1297 529 1356; x_wconf 83' lang='lat' dir='ltr'><em>Cladooei</em></span> <span class='ocrx_word' id='word_1_130' title='bbox 543 1314 661 1372; x_wconf 76' lang='lat' dir='ltr'><em>regnum</em></span> <span class='ocrx_word' id='word_1_131' title='bbox 682 1299 752 1354; x_wconf 83' lang='lat' dir='ltr'><em>vices</em></span> <span class='ocrx_word' id='word_1_132' title='bbox 774 1314 836 1353; x_wconf 91' lang='lat' dir='ltr'><em>suas</em></span> <span class='ocrx_word' id='word_1_133' title='bbox 858 1299 1030 1359; x_wconf 83' lang='lat' dir='ltr'><em>commiserit,</em></span> <span class='ocrx_word' id='word_1_134' title='bbox 1053 1306 1080 1353; x_wconf 93' lang='lat' dir='ltr'><em>et</em></span> <span class='ocrx_word' id='word_1_135' title='bbox 1102 1297 1181 1353; x_wconf 90' lang='lat' dir='ltr'><em>simul</em></span> <span class='ocrx_word' id='word_1_136' title='bbox 1200 1297 1365 1354; x_wconf 79' lang='lat' dir='ltr'><em>Arelatensis</em></span> 
     </span>
     <span class='ocr_line' id='line_1_15' title="bbox 100 1375 1366 1457; baseline 0.002 -22"><span class='ocrx_word' id='word_1_137' title='bbox 100 1375 223 1438; x_wconf 56' lang='lat' dir='ltr'><em>ntem</em></span> <span class='ocrx_word' id='word_1_138' title='bbox 242 1386 272 1438; x_wconf 86' lang='lat' dir='ltr'><em>in</em></span> <span class='ocrx_word' id='word_1_139' title='bbox 294 1382 349 1438; x_wconf 85' lang='lat' dir='ltr'><em>sibi</em></span> <span class='ocrx_word' id='word_1_140' title='bbox 368 1387 526 1457; x_wconf 80' lang='lat' dir='ltr'><em>antiquitus</em></span> <span class='ocrx_word' id='word_1_141' title='bbox 546 1384 685 1457; x_wconf 75' lang='lat' dir='ltr'><em>delegatis</em></span> <span class='ocrx_word' id='word_1_142' title='bbox 697 1386 856 1455; x_wconf 86' lang='lat' dir='ltr'><em>prouinciis</em></span> <span class='ocrx_word' id='word_1_143' title='bbox 871 1383 1042 1456; x_wconf 87' lang='lat' dir='ltr'><em>privilegium</em></span> <span class='ocrx_word' id='word_1_144' title='bbox 1057 1382 1159 1439; x_wconf 87' lang='lat' dir='ltr'><em>salvum</em></span> <span class='ocrx_word' id='word_1_145' title='bbox 1174 1384 1366 1456; x_wconf 87' lang='lat' dir='ltr'><em>integrumque</em></span> 
     </span>
     <span class='ocr_line' id='line_1_16' title="bbox 100 1464 1366 1542; baseline -0.001 -19"><span class='ocrx_word' id='word_1_146' title='bbox 100 1466 241 1523; x_wconf 68' lang='lat' dir='ltr'><em>ment?</em></span> <span class='ocrx_word' id='word_1_147' title='bbox 269 1464 516 1524; x_wconf 82' lang='lat' dir='ltr'><em>Existimandumne</em></span> <span class='ocrx_word' id='word_1_148' title='bbox 531 1477 581 1532; x_wconf 89' lang='lat' dir='ltr'><em>est,</em></span> <span class='ocrx_word' id='word_1_149' title='bbox 603 1467 752 1524; x_wconf 78' lang='lat' dir='ltr'><em>Arelatensi</em></span> <span class='ocrx_word' id='word_1_150' title='bbox 773 1469 902 1542; x_wconf 88' lang='lat' dir='ltr'><em>episeopo</em></span> <span class='ocrx_word' id='word_1_151' title='bbox 923 1484 973 1542; x_wconf 91' lang='lat' dir='ltr'><em>per</em></span> <span class='ocrx_word' id='word_1_152' title='bbox 993 1484 1036 1523; x_wconf 90' lang='lat' dir='ltr'><em>eas</em></span> <span class='ocrx_word' id='word_1_153' title='bbox 1058 1485 1123 1523; x_wconf 87' lang='lat' dir='ltr'><em>unas</em></span> <span class='ocrx_word' id='word_1_154' title='bbox 1145 1466 1287 1523; x_wconf 85' lang='lat' dir='ltr'><em>Galliarum</em></span> <span class='ocrx_word' id='word_1_155' title='bbox 1304 1485 1366 1541; x_wconf 91' lang='lat' dir='ltr'><em>pro·</em></span> 
     </span>
     <span class='ocr_line' id='line_1_17' title="bbox 100 1551 1366 1628; baseline 0.001 -21"><span class='ocrx_word' id='word_1_156' title='bbox 100 1552 203 1614; x_wconf 67' lang='lat' dir='ltr'><em>neta,</em></span> <span class='ocrx_word' id='word_1_157' title='bbox 223 1566 293 1627; x_wconf 85' lang='lat' dir='ltr'><em>quae</em></span> <span class='ocrx_word' id='word_1_158' title='bbox 306 1551 478 1610; x_wconf 81' lang='lat' dir='ltr'><em>&#39;lbeodorico</em></span> <span class='ocrx_word' id='word_1_159' title='bbox 499 1554 558 1628; x_wconf 90' lang='lat' dir='ltr'><em>regi</em></span> <span class='ocrx_word' id='word_1_160' title='bbox 577 1551 714 1628; x_wconf 89' lang='lat' dir='ltr'><em>parebant,</em></span> <span class='ocrx_word' id='word_1_161' title='bbox 736 1551 858 1627; x_wconf 83' lang='lat' dir='ltr'><em>Remigio</em></span> <span class='ocrx_word' id='word_1_162' title='bbox 879 1569 943 1608; x_wconf 88' lang='lat' dir='ltr'><em>vero</em></span> <span class='ocrx_word' id='word_1_163' title='bbox 964 1569 1014 1625; x_wconf 91' lang='lat' dir='ltr'><em>per</em></span> <span class='ocrx_word' id='word_1_164' title='bbox 1031 1570 1075 1609; x_wconf 90' lang='lat' dir='ltr'><em>eas</em></span> <span class='ocrx_word' id='word_1_165' title='bbox 1091 1568 1194 1616; x_wconf 83' lang='lat' dir='ltr'><em>ornnes,</em></span> <span class='ocrx_word' id='word_1_166' title='bbox 1221 1569 1288 1627; x_wconf 90' lang='lat' dir='ltr'><em>quae</em></span> <span class='ocrx_word' id='word_1_167' title='bbox 1305 1551 1366 1608; x_wconf 80' lang='lat' dir='ltr'><em>Clo·</em></span> 
     </span>
     <span class='ocr_line' id='line_1_18' title="bbox 100 1635 1366 1712; baseline 0.002 -23"><span class='ocrx_word' id='word_1_168' title='bbox 100 1637 175 1693; x_wconf 73' lang='lat' dir='ltr'><em>»vel</em></span> <span class='ocrx_word' id='word_1_169' title='bbox 187 1635 285 1693; x_wconf 80' lang='lat' dir='ltr'><em>ditium</em></span> <span class='ocrx_word' id='word_1_170' title='bbox 299 1635 423 1694; x_wconf 89' lang='lat' dir='ltr'><em>subditae</em></span> <span class='ocrx_word' id='word_1_171' title='bbox 437 1646 522 1701; x_wconf 88' lang='lat' dir='ltr'><em>erant,</em></span> <span class='ocrx_word' id='word_1_172' title='bbox 537 1637 702 1712; x_wconf 84' lang='lat' dir='ltr'><em>apostolieae</em></span> <span class='ocrx_word' id='word_1_173' title='bbox 717 1638 790 1694; x_wconf 87' lang='lat' dir='ltr'><em>sedis</em></span> <span class='ocrx_word' id='word_1_174' title='bbox 806 1639 875 1694; x_wconf 87' lang='lat' dir='ltr'><em>vices</em></span> <span class='ocrx_word' id='word_1_175' title='bbox 887 1636 971 1693; x_wconf 89' lang='lat' dir='ltr'><em>inisse</em></span> <span class='ocrx_word' id='word_1_176' title='bbox 984 1637 1170 1694; x_wconf 89' lang='lat' dir='ltr'><em>demandatasl</em></span> <span class='ocrx_word' id='word_1_177' title='bbox 1192 1636 1260 1693; x_wconf 87' lang='lat' dir='ltr'><em>Sane</em></span> <span class='ocrx_word' id='word_1_178' title='bbox 1273 1635 1366 1709; x_wconf 89' lang='lat' dir='ltr'><em>hujus·</em></span> 
     </span>
     <span class='ocr_line' id='line_1_19' title="bbox 100 1719 1366 1797; baseline 0 -20"><span class='ocrx_word' id='word_1_179' title='bbox 100 1719 169 1777; x_wconf 83' lang='lat' dir='ltr'><em>odi</em></span> <span class='ocrx_word' id='word_1_180' title='bbox 187 1723 405 1797; x_wconf 82' lang='lat' dir='ltr'><em>interpretationi</em></span> <span class='ocrx_word' id='word_1_181' title='bbox 427 1722 516 1780; x_wconf 92' lang='lat' dir='ltr'><em>locum</em></span> <span class='ocrx_word' id='word_1_182' title='bbox 534 1739 588 1779; x_wconf 90' lang='lat' dir='ltr'><em>non</em></span> <span class='ocrx_word' id='word_1_183' title='bbox 608 1724 768 1797; x_wconf 90' lang='lat' dir='ltr'><em>permittunt</em></span> <span class='ocrx_word' id='word_1_184' title='bbox 784 1722 941 1779; x_wconf 90' lang='lat' dir='ltr'><em>Hormisdae</em></span> <span class='ocrx_word' id='word_1_185' title='bbox 961 1738 1134 1779; x_wconf 89' lang='lat' dir='ltr'><em>successores</em></span> <span class='ocrx_word' id='word_1_186' title='bbox 1151 1721 1272 1796; x_wconf 87' lang='lat' dir='ltr'><em>Vigilius,</em></span> <span class='ocrx_word' id='word_1_187' title='bbox 1292 1721 1366 1777; x_wconf 88' lang='lat' dir='ltr'><em>Pela·</em></span> 
     </span>
     <span class='ocr_line' id='line_1_20' title="bbox 100 1805 1365 1882; baseline 0 -21"><span class='ocrx_word' id='word_1_188' title='bbox 100 1820 159 1861; x_wconf 73' lang='lat' dir='ltr'><em>us</em></span> <span class='ocrx_word' id='word_1_189' title='bbox 172 1805 182 1861; x_wconf 94' lang='lat' dir='ltr'><em>l</em></span> <span class='ocrx_word' id='word_1_190' title='bbox 195 1813 259 1870; x_wconf 79' lang='lat' dir='ltr'><em>etc,</em></span> <span class='ocrx_word' id='word_1_191' title='bbox 281 1806 345 1863; x_wconf 91' lang='lat' dir='ltr'><em>dum</em></span> <span class='ocrx_word' id='word_1_192' title='bbox 361 1808 491 1871; x_wconf 76' lang='lat' dir='ltr'><em>Antania,</em></span> <span class='ocrx_word' id='word_1_193' title='bbox 513 1808 665 1871; x_wconf 89' lang='lat' dir='ltr'><em>Aureliano,</em></span> <span class='ocrx_word' id='word_1_194' title='bbox 687 1808 811 1882; x_wconf 81' lang='lat' dir='ltr'><em>Sapaudo</em></span> <span class='ocrx_word' id='word_1_195' title='bbox 832 1808 922 1864; x_wconf 83' lang='lat' dir='ltr'><em>aliisve</em></span> <span class='ocrx_word' id='word_1_196' title='bbox 938 1807 1052 1863; x_wconf 83' lang='lat' dir='ltr'><em>Caesarii</em></span> <span class='ocrx_word' id='word_1_197' title='bbox 1067 1807 1270 1865; x_wconf 90' lang='lat' dir='ltr'><em>successoribus</em></span> <span class='ocrx_word' id='word_1_198' title='bbox 1284 1808 1365 1881; x_wconf 91' lang='lat' dir='ltr'><em>privi-</em></span> 
     </span>
     <span class='ocr_line' id='line_1_21' title="bbox 100 1889 1365 1967; baseline -0.002 -20"><span class='ocrx_word' id='word_1_199' title='bbox 100 1890 204 1966; x_wconf 73' lang='lat' dir='ltr'><em>gin.</em></span> <span class='ocrx_word' id='word_1_200' title='bbox 225 1908 281 1967; x_wconf 86' lang='lat' dir='ltr'><em>quo</em></span> <span class='ocrx_word' id='word_1_201' title='bbox 302 1891 422 1967; x_wconf 80' lang='lat' dir='ltr'><em>gaudere</em></span> <span class='ocrx_word' id='word_1_202' title='bbox 442 1892 546 1949; x_wconf 83' lang='lat' dir='ltr'><em>solebat</em></span> <span class='ocrx_word' id='word_1_203' title='bbox 566 1910 660 1950; x_wconf 90' lang='lat' dir='ltr'><em>eorum</em></span> <span class='ocrx_word' id='word_1_204' title='bbox 681 1892 802 1955; x_wconf 88' lang='lat' dir='ltr'><em>eeclesia,</em></span> <span class='ocrx_word' id='word_1_205' title='bbox 824 1891 987 1967; x_wconf 85' lang='lat' dir='ltr'><em>largiuntur.</em></span> <span class='ocrx_word' id='word_1_206' title='bbox 1024 1892 1058 1948; x_wconf 88' lang='lat' dir='ltr'><em>Ut</em></span> <span class='ocrx_word' id='word_1_207' title='bbox 1079 1893 1148 1948; x_wconf 88' lang='lat' dir='ltr'><em>enim</em></span> <span class='ocrx_word' id='word_1_208' title='bbox 1169 1908 1264 1948; x_wconf 91' lang='lat' dir='ltr'><em>eornm</em></span> <span class='ocrx_word' id='word_1_209' title='bbox 1285 1889 1365 1947; x_wconf 85' lang='lat' dir='ltr'><em>verbo</em></span> 
     </span>
     <span class='ocr_line' id='line_1_22' title="bbox 100 1973 1365 2051; baseline -0.001 -19"><span class='ocrx_word' id='word_1_210' title='bbox 100 1973 193 2032; x_wconf 74' lang='lat' dir='ltr'><em>ribus</em></span> <span class='ocrx_word' id='word_1_211' title='bbox 207 1977 256 2032; x_wconf 80' lang='lat' dir='ltr'><em>hec</em></span> <span class='ocrx_word' id='word_1_212' title='bbox 278 1979 421 2035; x_wconf 76' lang='lat' dir='ltr'><em>occasione</em></span> <span class='ocrx_word' id='word_1_213' title='bbox 437 1985 553 2034; x_wconf 89' lang='lat' dir='ltr'><em>utuntur</em></span> <span class='ocrx_word' id='word_1_214' title='bbox 574 1986 715 2041; x_wconf 87' lang='lat' dir='ltr'><em>taceamus,</em></span> <span class='ocrx_word' id='word_1_215' title='bbox 737 1995 793 2034; x_wconf 94' lang='lat' dir='ltr'><em>rem</em></span> <span class='ocrx_word' id='word_1_216' title='bbox 815 1977 892 2051; x_wconf 90' lang='lat' dir='ltr'><em>plane</em></span> <span class='ocrx_word' id='word_1_217' title='bbox 911 1979 1008 2034; x_wconf 88' lang='lat' dir='ltr'><em>evincit</em></span> <span class='ocrx_word' id='word_1_218' title='bbox 1029 1978 1071 2033; x_wconf 87' lang='lat' dir='ltr'><em>vel</em></span> <span class='ocrx_word' id='word_1_219' title='bbox 1087 1994 1138 2032; x_wconf 90' lang='lat' dir='ltr'><em>una</em></span> <span class='ocrx_word' id='word_1_220' title='bbox 1154 1978 1293 2050; x_wconf 87' lang='lat' dir='ltr'><em>inscriptio</em></span> <span class='ocrx_word' id='word_1_221' title='bbox 1309 1977 1365 2049; x_wconf 90' lang='lat' dir='ltr'><em>epi·</em></span> 
     </span>
     <span class='ocr_line' id='line_1_23' title="bbox 101 2059 1364 2138; baseline 0.001 -22"><span class='ocrx_word' id='word_1_222' title='bbox 101 2059 192 2125; x_wconf 71' lang='lat' dir='ltr'><em>otu,</em></span> <span class='ocrx_word' id='word_1_223' title='bbox 213 2078 266 2137; x_wconf 83' lang='lat' dir='ltr'><em>qua</em></span> <span class='ocrx_word' id='word_1_224' title='bbox 284 2061 400 2137; x_wconf 68' lang='lat' dir='ltr'><em>vigilius</em></span> <span class='ocrx_word' id='word_1_225' title='bbox 419 2062 508 2120; x_wconf 84' lang='lat' dir='ltr'><em>Gallos</em></span> <span class='ocrx_word' id='word_1_226' title='bbox 530 2063 563 2120; x_wconf 91' lang='lat' dir='ltr'><em>de</em></span> <span class='ocrx_word' id='word_1_227' title='bbox 584 2065 640 2120; x_wconf 84' lang='lat' dir='ltr'><em>vice</em></span> <span class='ocrx_word' id='word_1_228' title='bbox 661 2062 825 2138; x_wconf 89' lang='lat' dir='ltr'><em>apostolicae</em></span> <span class='ocrx_word' id='word_1_229' title='bbox 847 2061 918 2119; x_wconf 87' lang='lat' dir='ltr'><em>sedis</em></span> <span class='ocrx_word' id='word_1_230' title='bbox 934 2064 1055 2118; x_wconf 74' lang='lat' dir='ltr'><em>Auianio</em></span> <span class='ocrx_word' id='word_1_231' title='bbox 1077 2062 1221 2118; x_wconf 89' lang='lat' dir='ltr'><em>commissa</em></span> <span class='ocrx_word' id='word_1_232' title='bbox 1234 2062 1364 2118; x_wconf 86' lang='lat' dir='ltr'><em>certiores</em></span> 
     </span>
     <span class='ocr_line' id='line_1_24' title="bbox 100 2145 1363 2222; baseline -0.002 -18"><span class='ocrx_word' id='word_1_233' title='bbox 100 2149 171 2204; x_wconf 70' lang='lat' dir='ltr'><em>cit</em></span> <span class='ocrx_word' id='word_1_234' title='bbox 199 2145 358 2204; x_wconf 76' lang='lat' dir='ltr'><em>{ascribitur</em></span> <span class='ocrx_word' id='word_1_235' title='bbox 373 2150 472 2222; x_wconf 90' lang='lat' dir='ltr'><em>quippe</em></span> <span class='ocrx_word' id='word_1_236' title='bbox 487 2152 629 2206; x_wconf 84' lang='lat' dir='ltr'><em>universis</em></span> <span class='ocrx_word' id='word_1_237' title='bbox 643 2151 786 2221; x_wconf 83' lang='lat' dir='ltr'><em>episcopis</em></span> <span class='ocrx_word' id='word_1_238' title='bbox 806 2152 928 2205; x_wconf 87' lang='lat' dir='ltr'><em>omnium</em></span> <span class='ocrx_word' id='word_1_239' title='bbox 940 2151 1160 2220; x_wconf 83' lang='lat' dir='ltr'><em>provinciarum</em></span> <span class='ocrx_word' id='word_1_240' title='bbox 1173 2164 1229 2220; x_wconf 91' lang='lat' dir='ltr'><em>per</em></span> <span class='ocrx_word' id='word_1_241' title='bbox 1246 2147 1363 2216; x_wconf 81' lang='lat' dir='ltr'><em>Gallias,</em></span> 
     </span>
     <span class='ocr_line' id='line_1_25' title="bbox 100 2233 1365 2308; baseline -0.005 -16"><span class='ocrx_word' id='word_1_242' title='bbox 100 2235 151 2292; x_wconf 76' lang='grc' dir='ltr'><em>ιη’</em></span> <span class='ocrx_word' id='word_1_243' title='bbox 165 2233 212 2288; x_wconf 79' lang='lat' dir='ltr'><em>rub</em></span> <span class='ocrx_word' id='word_1_244' title='bbox 226 2248 315 2307; x_wconf 81' lang='lat' dir='ltr'><em>regna</em></span> <span class='ocrx_word' id='word_1_245' title='bbox 330 2235 374 2290; x_wconf 86' lang='lat' dir='ltr'><em>ael</em></span> <span class='ocrx_word' id='word_1_246' title='bbox 387 2240 530 2305; x_wconf 84' lang='lat' dir='ltr'><em>potestate</em></span> <span class='ocrx_word' id='word_1_247' title='bbox 543 2237 739 2308; x_wconf 64' lang='lat' dir='ltr'><em>gloriosissimi</em></span> <span class='ocrx_word' id='word_1_248' title='bbox 750 2235 805 2306; x_wconf 73' lang='lat' dir='ltr'><em>filii</em></span> <span class='ocrx_word' id='word_1_249' title='bbox 819 2237 912 2290; x_wconf 85' lang='lat' dir='ltr'><em>nostri</em></span> <span class='ocrx_word' id='word_1_250' title='bbox 917 2233 1089 2290; x_wconf 82' lang='lat' dir='ltr'><em>Citildeberti</em></span> <span class='ocrx_word' id='word_1_251' title='bbox 1100 2237 1176 2307; x_wconf 81' lang='lat' dir='ltr'><em>repis</em></span> <span class='ocrx_word' id='word_1_252' title='bbox 1182 2234 1365 2303; x_wconf 83' lang='lat' dir='ltr'><em>Francorum</em></span> 
     </span>
     <span class='ocr_line' id='line_1_26' title="bbox 101 2316 1365 2393; baseline -0.006 -14"><span class='ocrx_word' id='word_1_253' title='bbox 101 2319 244 2379; x_wconf 74' lang='lat' dir='ltr'><em>onttituti</em></span> <span class='ocrx_word' id='word_1_254' title='bbox 256 2325 342 2384; x_wconf 61' lang='grc' dir='ltr'><em>τινας</em></span> <span class='ocrx_word' id='word_1_255' title='bbox 370 2317 571 2376; x_wconf 75' lang='lat' dir='ltr'><em>childebertum</em></span> <span class='ocrx_word' id='word_1_256' title='bbox 591 2327 680 2375; x_wconf 89' lang='lat' dir='ltr'><em>autem</em></span> <span class='ocrx_word' id='word_1_257' title='bbox 702 2316 829 2374; x_wconf 79' lang='lat' dir='ltr'><em>Clodovei</em></span> <span class='ocrx_word' id='word_1_258' title='bbox 852 2316 934 2374; x_wconf 88' lang='lat' dir='ltr'><em>lilium</em></span> <span class='ocrx_word' id='word_1_259' title='bbox 956 2319 983 2374; x_wconf 92' lang='lat' dir='ltr'><em>in</em></span> <span class='ocrx_word' id='word_1_260' title='bbox 1004 2319 1142 2374; x_wconf 78' lang='lat' dir='ltr'><em>maximam</em></span> <span class='ocrx_word' id='word_1_261' title='bbox 1163 2319 1267 2392; x_wconf 87' lang='lat' dir='ltr'><em>paterni</em></span> <span class='ocrx_word' id='word_1_262' title='bbox 1288 2317 1365 2393; x_wconf 89' lang='lat' dir='ltr'><em>regni</em></span> 
     </span>
     <span class='ocr_line' id='line_1_27' title="bbox 100 2401 1365 2479; baseline -0.005 -17"><span class='ocrx_word' id='word_1_263' title='bbox 100 2408 203 2462; x_wconf 65' lang='lat' dir='ltr'><em>artem</em></span> <span class='ocrx_word' id='word_1_264' title='bbox 221 2404 385 2460; x_wconf 84' lang='lat' dir='ltr'><em>successisse</em></span> <span class='ocrx_word' id='word_1_265' title='bbox 405 2421 484 2460; x_wconf 90' lang='lat' dir='ltr'><em>nemo</em></span> <span class='ocrx_word' id='word_1_266' title='bbox 508 2406 624 2479; x_wconf 88' lang='lat' dir='ltr'><em>ignorat.</em></span> <span class='ocrx_word' id='word_1_267' title='bbox 655 2402 730 2459; x_wconf 84' lang='lat' dir='ltr'><em>Unde</em></span> <span class='ocrx_word' id='word_1_268' title='bbox 750 2404 882 2478; x_wconf 86' lang='lat' dir='ltr'><em>sequitur,</em></span> <span class='ocrx_word' id='word_1_269' title='bbox 898 2411 928 2459; x_wconf 90' lang='lat' dir='ltr'><em>nt</em></span> <span class='ocrx_word' id='word_1_270' title='bbox 946 2411 973 2459; x_wconf 89' lang='lat' dir='ltr'><em>et</em></span> <span class='ocrx_word' id='word_1_271' title='bbox 988 2402 1050 2459; x_wconf 91' lang='lat' dir='ltr'><em>illae</em></span> <span class='ocrx_word' id='word_1_272' title='bbox 1065 2404 1227 2478; x_wconf 87' lang='lat' dir='ltr'><em>provinciae,</em></span> <span class='ocrx_word' id='word_1_273' title='bbox 1250 2419 1317 2477; x_wconf 88' lang='lat' dir='ltr'><em>quae</em></span> <span class='ocrx_word' id='word_1_274' title='bbox 1333 2401 1365 2457; x_wconf 91' lang='lat' dir='ltr'><em>ad</em></span> 
     </span>
     <span class='ocr_line' id='line_1_28' title="bbox 100 2482 1363 2563; baseline -0.006 -14"><span class='ocrx_word' id='word_1_275' title='bbox 100 2482 226 2549; x_wconf 66' lang='lat' dir='ltr'><em>&gt;lodovei</em></span> <span class='ocrx_word' id='word_1_276' title='bbox 239 2504 353 2563; x_wconf 86' lang='lat' dir='ltr'><em>regnum</em></span> <span class='ocrx_word' id='word_1_277' title='bbox 373 2488 553 2563; x_wconf 91' lang='lat' dir='ltr'><em>pertinebant,</em></span> <span class='ocrx_word' id='word_1_278' title='bbox 574 2489 703 2546; x_wconf 91' lang='lat' dir='ltr'><em>ecclesiae</em></span> <span class='ocrx_word' id='word_1_279' title='bbox 724 2488 887 2544; x_wconf 76' lang='lat' dir='ltr'><em>Arelatensis</em></span> <span class='ocrx_word' id='word_1_280' title='bbox 908 2488 1076 2563; x_wconf 88' lang='lat' dir='ltr'><em>praesulibus</em></span> <span class='ocrx_word' id='word_1_281' title='bbox 1099 2488 1238 2563; x_wconf 79' lang='lat' dir='ltr'><em>delegatae</em></span> <span class='ocrx_word' id='word_1_282' title='bbox 1254 2488 1363 2544; x_wconf 88' lang='lat' dir='ltr'><em>inerint.</em></span> 
     </span>
     <span class='ocr_line' id='line_1_29' title="bbox 100 2570 1365 2649; baseline -0.002 -20"><span class='ocrx_word' id='word_1_283' title='bbox 100 2570 240 2645; x_wconf 67' lang='lat' dir='ltr'><em>Quorsum</em></span> <span class='ocrx_word' id='word_1_284' title='bbox 254 2574 338 2648; x_wconf 84' lang='lat' dir='ltr'><em>igitur</em></span> <span class='ocrx_word' id='word_1_285' title='bbox 350 2575 487 2649; x_wconf 87' lang='lat' dir='ltr'><em>integrum</em></span> <span class='ocrx_word' id='word_1_286' title='bbox 508 2572 737 2645; x_wconf 88' lang='lat' dir='ltr'><em>ecclesiae-hujus</em></span> <span class='ocrx_word' id='word_1_287' title='bbox 753 2574 923 2649; x_wconf 76' lang='lat' dir='ltr'><em>priuilegium</em></span> <span class='ocrx_word' id='word_1_288' title='bbox 940 2590 1046 2629; x_wconf 88' lang='lat' dir='ltr'><em>manere</em></span> <span class='ocrx_word' id='word_1_289' title='bbox 1066 2576 1165 2648; x_wconf 88' lang='lat' dir='ltr'><em>potuit,</em></span> <span class='ocrx_word' id='word_1_290' title='bbox 1187 2575 1209 2629; x_wconf 91' lang='lat' dir='ltr'><em>si</em></span> <span class='ocrx_word' id='word_1_291' title='bbox 1226 2573 1365 2629; x_wconf 86' lang='lat' dir='ltr'><em>llormisda</em></span> 
     </span>
     <span class='ocr_line' id='line_1_30' title="bbox 104 2654 1364 2732; baseline -0.002 -17"><span class='ocrx_word' id='word_1_292' title='bbox 104 2654 224 2727; x_wconf 61' lang='lat' dir='ltr'><em>Subigis</em></span> <span class='ocrx_word' id='word_1_293' title='bbox 237 2659 305 2715; x_wconf 80' lang='lat' dir='ltr'><em>sices</em></span> <span class='ocrx_word' id='word_1_294' title='bbox 319 2676 383 2714; x_wconf 89' lang='lat' dir='ltr'><em>suas</em></span> <span class='ocrx_word' id='word_1_295' title='bbox 396 2674 549 2731; x_wconf 84' lang='lat' dir='ltr'><em>peremne</em></span> <span class='ocrx_word' id='word_1_296' title='bbox 564 2659 696 2717; x_wconf 85' lang='lat' dir='ltr'><em>Cladooei</em></span> <span class='ocrx_word' id='word_1_297' title='bbox 715 2674 834 2732; x_wconf 80' lang='lat' dir='ltr'><em>regnum</em></span> <span class='ocrx_word' id='word_1_298' title='bbox 857 2659 1039 2716; x_wconf 84' lang='lat' dir='ltr'><em>commiserit?</em></span> <span class='ocrx_word' id='word_1_299' title='bbox 1075 2658 1145 2714; x_wconf 87' lang='lat' dir='ltr'><em>Nihil</em></span> <span class='ocrx_word' id='word_1_300' title='bbox 1168 2659 1209 2713; x_wconf 87' lang='lat' dir='ltr'><em>hic</em></span> <span class='ocrx_word' id='word_1_301' title='bbox 1230 2658 1364 2732; x_wconf 89' lang='lat' dir='ltr'><em>privilegii</em></span> 
     </span>
     <span class='ocr_line' id='line_1_31' title="bbox 118 2736 1364 2816; baseline 0.003 -17"><span class='ocrx_word' id='word_1_302' title='bbox 118 2736 260 2816; x_wconf 67' lang='lat' dir='ltr'><em>uttsutgto</em></span> <span class='ocrx_word' id='word_1_303' title='bbox 277 2744 399 2800; x_wconf 83' lang='lat' dir='ltr'><em>concessi</em></span> <span class='ocrx_word' id='word_1_304' title='bbox 420 2743 607 2800; x_wconf 76' lang='lat' dir='ltr'><em>defensoribus</em></span> <span class='ocrx_word' id='word_1_305' title='bbox 628 2746 762 2799; x_wconf 90' lang='lat' dir='ltr'><em>succurrit</em></span> <span class='ocrx_word' id='word_1_306' title='bbox 783 2742 863 2806; x_wconf 82' lang='lat' dir='ltr'><em>aliud,</em></span> <span class='ocrx_word' id='word_1_307' title='bbox 892 2745 942 2798; x_wconf 91' lang='lat' dir='ltr'><em>nisi</em></span> <span class='ocrx_word' id='word_1_308' title='bbox 966 2750 994 2798; x_wconf 91' lang='lat' dir='ltr'><em>ut</em></span> <span class='ocrx_word' id='word_1_309' title='bbox 1016 2742 1082 2799; x_wconf 93' lang='lat' dir='ltr'><em>illud</em></span> <span class='ocrx_word' id='word_1_310' title='bbox 1097 2742 1229 2798; x_wconf 69' lang='lat' dir='ltr'><em>soli‘buic</em></span> <span class='ocrx_word' id='word_1_311' title='bbox 1243 2743 1364 2802; x_wconf 80' lang='lat' dir='ltr'><em>antistiti,</em></span> 
     </span>
     <span class='ocr_line' id='line_1_32' title="bbox 127 2823 1364 2904; baseline 0.001 -23"><span class='ocrx_word' id='word_1_312' title='bbox 127 2823 238 2881; x_wconf 68' lang='lat' dir='ltr'><em>mitem</em></span> <span class='ocrx_word' id='word_1_313' title='bbox 250 2827 448 2886; x_wconf 75' lang='lat' dir='ltr'><em>comessoribus</em></span> <span class='ocrx_word' id='word_1_314' title='bbox 463 2828 585 2904; x_wconf 80' lang='lat' dir='ltr'><em>Remigii,</em></span> <span class='ocrx_word' id='word_1_315' title='bbox 600 2828 734 2885; x_wconf 90' lang='lat' dir='ltr'><em>indultum</em></span> <span class='ocrx_word' id='word_1_316' title='bbox 750 2828 834 2884; x_wconf 89' lang='lat' dir='ltr'><em>inisse</em></span> <span class='ocrx_word' id='word_1_317' title='bbox 849 2826 1005 2884; x_wconf 88' lang='lat' dir='ltr'><em>obtendant.</em></span> <span class='ocrx_word' id='word_1_318' title='bbox 1027 2827 1080 2883; x_wconf 89' lang='lat' dir='ltr'><em>Sed</em></span> <span class='ocrx_word' id='word_1_319' title='bbox 1092 2826 1184 2883; x_wconf 87' lang='lat' dir='ltr'><em>eadem</em></span> <span class='ocrx_word' id='word_1_320' title='bbox 1196 2829 1364 2889; x_wconf 89' lang='lat' dir='ltr'><em>anctoritate,</em></span> 
     </span>
     <span class='ocr_line' id='line_1_33' title="bbox 140 2912 1363 2989; baseline -0.003 -20"><span class='ocrx_word' id='word_1_321' title='bbox 140 2912 372 2979; x_wconf 65' lang='lat' dir='ltr'><em>quaesomus</em></span> <span class='ocrx_word' id='word_1_322' title='bbox 394 2913 508 2989; x_wconf 82' lang='lat' dir='ltr'><em>Remigii</em></span> <span class='ocrx_word' id='word_1_323' title='bbox 528 2922 655 2989; x_wconf 88' lang='lat' dir='ltr'><em>negatum</em></span> <span class='ocrx_word' id='word_1_324' title='bbox 677 2913 754 2969; x_wconf 80' lang='lat' dir='ltr'><em>fateri</em></span> <span class='ocrx_word' id='word_1_325' title='bbox 775 2921 920 2987; x_wconf 81' lang='lat' dir='ltr'><em>coguntur,</em></span> <span class='ocrx_word' id='word_1_326' title='bbox 945 2913 1006 2968; x_wconf 88' lang='lat' dir='ltr'><em>huic</em></span> <span class='ocrx_word' id='word_1_327' title='bbox 1028 2928 1137 2986; x_wconf 84' lang='lat' dir='ltr'><em>quoque</em></span> <span class='ocrx_word' id='word_1_328' title='bbox 1157 2912 1275 2986; x_wconf 90' lang='lat' dir='ltr'><em>praesuli</em></span> <span class='ocrx_word' id='word_1_329' title='bbox 1297 2928 1363 2967; x_wconf 93' lang='lat' dir='ltr'><em>nun·</em></span> 
     </span>
     <span class='ocr_line' id='line_1_34' title="bbox 149 2993 1366 3072; baseline 0.001 -22"><span class='ocrx_word' id='word_1_330' title='bbox 149 2993 356 3070; x_wconf 68' lang='lat' dir='ltr'><em>mouentum</em></span> <span class='ocrx_word' id='word_1_331' title='bbox 378 2998 461 3055; x_wconf 86' lang='lat' dir='ltr'><em>luisse</em></span> <span class='ocrx_word' id='word_1_332' title='bbox 476 2997 657 3057; x_wconf 84' lang='lat' dir='ltr'><em>confiteantur</em></span> <span class='ocrx_word' id='word_1_333' title='bbox 676 3014 786 3055; x_wconf 88' lang='lat' dir='ltr'><em>necesse</em></span> <span class='ocrx_word' id='word_1_334' title='bbox 802 3006 852 3054; x_wconf 92' lang='lat' dir='ltr'><em>est.</em></span> <span class='ocrx_word' id='word_1_335' title='bbox 885 2997 913 3053; x_wconf 94' lang='lat' dir='ltr'><em>ln</em></span> <span class='ocrx_word' id='word_1_336' title='bbox 928 2999 985 3072; x_wconf 89' lang='lat' dir='ltr'><em>ipsa</em></span> <span class='ocrx_word' id='word_1_337' title='bbox 1000 2999 1070 3054; x_wconf 91' lang='lat' dir='ltr'><em>enim</em></span> <span class='ocrx_word' id='word_1_338' title='bbox 1086 2997 1208 3071; x_wconf 87' lang='lat' dir='ltr'><em>epistola.</em></span> <span class='ocrx_word' id='word_1_339' title='bbox 1226 3014 1278 3071; x_wconf 91' lang='lat' dir='ltr'><em>qua</em></span> <span class='ocrx_word' id='word_1_340' title='bbox 1294 2996 1366 3071; x_wconf 90' lang='lat' dir='ltr'><em>Vigi-</em></span> 
     </span>
     <span class='ocr_line' id='line_1_35' title="bbox 100 3070 1366 3163; baseline -0.004 -23"><span class='ocrx_word' id='word_1_341' title='bbox 100 3144 103 3163; x_wconf 51' lang='grc'><strong>,</strong></span> <span class='ocrx_word' id='word_1_342' title='bbox 154 3070 190 3126; x_wconf 53' lang='grc' dir='ltr'><strong><em>Ἢ</em></strong></span> <span class='ocrx_word' id='word_1_343' title='bbox 201 3078 313 3156; x_wconf 68' lang='lat' dir='ltr'><em>tibtopos</em></span> <span class='ocrx_word' id='word_1_344' title='bbox 327 3100 422 3140; x_wconf 83' lang='lat' dir='ltr'><em>omnes</em></span> <span class='ocrx_word' id='word_1_345' title='bbox 437 3083 487 3140; x_wconf 93' lang='lat' dir='ltr'><em>sub</em></span> <span class='ocrx_word' id='word_1_346' title='bbox 502 3082 666 3140; x_wconf 75' lang='lat' dir='ltr'><em>childeberti</em></span> <span class='ocrx_word' id='word_1_347' title='bbox 686 3100 772 3158; x_wconf 91' lang='lat' dir='ltr'><em>regno</em></span> <span class='ocrx_word' id='word_1_348' title='bbox 794 3084 958 3139; x_wconf 78' lang='lat' dir='ltr'><em>constitutos</em></span> <span class='ocrx_word' id='word_1_349' title='bbox 974 3083 1007 3138; x_wconf 90' lang='lat' dir='ltr'><em>de</em></span> <span class='ocrx_word' id='word_1_350' title='bbox 1023 3084 1079 3139; x_wconf 91' lang='lat' dir='ltr'><em>vice</em></span> <span class='ocrx_word' id='word_1_351' title='bbox 1094 3098 1143 3137; x_wconf 92' lang='lat' dir='ltr'><em>sua</em></span> <span class='ocrx_word' id='word_1_352' title='bbox 1158 3083 1277 3137; x_wconf 88' lang='lat' dir='ltr'><em>Anxauio</em></span> <span class='ocrx_word' id='word_1_353' title='bbox 1293 3097 1366 3137; x_wconf 93' lang='lat' dir='ltr'><em>com·</em></span> 
     </span>
     <span class='ocr_line' id='line_1_36' title="bbox 163 3156 1366 3243; baseline 0.002 -24"><span class='ocrx_word' id='word_1_354' title='bbox 163 3156 327 3231; x_wconf 51' lang='lat' dir='ltr'><em>&amp;innonat</em></span> <span class='ocrx_word' id='word_1_355' title='bbox 343 3170 455 3226; x_wconf 88' lang='lat' dir='ltr'><em>haerere</em></span> <span class='ocrx_word' id='word_1_356' title='bbox 469 3186 499 3226; x_wconf 91' lang='lat' dir='ltr'><em>se</em></span> <span class='ocrx_word' id='word_1_357' title='bbox 515 3170 563 3226; x_wconf 91' lang='lat' dir='ltr'><em>bac</em></span> <span class='ocrx_word' id='word_1_358' title='bbox 578 3171 605 3225; x_wconf 93' lang='lat' dir='ltr'><em>in</em></span> <span class='ocrx_word' id='word_1_359' title='bbox 621 3185 650 3224; x_wconf 90' lang='lat' dir='ltr'><em>re</em></span> <span class='ocrx_word' id='word_1_360' title='bbox 665 3168 763 3224; x_wconf 85' lang='lat' dir='ltr'><em>indicat</em></span> <span class='ocrx_word' id='word_1_361' title='bbox 779 3169 899 3243; x_wconf 89' lang='lat' dir='ltr'><em>vestigiis</em></span> <span class='ocrx_word' id='word_1_362' title='bbox 916 3169 1088 3224; x_wconf 88' lang='lat' dir='ltr'><em>decessorum</em></span> <span class='ocrx_word' id='word_1_363' title='bbox 1105 3185 1231 3239; x_wconf 80' lang='lat' dir='ltr'><em>sitorum,</em></span> <span class='ocrx_word' id='word_1_364' title='bbox 1255 3171 1305 3240; x_wconf 83' lang='lat' dir='ltr'><em>qui</em></span> <span class='ocrx_word' id='word_1_365' title='bbox 1319 3168 1366 3222; x_wconf 88' lang='lat' dir='ltr'><em>de·</em></span> 
     </span>
     <span class='ocr_line' id='line_1_37' title="bbox 166 3247 1366 3327; baseline -0.001 -20"><span class='ocrx_word' id='word_1_366' title='bbox 166 3247 268 3307; x_wconf 62' lang='lat' dir='ltr'><em>‘Abalus</em></span> <span class='ocrx_word' id='word_1_367' title='bbox 278 3256 342 3327; x_wconf 84' lang='lat' dir='ltr'><em>ejus</em></span> <span class='ocrx_word' id='word_1_368' title='bbox 355 3252 490 3327; x_wconf 81' lang='lat' dir='ltr'><em>(Auxenii)</em></span> <span class='ocrx_word' id='word_1_369' title='bbox 510 3258 587 3312; x_wconf 84' lang='lat' dir='ltr'><em>uices</em></span> <span class='ocrx_word' id='word_1_370' title='bbox 607 3270 678 3311; x_wconf 88' lang='lat' dir='ltr'><em>suos</em></span> <span class='ocrx_word' id='word_1_371' title='bbox 691 3255 875 3310; x_wconf 87' lang='lat' dir='ltr'><em>libentissime</em></span> <span class='ocrx_word' id='word_1_372' title='bbox 890 3256 1082 3311; x_wconf 84' lang='lat' dir='ltr'><em>contulerunt.</em></span> <span class='ocrx_word' id='word_1_373' title='bbox 1113 3252 1143 3308; x_wconf 88' lang='lat' dir='ltr'><em>ln</em></span> <span class='ocrx_word' id='word_1_374' title='bbox 1159 3252 1265 3308; x_wconf 89' lang='lat' dir='ltr'><em>easdem</em></span> <span class='ocrx_word' id='word_1_375' title='bbox 1282 3253 1366 3326; x_wconf 87' lang='lat' dir='ltr'><em>igitur</em></span> 
     </span>
     <span class='ocr_line' id='line_1_38' title="bbox 168 3328 1366 3413; baseline -0.001 -20"><span class='ocrx_word' id='word_1_376' title='bbox 168 3328 290 3393; x_wconf 62' lang='lat' dir='ltr'><em>priimum</em></span> <span class='ocrx_word' id='word_1_377' title='bbox 300 3337 353 3410; x_wconf 83' lang='lat' dir='ltr'><em>jam</em></span> <span class='ocrx_word' id='word_1_378' title='bbox 369 3338 492 3396; x_wconf 86' lang='lat' dir='ltr'><em>Caesario</em></span> <span class='ocrx_word' id='word_1_379' title='bbox 508 3340 619 3395; x_wconf 88' lang='lat' dir='ltr'><em>Auxanii</em></span> <span class='ocrx_word' id='word_1_380' title='bbox 639 3338 776 3395; x_wconf 89' lang='lat' dir='ltr'><em>decessori</em></span> <span class='ocrx_word' id='word_1_381' title='bbox 790 3346 912 3412; x_wconf 88' lang='lat' dir='ltr'><em>potestas</em></span> <span class='ocrx_word' id='word_1_382' title='bbox 928 3336 1020 3394; x_wconf 91' lang='lat' dir='ltr'><em>eadem</em></span> <span class='ocrx_word' id='word_1_383' title='bbox 1035 3337 1158 3413; x_wconf 88' lang='lat' dir='ltr'><em>delegata</em></span> <span class='ocrx_word' id='word_1_384' title='bbox 1174 3338 1271 3399; x_wconf 88' lang='lat' dir='ltr'><em>inerat,</em></span> <span class='ocrx_word' id='word_1_385' title='bbox 1287 3337 1366 3393; x_wconf 91' lang='lat' dir='ltr'><em>adeo·</em></span> 
     </span>
     <span class='ocr_line' id='line_1_39' title="bbox 168 3413 1060 3500; baseline 0.003 -24"><span class='ocrx_word' id='word_1_386' title='bbox 168 3413 290 3479; x_wconf 77' lang='lat' dir='ltr'><em>ttttelblm</em></span> <span class='ocrx_word' id='word_1_387' title='bbox 302 3423 432 3499; x_wconf 85' lang='lat' dir='ltr'><em>epistolae</em></span> <span class='ocrx_word' id='word_1_388' title='bbox 446 3423 568 3500; x_wconf 88' lang='lat' dir='ltr'><em>Remigio</em></span> <span class='ocrx_word' id='word_1_389' title='bbox 583 3424 727 3497; x_wconf 85' lang='lat' dir='ltr'><em>inscriptae</em></span> <span class='ocrx_word' id='word_1_390' title='bbox 743 3422 843 3479; x_wconf 78' lang='lat' dir='ltr'><em>falsitas</em></span> <span class='ocrx_word' id='word_1_391' title='bbox 860 3422 1060 3498; x_wconf 89' lang='lat' dir='ltr'><em>comprobatur.</em></span> 
     </span>
     <span class='ocr_line' id='line_1_40' title="bbox 217 3496 1367 3583; baseline 0.003 -23"><span class='ocrx_word' id='word_1_392' title='bbox 217 3496 236 3554; x_wconf 79' lang='lat' dir='ltr'><em>l·</em></span> <span class='ocrx_word' id='word_1_393' title='bbox 257 3506 282 3562; x_wconf 87' lang='lat' dir='ltr'><em>lt</em></span> <span class='ocrx_word' id='word_1_394' title='bbox 295 3510 354 3583; x_wconf 87' lang='lat' dir='ltr'><em>quis</em></span> <span class='ocrx_word' id='word_1_395' title='bbox 369 3507 429 3580; x_wconf 86' lang='lat' dir='ltr'><em>ejus</em></span> <span class='ocrx_word' id='word_1_396' title='bbox 444 3508 719 3569; x_wconf 72' lang='lat' dir='ltr'><em>ntilextdtatsnats</em></span> <span class='ocrx_word' id='word_1_397' title='bbox 734 3507 805 3564; x_wconf 89' lang='lat' dir='ltr'><em>illius</em></span> <span class='ocrx_word' id='word_1_398' title='bbox 821 3517 898 3565; x_wconf 88' lang='lat' dir='ltr'><em>notas</em></span> <span class='ocrx_word' id='word_1_399' title='bbox 914 3510 1044 3565; x_wconf 87' lang='lat' dir='ltr'><em>retexisse</em></span> <span class='ocrx_word' id='word_1_400' title='bbox 1060 3507 1138 3565; x_wconf 91' lang='lat' dir='ltr'><em>nobis</em></span> <span class='ocrx_word' id='word_1_401' title='bbox 1153 3509 1218 3564; x_wconf 89' lang='lat' dir='ltr'><em>satis</em></span> <span class='ocrx_word' id='word_1_402' title='bbox 1230 3509 1274 3564; x_wconf 89' lang='lat' dir='ltr'><em>sit.</em></span> <span class='ocrx_word' id='word_1_403' title='bbox 1299 3508 1367 3563; x_wconf 87' lang='lat' dir='ltr'><em>&#39;lan-</em></span> 
     </span>
     <span class='ocr_line' id='line_1_41' title="bbox 169 3575 1366 3667; baseline 0.001 -21"><span class='ocrx_word' id='word_1_404' title='bbox 169 3575 203 3630; x_wconf 61' lang='lat' dir='ltr'><em>Rfl</em></span> <span class='ocrx_word' id='word_1_405' title='bbox 214 3581 230 3636; x_wconf 68' lang='lat' dir='ltr'><em>ti</em></span> <span class='ocrx_word' id='word_1_406' title='bbox 242 3591 286 3659; x_wconf 82' lang='lat' dir='ltr'><em>qus</em></span> <span class='ocrx_word' id='word_1_407' title='bbox 299 3592 468 3650; x_wconf 87' lang='lat' dir='ltr'><em>llinemarum</em></span> <span class='ocrx_word' id='word_1_408' title='bbox 487 3593 587 3650; x_wconf 78' lang='lat' dir='ltr'><em>fraudis</em></span> <span class='ocrx_word' id='word_1_409' title='bbox 609 3593 690 3664; x_wconf 86' lang='lat' dir='ltr'><em>hujus</em></span> <span class='ocrx_word' id='word_1_410' title='bbox 712 3591 840 3649; x_wconf 83' lang='lat' dir='ltr'><em>artificem</em></span> <span class='ocrx_word' id='word_1_411' title='bbox 857 3595 993 3650; x_wconf 79' lang='lat' dir='ltr'><em>exstitisse</em></span> <span class='ocrx_word' id='word_1_412' title='bbox 1008 3592 1111 3650; x_wconf 83' lang='lat' dir='ltr'><em>facilius</em></span> <span class='ocrx_word' id='word_1_413' title='bbox 1132 3595 1294 3667; x_wconf 88' lang='lat' dir='ltr'><em>suspicetur,</em></span> <span class='ocrx_word' id='word_1_414' title='bbox 1318 3592 1366 3648; x_wconf 90' lang='lat' dir='ltr'><em>ob-</em></span> 
     </span>
     <span class='ocr_line' id='line_1_42' title="bbox 169 3668 1366 3757; baseline 0 -24"><span class='ocrx_word' id='word_1_415' title='bbox 169 3668 260 3757; x_wconf 61' lang='lat' dir='ltr'><em>&#39;&#39;Qt</em></span> <span class='ocrx_word' id='word_1_416' title='bbox 274 3691 348 3749; x_wconf 88' lang='lat' dir='ltr'><em>penes</em></span> <span class='ocrx_word' id='word_1_417' title='bbox 363 3679 540 3736; x_wconf 79' lang='lat' dir='ltr'><em>arciritectum</em></span> <span class='ocrx_word' id='word_1_418' title='bbox 554 3678 630 3736; x_wconf 91' lang='lat' dir='ltr'><em>illum</em></span> <span class='ocrx_word' id='word_1_419' title='bbox 646 3678 729 3734; x_wconf 86' lang='lat' dir='ltr'><em>inisse</em></span> <span class='ocrx_word' id='word_1_420' title='bbox 745 3677 903 3735; x_wconf 84' lang='lat' dir='ltr'><em>Hormisdae</em></span> <span class='ocrx_word' id='word_1_421' title='bbox 918 3678 949 3733; x_wconf 92' lang='lat' dir='ltr'><em>ad</em></span> <span class='ocrx_word' id='word_1_422' title='bbox 963 3678 1120 3734; x_wconf 87' lang='lat' dir='ltr'><em>Sallustium</em></span> <span class='ocrx_word' id='word_1_423' title='bbox 1136 3677 1289 3751; x_wconf 87' lang='lat' dir='ltr'><em>epistolam.</em></span> <span class='ocrx_word' id='word_1_424' title='bbox 1312 3695 1366 3733; x_wconf 92' lang='lat' dir='ltr'><em>non</em></span> 
     </span>
     <span class='ocr_line' id='line_1_43' title="bbox 170 3741 1366 3845; baseline 0.001 -30"><span class='ocrx_word' id='word_1_425' title='bbox 170 3741 253 3845; x_wconf 47' lang='lat' dir='ltr'><em>imit</em></span> <span class='ocrx_word' id='word_1_426' title='bbox 266 3756 350 3819; x_wconf 88' lang='lat' dir='ltr'><em>bidori</em></span> <span class='ocrx_word' id='word_1_427' title='bbox 370 3761 563 3837; x_wconf 85' lang='lat' dir='ltr'><em>exemplaribus</em></span> <span class='ocrx_word' id='word_1_428' title='bbox 591 3763 689 3838; x_wconf 88' lang='lat' dir='ltr'><em>quibus</em></span> <span class='ocrx_word' id='word_1_429' title='bbox 710 3762 867 3820; x_wconf 87' lang='lat' dir='ltr'><em>Hincmarus</em></span> <span class='ocrx_word' id='word_1_430' title='bbox 890 3765 927 3819; x_wconf 91' lang='lat' dir='ltr'><em>uti</em></span> <span class='ocrx_word' id='word_1_431' title='bbox 948 3763 1019 3819; x_wconf 91' lang='lat' dir='ltr'><em>solet</em></span> <span class='ocrx_word' id='word_1_432' title='bbox 1041 3771 1137 3826; x_wconf 86' lang='lat' dir='ltr'><em>exstat,</em></span> <span class='ocrx_word' id='word_1_433' title='bbox 1160 3763 1207 3818; x_wconf 94' lang='lat' dir='ltr'><em>sed</em></span> <span class='ocrx_word' id='word_1_434' title='bbox 1230 3762 1316 3836; x_wconf 87' lang='lat' dir='ltr'><em>qualis</em></span> <span class='ocrx_word' id='word_1_435' title='bbox 1339 3764 1366 3817; x_wconf 91' lang='lat' dir='ltr'><em>in</em></span> 
     </span>
     <span class='ocr_line' id='line_1_44' title="bbox 169 3825 616 3918; baseline 0 -13"><span class='ocrx_word' id='word_1_436' title='bbox 169 3825 616 3918; x_wconf 58' lang='grc' dir='ltr'><em>ἠΜ’ῑ*Ηίιιιιιοιιιιιι·ιεεεινιιιιιῑιιι.</em></span> 
     </span>
    </p>
   </div>
   <div class='ocr_carea' id='block_1_3' title="bbox 0 0 1606 5506">
    <p class='ocr_par' dir='ltr' id='par_1_3' title="bbox 0 0 1606 5506">
     <span class='ocr_line' id='line_1_45' title="bbox 0 0 1606 5506; baseline 0 0"><span class='ocrx_word' id='word_1_437' title='bbox 0 0 1606 5506; x_wconf 95' lang='lat' dir='ltr'><em> </em></span> 
     </span>
    </p>
   </div>
  </div>
 </body>
</html>
