3224 5506
615 372 827 422 nasonicum
850 340 996 423 'ts-49.
1375 359 1439 424 uls

121 524 169 591 lis
212 526 349 591 debeat
370 547 437 591 ease
458 529 569 612 pastor
583 525 762 594 Ecclesiae:
785 530 941 614 quomodo
956 529 1137 593 Ecclesiam
1160 532 1305 592 sanctam
1327 550 1438 613 regere

134 623 301 712 aebeat,
329 629 483 714 quomodo
510 651 544 694 se
571 630 677 714 ipsum
699 630 733 694 in
756 631 848 695 bonis
872 631 1020 715 operibus
1043 633 1206 713 exerceat,
1239 630 1377 716 qualiter
1403 653 1437 696 se

144 731 370 796 considerare
392 731 508 797 debeat
529 735 562 796 et
584 731 700 797 cotidie
722 754 857 816 pensare
880 733 987 797 omnia
1009 734 1116 798 studia
1140 734 1242 798 cordis
1264 733 1329 817 sui3
1358 756 1435 820 quo-

152 833 262 897 modo
285 833 334 898 vel
356 833 493 919 qualiter
515 833 555 898 ad
578 834 704 898 culmen
725 835 857 919 regimis
880 836 1056 919 perveniat,
1080 838 1129 899 vel
1152 836 1290 920 qualiter
1311 836 1434 919 doceat,

163 930 464 1020 creandorum,
493 936 721 1001 ,infirmitatem
754 959 844 1001 suam
878 938 994 1002 cotidie
1026 941 1147 1024 quanta
1181 938 1436 1003 consideratione

173 1041 341 1120 ammai,
364 1038 506 1124 gaudeat
527 1038 566 1103 de
589 1040 751 1125 permissis
774 1040 877 1104 bonis.
928 1040 976 1105 lle
999 1063 1096 1127 supra
1118 1039 1212 1105 dictis
1235 1040 1340 1103 verbis
1363 1030 1465 1107 oon-J

180 1133 295 1225 sideret,
317 1141 463 1226 apostolo
485 1141 624 1206 dicente:
657 1149 711 1222 qui
730 1149 936 1224 episcopatum
965 1148 1132 1219 desiderat,
1160 1148 1267 1207 bonnm
1290 1164 1365 1223 opus
1388 1131 1543 1254 (ἵε-13111·

189 1243 292 1307 diesi.
330 1242 492 1328 Vigilanti
514 1244 622 1308 animo
645 1245 797 1328 adponat,
821 1245 896 1329 quid
918 1244 971 1308 hic
994 1245 1099 1309 verbis
1122 1245 1317 1328 subsequens
1339 1244 1435 1308 dixit:
1483 1242 1488 1265 ’
1514 1243 1519 1253 '

193 1343 297 1422 Oportet
310 1366 375 1410 enm
392 1366 456 1410 esse
470 1351 777 1426 inreprehensibilem,
802 1358 927 1425 costum,
948 1353 1102 1428 perdicum,
1127 1359 1275 1428 sancium,
1297 1350 1436 1424 sobrium,
1451 1336 1545 1459 ΙΒΤξΠ·

191 1449 218 1508 in
236 1451 354 1512 omnihus
374 1453 538 1529 sumpturis
550 1454 664 1513 sanctis
679 1453 809 1527 dmtnm,
834 1451 936 1512 semet
953 1449 1058 1532 ipsum
1074 1448 1189 1512 cotidie
1206 1449 1435 1532 castigantem3
1483 1446 1488 1470 ¹
1514 1449 1518 1458 '

188 1549 218 1611 ut
244 1547 389 1614 inbonis
416 1550 566 1635 operibus
593 1549 691 1614 talem
720 1571 754 1613 se
786 1549 913 1613 studeat
945 1550 1081 1615 subditis
1114 1551 1297 1634 ostendere,
1334 1553 1371 1614 ut
1404 1553 1436 1613 et

186 1651 313 1734 exempla
334 1651 435 1736 bona,
460 1674 541 1737 quae
563 1653 601 1716 de
623 1653 679 1716 illo
701 1652 893 1737 procedunt,
923 1651 994 1735 plus
1017 1653 1160 1717 subditos
1182 1653 1319 1716 doceant
1340 1674 1436 1736 quam

179 1751 277 1817 rerba.
318 1753 362 1818 Et
388 1753 450 1818 hoc
477 1754 654 1842 studeat2),
683 1756 710 1818 si
738 1755 820 1818 bene
848 1754 980 1837 vixerit,
1014 1755 1130 1819 cotidie
1158 1754 1341 1839 adimplere.
1393 1752 1437 1817 Et

152 1853 274 1945 ,quiris
299 1877 370 1920 cum
397 1855 507 1920 labore
539 1857 658 1921 clerum
690 1857 752 1921 sibi
785 1857 987 1920 commissum
1016 1859 1102 1921 amet
1109 1906 1118 1938 ,
1152 1856 1283 1941 diligat,
1312 1857 1434 1938 doceat,

169 1957 345 2021 cumomni
368 1957 550 2022 humilitate
572 1963 604 2022 et
627 1981 698 2024 cum
721 1980 845 2022 summa
868 1959 1013 2041 caritate,
1036 1959 1239 2043 presbyteros
1262 1958 1439 2022 secundum

164 2080 276 2124 eorum
296 2059 426 2143 gradus,
451 2060 601 2125 diaconos
623 2062 657 2125 in
680 2059 814 2124 ecclesia
843 2082 900 2123 sua
922 2061 1095 2124 secundum
1117 2060 1363 2144 possibilitatem
1386 2059 1436 2122 vel

159 2160 230 2226 loci
249 2160 348 2245 ipsius
369 2166 593 2246 paupertatem
621 2163 796 2226 secundum
824 2162 1011 2246 dispositam
1039 2162 1245 2226 traditionem
1277 2160 1434 2243 apostolo-

158 2285 237 2329 rum
259 2266 315 2327 aut
335 2267 403 2328 tres
426 2267 482 2327 ant
503 2263 533 2328 V
556 2267 613 2329 aut
633 2264 696 2329 Vll

603 2452 885 2558 Fragmentum
896 2454 921 2540 ¹)
948 2454 997 2537 49

775 2591 824 2628 seu

560 2666 682 2724 Dicta
705 2667 866 2724 Gelasii
887 2679 1029 2735 papae.

248 2811 481 2878 Catechumeni
509 2812 624 2897 (latine
653 2812 803 2877 dicuntur
830 2811 979 2876 instructi
1007 2810 1058 2874 vel
1086 2813 1266 2896 audientes)
1294 2812 1318 2875 ii
1346 2815 1432 2895 sunt,

153 2916 217 3002 qui
239 2915 337 2979 tidem
359 2914 479 2980 Christi
503 2915 669 2998 instructi,
694 2914 829 2978 audiunt
850 2914 971 2979 Christi
997 2917 1170 2999 praecepta
1197 2916 1231 2977 et
1259 2918 1345 2978 recte
1368 2935 1434 2977 ere-

152 3020 263 3100 dunt,
293 3020 327 3081 et
348 3016 445 3081 etiam
468 3039 487 3081 a
509 3017 673 3081 sacerdote
702 3017 885 3101 consignati
913 3019 990 3080 sunt
1017 3020 1050 3079 et
1071 3036 1128 3099 per
1157 3017 1333 3080 exorcisma
1360 3036 1433 3099 pur·

152 3119 243 3205 gati,
268 3122 302 3184 et
323 3119 527 3204 resipiscunt,
551 3119 606 3183 sed
628 3117 764 3182 necdum
787 3139 877 3182 sacro
897 3118 1089 3202 baptismate
1112 3120 1188 3179 sunt
1210 3117 1321 3181 abluti.
1356 3116 1434 3179 Poe·

153 3223 309 3287 nitentes
331 3220 366 3285 hi
389 3220 539 3285 dicuntur
567 3221 602 3286 in
632 3241 770 3303 canone,
804 3221 859 3305 qui
887 3220 925 3283 de
955 3218 1142 3283 criminibus
1149 3268 1158 3300 ,
1193 3218 1232 3282 de
1259 3218 1433 3302 majoribus

154 3323 267 3408 culpis
289 3327 393 3409 agunt
420 3324 545 3407 publice
573 3323 816 3410 poenitentiam.
866 3321 910 3387 Et
926 3322 1090 3386 sciendum
1120 3324 1184 3403 est,
1218 3320 1293 3405 quia
1322 3343 1432 3385 secun·

152 3427 236 3491 dum
259 3428 468 3510 praeceptum
491 3427 623 3491 canonis
645 3447 712 3490 non
739 3425 815 3489 licet
842 3424 1003 3506 fidelibus,
1032 3423 1065 3486 id
1088 3424 1225 3506 estjam
1247 3423 1430 3506 baptizatis,

153 3528 278 3592 nsissas
298 3528 334 3592 in
356 3527 491 3592 ecclesia
513 3550 586 3592 cum
609 3527 822 3609 audientibus„
847 3526 879 3590 id
902 3529 951 3590 est
973 3525 1222 3608 catechumenis,
1247 3529 1332 3589 stare
1354 3529 1433 3590 tem·

152 3651 237 3716 pore
260 3629 416 3694 orationis
438 3633 471 3694 et
494 3629 665 3695 canonicae
688 3629 807 3712 laudis,
842 3631 874 3692 et
902 3628 996 3692 simul
1019 3650 1091 3692 cum
1115 3628 1159 3692 eis
1182 3649 1273 3692 orare
1296 3632 1328 3691 et
1348 3627 1432 3711 psal—

153 3733 236 3797 lere.
283 3729 395 3817 Neque
418 3731 541 3796 clericis
563 3735 621 3797 aut
648 3731 719 3796 aliis
746 3731 836 3795 laicis
863 3730 940 3795 licet
969 3753 1041 3795 cum
1069 3731 1310 3815 poenitentibus
1338 3729 1433 3794 simul

152 3970 200 4025 tia
223 3966 417 4040 quaternionis
439 3969 507 4025 lolia
530 3985 592 4024 cum
610 3967 769 4041 Symmachi
792 3971 898 4042 synodo
918 3969 929 4025 I
952 3974 1051 4042 (usque
1069 3970 1105 4028 ad
1123 3969 1206 4042 hujus
1228 3967 1314 4026 rerba
1331 3988 1356 4024 n.
1371 3972 1387 4023 t
1404 3979 1432 4022 nr

151 4062 267 4110 decreta
285 4065 375 4109 nostra
392 4063 524 4123 confirmes
542 4059 670 4125 caprinus)
689 4056 858 4111 exciderunt.
888 4057 929 4111 De
947 4058 1008 4126 ejus
1025 4059 1170 4112 authentia
1182 4057 1250 4111 nihil
1263 4056 1430 4110 constituere

151 4137 264 4205 mamm,
286 4139 355 4193 satis
373 4139 493 4208 habens,
515 4141 703 4210 fragmentum
721 4141 895 4210 produxisse,
922 4143 998 4212 quod
1019 4143 1070 4196 sub
1089 4144 1199 4196 nomine
1218 4140 1321 4195 Gelasii
1339 4156 1430 4208 papae
1497 4178 1501 4194 .

151 4222 373 4296 probatissimus
390 4223 494 4280 caecidi
512 4224 550 4280 IX
568 4225 656 4280 codex
673 4227 800 4296 praebet.

224 4329 249 4398 ι)
267 4326 303 4380 F*
319 4333 447 4392 eadem,
466 4343 585 4398 moxque
603 4327 715 4382 demum
733 4344 786 4383 sec.
807 4346 891 4383 manu
909 4330 1035 4384 additum
1052 4334 1200 4398 adimplere.

149 4439 189 4489 4⁹
227 4434 248 4502 ¹)
267 4428 359 4486 Simili
375 4429 485 4486 ratione
502 4429 556 4485 hoc
572 4431 760 4500 fragmentum
774 4431 939 4499 addidimus,
958 4431 1033 4502 quod
1046 4448 1079 4485 ex
1091 4431 1316 4486 msLucauotth
1328 4428 1373 4496 (ol.
1385 4432 1428 4497 89)

148 4514 277 4573 neena
287 4515 408 4587 protulit
417 4515 542 4571 Mansim
560 4516 621 4571 coll.
634 4515 851 4583 conc.VIIl‚124.
875 4517 934 4571 Etsi
952 4518 987 4571 de
1005 4515 1151 4572 authentia
1168 4515 1228 4585 ejus
1241 4513 1330 4584 magis
1341 4515 1429 4569 haesi·

148 4604 251 4660 tentes
270 4602 315 4671 (ut
332 4600 387 4656 alia
403 4603 555 4669 taceamus,
569 4600 630 4668 jam
648 4603 764 4670 propter
781 4601 949 4671 peculiarem
965 4602 1039 4656 vocis
1051 4605 1158 4656 careonis
1175 4604 1272 4669 usum),
1291 4601 1428 4655 noluimus

148 4693 253 4745 nmen
266 4686 403 4742 lectorem
423 4687 525 4754 latere,
553 4687 628 4755 quod
650 4687 702 4741 sub
724 4687 836 4743 nomina
852 4685 990 4756 pontificis
1008 4687 1096 4740 nostri
1113 4685 1303 4755 probatissimi
1321 4686 1429 4741 codices
1503 4721 1505 4725 ι

145 4775 307 4848 praebent
339 4769 370 4826 Si
387 4786 455 4827 vera
472 4772 517 4825 cst
534 4771 678 4843 archetypi
696 4771 838 4842 inscriptio
857 4774 997 4840 (Incipiunt
1007 4778 1077 4825 dicta
1088 4775 1184 4826 Geinsii
1193 4775 1298 4840 papae),
1316 4775 1429 4840 poterat

146 4859 351 4932 figmentum
372 4857 499 4927 proxime
522 4858 689 4912 antecedens
713 4875 746 4911 ex
770 4857 868 4911 eodem
896 4859 971 4910 fonte
994 4874 1149 4927 emanasse,
1178 4874 1212 4910 ex
1234 4856 1332 4911 iisdem
1353 4864 1429 4912 dietis

145 4949 254 5007 oduei
266 4962 361 5017 papae
379 4942 540 5015 excerptum
558 4959 626 5000 csse.
