<?xml version="1.0" encoding="UTF-8"?>
<!DOCTYPE html PUBLIC "-//W3C//DTD XHTML 1.0 Transitional//EN"
    "http://www.w3.org/TR/xhtml1/DTD/xhtml1-transitional.dtd">
<html xmlns="http://www.w3.org/1999/xhtml" xml:lang="en" lang="en">
 <head>
  <title>
</title>
<meta http-equiv="Content-Type" content="text/html;charset=utf-8" />
  <meta name='ocr-system' content='tesseract 3.04.00' />
  <meta name='ocr-capabilities' content='ocr_page ocr_carea ocr_par ocr_line ocrx_word'/>
</head>
<body>
  <div class='ocr_page' id='page_1' title='image "./epistolaeromano00thiegoog/epistolaeromano00thiegoog_0773.png"; bbox 0 0 3204 5506; ppageno 0'>
   <div class='ocr_carea' id='block_1_1' title="bbox 228 361 1044 426">
    <p class='ocr_par' dir='ltr' id='par_1_1' title="bbox 228 361 1044 426">
     <span class='ocr_line' id='line_1_1' title="bbox 228 361 1044 426; baseline -0.001 -2"><span class='ocrx_word' id='word_1_1' title='bbox 228 361 290 424; x_wconf 76' lang='lat'>724</span> <span class='ocrx_word' id='word_1_2' title='bbox 679 378 708 426; x_wconf 87' lang='lat' dir='ltr'>s.</span> <span class='ocrx_word' id='word_1_3' title='bbox 725 375 907 424; x_wconf 79' lang='lat' dir='ltr'>erumnam</span> <span class='ocrx_word' id='word_1_4' title='bbox 928 375 1044 423; x_wconf 72' lang='lat' dir='ltr'>aaran</span> 
     </span>
    </p>
   </div>
   <div class='ocr_carea' id='block_1_2' title="bbox 121 532 1473 849">
    <p class='ocr_par' dir='ltr' id='par_1_2' title="bbox 121 532 1473 849">
     <span class='ocr_line' id='line_1_2' title="bbox 121 532 1473 596; baseline -0.002 -14"><span class='ocrx_word' id='word_1_5' title='bbox 121 556 145 592; x_wconf 70' lang='lat' dir='ltr'>a,</span> <span class='ocrx_word' id='word_1_6' title='bbox 157 543 214 591; x_wconf 78' lang='lat'>513,</span> <span class='ocrx_word' id='word_1_7' title='bbox 228 534 270 582; x_wconf 83' lang='lat' dir='ltr'>IV.</span> <span class='ocrx_word' id='word_1_8' title='bbox 289 535 322 582; x_wconf 88' lang='lat' dir='ltr'>ut</span> <span class='ocrx_word' id='word_1_9' title='bbox 340 537 457 594; x_wconf 80' lang='lat' dir='ltr'>raptores</span> <span class='ocrx_word' id='word_1_10' title='bbox 474 533 611 581; x_wconf 78' lang='lat' dir='ltr'>vidum-nm</span> <span class='ocrx_word' id='word_1_11' title='bbox 628 534 672 581; x_wconf 85' lang='lat' dir='ltr'>vel</span> <span class='ocrx_word' id='word_1_12' title='bbox 689 534 820 596; x_wconf 71' lang='lat' dir='ltr'>virginum</span> <span class='ocrx_word' id='word_1_13' title='bbox 838 533 1005 581; x_wconf 82' lang='lat' dir='ltr'>detestationi</span> <span class='ocrx_word' id='word_1_14' title='bbox 1022 532 1083 592; x_wconf 82' lang='lat' dir='ltr'>sint,</span> <span class='ocrx_word' id='word_1_15' title='bbox 1100 533 1121 580; x_wconf 79' lang='lat' dir='ltr'>ii</span> <span class='ocrx_word' id='word_1_16' title='bbox 1139 535 1236 590; x_wconf 72' lang='lat' dir='ltr'>antem,</span> <span class='ocrx_word' id='word_1_17' title='bbox 1253 533 1300 592; x_wconf 82' lang='lat' dir='ltr'>qni</span> <span class='ocrx_word' id='word_1_18' title='bbox 1315 533 1473 581; x_wconf 67' lang='lat' dir='ltr'>mutueris</span> 
     </span>
     <span class='ocr_line' id='line_1_3' title="bbox 314 617 1327 680; baseline 0 -15"><span class='ocrx_word' id='word_1_19' title='bbox 314 619 389 679; x_wconf 72' lang='lat' dir='ltr'>gine·</span> <span class='ocrx_word' id='word_1_20' title='bbox 407 618 457 666; x_wconf 81' lang='lat' dir='ltr'>sibi</span> <span class='ocrx_word' id='word_1_21' title='bbox 474 619 635 666; x_wconf 82' lang='lat' dir='ltr'>matrimonio</span> <span class='ocrx_word' id='word_1_22' title='bbox 653 620 780 680; x_wconf 83' lang='lat' dir='ltr'>copulent,</span> <span class='ocrx_word' id='word_1_23' title='bbox 798 620 830 667; x_wconf 80' lang='lat' dir='ltr'>ab</span> <span class='ocrx_word' id='word_1_24' title='bbox 847 618 980 666; x_wconf 77' lang='lat' dir='ltr'>Ecclesiae</span> <span class='ocrx_word' id='word_1_25' title='bbox 998 618 1170 666; x_wconf 81' lang='lat' dir='ltr'>communione</span> <span class='ocrx_word' id='word_1_26' title='bbox 1188 617 1327 679; x_wconf 79' lang='lat' dir='ltr'>pellantur.</span> 
     </span>
     <span class='ocr_line' id='line_1_4' title="bbox 238 703 1163 765; baseline 0.001 -15"><span class='ocrx_word' id='word_1_27' title='bbox 238 705 268 751; x_wconf 77' lang='lat' dir='ltr'>v.</span> <span class='ocrx_word' id='word_1_28' title='bbox 285 704 319 751; x_wconf 81' lang='lat' dir='ltr'>Ut</span> <span class='ocrx_word' id='word_1_29' title='bbox 336 703 430 750; x_wconf 84' lang='lat' dir='ltr'>viduae</span> <span class='ocrx_word' id='word_1_30' title='bbox 448 704 491 751; x_wconf 82' lang='lat' dir='ltr'>vel</span> <span class='ocrx_word' id='word_1_31' title='bbox 508 704 625 765; x_wconf 71' lang='lat' dir='ltr'>virgines</span> <span class='ocrx_word' id='word_1_32' title='bbox 642 704 825 751; x_wconf 69' lang='lat' dir='ltr'><strong>continentiam</strong></span> <span class='ocrx_word' id='word_1_33' title='bbox 843 704 971 764; x_wconf 76' lang='lat' dir='ltr'>protensae</span> <span class='ocrx_word' id='word_1_34' title='bbox 990 716 1039 752; x_wconf 89' lang='lat' dir='ltr'>non</span> <span class='ocrx_word' id='word_1_35' title='bbox 1057 704 1163 751; x_wconf 74' lang='lat' dir='ltr'>nubant</span> 
     </span>
     <span class='ocr_line' id='line_1_5' title="bbox 228 786 1005 849; baseline 0 -13"><span class='ocrx_word' id='word_1_36' title='bbox 228 789 269 836; x_wconf 68' lang='grc' dir='ltr'>π</span> <span class='ocrx_word' id='word_1_37' title='bbox 287 789 321 836; x_wconf 81' lang='lat' dir='ltr'>Ut</span> <span class='ocrx_word' id='word_1_38' title='bbox 339 786 426 835; x_wconf 85' lang='lat' dir='ltr'>nullus</span> <span class='ocrx_word' id='word_1_39' title='bbox 443 801 489 848; x_wconf 81' lang='lat' dir='ltr'>per</span> <span class='ocrx_word' id='word_1_40' title='bbox 506 789 632 836; x_wconf 84' lang='lat' dir='ltr'>ambitum</span> <span class='ocrx_word' id='word_1_41' title='bbox 649 789 682 835; x_wconf 81' lang='lat' dir='ltr'>nd</span> <span class='ocrx_word' id='word_1_42' title='bbox 699 789 872 849; x_wconf 80' lang='lat' dir='ltr'>episcopatum</span> <span class='ocrx_word' id='word_1_43' title='bbox 890 789 1005 836; x_wconf 63' lang='lat' dir='ltr'>aecem</span> 
     </span>
    </p>
   </div>
   <div class='ocr_carea' id='block_1_3' title="bbox 381 919 1307 1004">
    <p class='ocr_par' dir='ltr' id='par_1_3' title="bbox 381 919 1307 1004">
     <span class='ocr_line' id='line_1_6' title="bbox 381 919 1307 1004; baseline 0.001 -21"><span class='ocrx_word' id='word_1_44' title='bbox 381 919 659 983; x_wconf 79' lang='lat' dir='ltr'>Dilectissimo</span> <span class='ocrx_word' id='word_1_45' title='bbox 681 920 801 983; x_wconf 89' lang='lat' dir='ltr'>fratri</span> <span class='ocrx_word' id='word_1_46' title='bbox 825 919 1013 984; x_wconf 78' lang='lat' dir='ltr'>Caesario</span> <span class='ocrx_word' id='word_1_47' title='bbox 1035 919 1307 1004; x_wconf 81' lang='lat' dir='ltr'>Symmachus.</span> 
     </span>
    </p>
   </div>
   <div class='ocr_carea' id='block_1_4' title="bbox 227 1037 1519 2346">
    <p class='ocr_par' dir='ltr' id='par_1_4' title="bbox 227 1037 1515 1630">
     <span class='ocr_line' id='line_1_7' title="bbox 315 1037 1504 1123; baseline 0.001 -21"><span class='ocrx_word' id='word_1_48' title='bbox 315 1041 342 1102; x_wconf 89' lang='lat'>1.</span> <span class='ocrx_word' id='word_1_49' title='bbox 380 1037 538 1102; x_wconf 77' lang='lat' dir='ltr'><strong>Hortatur</strong></span> <span class='ocrx_word' id='word_1_50' title='bbox 566 1061 623 1103; x_wconf 90' lang='lat' dir='ltr'>nos</span> <span class='ocrx_word' id='word_1_51' title='bbox 652 1039 794 1123; x_wconf 89' lang='lat' dir='ltr'>aequitas</span> <span class='ocrx_word' id='word_1_52' title='bbox 822 1039 1046 1123; x_wconf 89' lang='lat' dir='ltr'>postulationis</span> <span class='ocrx_word' id='word_1_53' title='bbox 1053 1089 1061 1121; x_wconf 90' lang='lat'>‚</span> <span class='ocrx_word' id='word_1_54' title='bbox 1097 1039 1255 1104; x_wconf 87' lang='lat' dir='ltr'>desiderio</span> <span class='ocrx_word' id='word_1_55' title='bbox 1286 1038 1504 1104; x_wconf 66' lang='lat' dir='ltr'>fraternitatis</span> 
     </span>
     <span class='ocr_line' id='line_1_8' title="bbox 228 1140 1507 1225; baseline 0.001 -22"><span class='ocrx_word' id='word_1_56' title='bbox 228 1144 302 1203; x_wconf 91' lang='lat' dir='ltr'>tuae</span> <span class='ocrx_word' id='word_1_57' title='bbox 330 1144 501 1224; x_wconf 77' lang='lat' dir='ltr'>gratanter</span> <span class='ocrx_word' id='word_1_58' title='bbox 529 1162 670 1204; x_wconf 89' lang='lat' dir='ltr'>annuere</span> <span class='ocrx_word' id='word_1_59' title='bbox 678 1141 722 1223; x_wconf 79' lang='lat'>²),</span> <span class='ocrx_word' id='word_1_60' title='bbox 756 1141 831 1225; x_wconf 89' lang='lat' dir='ltr'>quia</span> <span class='ocrx_word' id='word_1_61' title='bbox 859 1140 897 1204; x_wconf 89' lang='lat' dir='ltr'>de</span> <span class='ocrx_word' id='word_1_62' title='bbox 926 1140 1063 1225; x_wconf 87' lang='lat' dir='ltr'>singulis</span> <span class='ocrx_word' id='word_1_63' title='bbox 1090 1141 1123 1204; x_wconf 92' lang='lat' dir='ltr'>id</span> <span class='ocrx_word' id='word_1_64' title='bbox 1152 1141 1193 1205; x_wconf 91' lang='lat' dir='ltr'>ab</span> <span class='ocrx_word' id='word_1_65' title='bbox 1223 1141 1411 1224; x_wconf 86' lang='lat' dir='ltr'>apostoliea</span> <span class='ocrx_word' id='word_1_66' title='bbox 1437 1141 1507 1204; x_wconf 82' lang='lat' dir='ltr'>sede</span> 
     </span>
     <span class='ocr_line' id='line_1_9' title="bbox 229 1232 1511 1327; baseline 0.002 -22"><span class='ocrx_word' id='word_1_67' title='bbox 229 1242 360 1305; x_wconf 86' lang='lat' dir='ltr'>concedi</span> <span class='ocrx_word' id='word_1_68' title='bbox 382 1242 560 1325; x_wconf 82' lang='lat' dir='ltr'>supplicas,</span> <span class='ocrx_word' id='word_1_69' title='bbox 590 1242 672 1326; x_wconf 89' lang='lat' dir='ltr'>quod</span> <span class='ocrx_word' id='word_1_70' title='bbox 696 1265 715 1305; x_wconf 88' lang='lat' dir='ltr'>a</span> <span class='ocrx_word' id='word_1_71' title='bbox 737 1245 865 1326; x_wconf 90' lang='lat' dir='ltr'>patrum</span> <span class='ocrx_word' id='word_1_72' title='bbox 889 1243 1014 1306; x_wconf 87' lang='lat' dir='ltr'>cautela</span> <span class='ocrx_word' id='word_1_73' title='bbox 1037 1246 1069 1306; x_wconf 89' lang='lat' dir='ltr'>et</span> <span class='ocrx_word' id='word_1_74' title='bbox 1091 1232 1277 1327; x_wconf 73' lang='lat' dir='ltr'>prouisione</span> <span class='ocrx_word' id='word_1_75' title='bbox 1301 1265 1374 1306; x_wconf 90' lang='lat' dir='ltr'>non</span> <span class='ocrx_word' id='word_1_76' title='bbox 1395 1243 1511 1307; x_wconf 78' lang='lat' dir='ltr'>disere</span> 
     </span>
     <span class='ocr_line' id='line_1_10' title="bbox 228 1343 1513 1429; baseline 0.002 -23"><span class='ocrx_word' id='word_1_77' title='bbox 228 1348 295 1426; x_wconf 87' lang='lat' dir='ltr'>pat.</span> <span class='ocrx_word' id='word_1_78' title='bbox 330 1343 374 1406; x_wconf 81' lang='lat' dir='ltr'>Et</span> <span class='ocrx_word' id='word_1_79' title='bbox 396 1344 540 1426; x_wconf 84' lang='lat' dir='ltr'>quamvis</span> <span class='ocrx_word' id='word_1_80' title='bbox 563 1344 797 1407; x_wconf 86' lang='lat' dir='ltr'>ecclesiasticae</span> <span class='ocrx_word' id='word_1_81' title='bbox 820 1346 950 1429; x_wconf 87' lang='lat' dir='ltr'>regulae</span> <span class='ocrx_word' id='word_1_82' title='bbox 972 1366 1075 1428; x_wconf 88' lang='lat' dir='ltr'>paene</span> <span class='ocrx_word' id='word_1_83' title='bbox 1089 1345 1199 1408; x_wconf 91' lang='lat' dir='ltr'>omnia</span> <span class='ocrx_word' id='word_1_84' title='bbox 1215 1344 1513 1428; x_wconf 79' lang='lat' dir='ltr'>comprehendant,</span> 
     </span>
     <span class='ocr_line' id='line_1_11' title="bbox 227 1445 1515 1531; baseline 0.002 -24"><span class='ocrx_word' id='word_1_85' title='bbox 227 1448 337 1508; x_wconf 90' lang='lat' dir='ltr'>tamen</span> <span class='ocrx_word' id='word_1_86' title='bbox 360 1445 555 1527; x_wconf 87' lang='lat' dir='ltr'>superfluum</span> <span class='ocrx_word' id='word_1_87' title='bbox 577 1466 646 1508; x_wconf 89' lang='lat' dir='ltr'>esse</span> <span class='ocrx_word' id='word_1_88' title='bbox 668 1468 733 1510; x_wconf 89' lang='lat' dir='ltr'>nou</span> <span class='ocrx_word' id='word_1_89' title='bbox 757 1447 925 1530; x_wconf 81' lang='lat' dir='ltr'>credimus,</span> <span class='ocrx_word' id='word_1_90' title='bbox 941 1448 1053 1524; x_wconf 87' lang='lat' dir='ltr'>denuo</span> <span class='ocrx_word' id='word_1_91' title='bbox 1069 1468 1150 1531; x_wconf 89' lang='lat' dir='ltr'>quae</span> <span class='ocrx_word' id='word_1_92' title='bbox 1165 1449 1246 1510; x_wconf 88' lang='lat' dir='ltr'>sunt</span> <span class='ocrx_word' id='word_1_93' title='bbox 1260 1446 1404 1530; x_wconf 87' lang='lat' dir='ltr'>saepius</span> <span class='ocrx_word' id='word_1_94' title='bbox 1419 1447 1515 1510; x_wconf 87' lang='lat' dir='ltr'>inter·</span> 
     </span>
     <span class='ocr_line' id='line_1_12' title="bbox 228 1547 493 1630; baseline 0.008 -21"><span class='ocrx_word' id='word_1_95' title='bbox 228 1547 316 1610; x_wconf 87' lang='lat' dir='ltr'>dicta</span> <span class='ocrx_word' id='word_1_96' title='bbox 337 1549 493 1630; x_wconf 89' lang='lat' dir='ltr'>repetere.</span> 
     </span>
    </p>

    <p class='ocr_par' dir='ltr' id='par_1_5' title="bbox 797 1651 927 1717">
     <span class='ocr_line' id='line_1_13' title="bbox 797 1651 927 1717; baseline -0.008 0"><span class='ocrx_word' id='word_1_97' title='bbox 797 1651 878 1717; x_wconf 76' lang='lat' dir='ltr'>One.</span> <span class='ocrx_word' id='word_1_98' title='bbox 900 1652 927 1716; x_wconf 92' lang='grc' dir='ltr'>Ι.</span> 
     </span>
    </p>

    <p class='ocr_par' dir='ltr' id='par_1_6' title="bbox 228 1751 1519 2346">
     <span class='ocr_line' id='line_1_14' title="bbox 312 1751 1518 1838; baseline 0.003 -23"><span class='ocrx_word' id='word_1_99' title='bbox 312 1753 343 1815; x_wconf 77' lang='lat'>2.</span> <span class='ocrx_word' id='word_1_100' title='bbox 380 1751 618 1836; x_wconf 77' lang='lat' dir='ltr'>PossessioneS,</span> <span class='ocrx_word' id='word_1_101' title='bbox 649 1775 728 1838; x_wconf 89' lang='lat' dir='ltr'>quas</span> <span class='ocrx_word' id='word_1_102' title='bbox 754 1754 970 1838; x_wconf 88' lang='lat' dir='ltr'>unusquisque</span> <span class='ocrx_word' id='word_1_103' title='bbox 1000 1752 1152 1817; x_wconf 86' lang='lat' dir='ltr'>ecclesiae</span> <span class='ocrx_word' id='word_1_104' title='bbox 1179 1752 1323 1837; x_wconf 86' lang='lat' dir='ltr'>proprio</span> <span class='ocrx_word' id='word_1_105' title='bbox 1347 1753 1444 1819; x_wconf 83' lang='lat' dir='ltr'>dedit</span> <span class='ocrx_word' id='word_1_106' title='bbox 1465 1758 1518 1818; x_wconf 87' lang='lat' dir='ltr'>aut</span> 
     </span>
     <span class='ocr_line' id='line_1_15' title="bbox 228 1853 1518 1939; baseline 0.003 -23"><span class='ocrx_word' id='word_1_107' title='bbox 228 1853 359 1937; x_wconf 89' lang='lat' dir='ltr'>reliquit</span> <span class='ocrx_word' id='word_1_108' title='bbox 381 1853 524 1937; x_wconf 87' lang='lat' dir='ltr'>arbitrio,</span> <span class='ocrx_word' id='word_1_109' title='bbox 555 1855 689 1919; x_wconf 87' lang='lat' dir='ltr'>alienari</span> <span class='ocrx_word' id='word_1_110' title='bbox 711 1856 908 1939; x_wconf 86' lang='lat' dir='ltr'>quibuslibet</span> <span class='ocrx_word' id='word_1_111' title='bbox 928 1855 1032 1919; x_wconf 88' lang='lat' dir='ltr'>titulis</span> <span class='ocrx_word' id='word_1_112' title='bbox 1056 1859 1151 1939; x_wconf 89' lang='lat' dir='ltr'>atque</span> <span class='ocrx_word' id='word_1_113' title='bbox 1174 1857 1417 1921; x_wconf 85' lang='lat' dir='ltr'>contractibus</span> <span class='ocrx_word' id='word_1_114' title='bbox 1425 1858 1453 1939; x_wconf 76' lang='lat'>³)</span> <span class='ocrx_word' id='word_1_115' title='bbox 1472 1857 1518 1920; x_wconf 79' lang='lat' dir='ltr'>rel</span> 
     </span>
     <span class='ocr_line' id='line_1_16' title="bbox 229 1948 1519 2042; baseline 0.003 -24"><span class='ocrx_word' id='word_1_116' title='bbox 229 1956 287 2019; x_wconf 91' lang='lat' dir='ltr'>sub</span> <span class='ocrx_word' id='word_1_117' title='bbox 315 1975 502 2040; x_wconf 88' lang='lat' dir='ltr'>quocunque</span> <span class='ocrx_word' id='word_1_118' title='bbox 530 1962 720 2041; x_wconf 89' lang='lat' dir='ltr'>argumento</span> <span class='ocrx_word' id='word_1_119' title='bbox 747 1981 813 2022; x_wconf 90' lang='lat' dir='ltr'>non</span> <span class='ocrx_word' id='word_1_120' title='bbox 841 1957 996 2042; x_wconf 88' lang='lat' dir='ltr'>patimur:</span> <span class='ocrx_word' id='word_1_121' title='bbox 1034 1957 1097 2020; x_wconf 89' lang='lat' dir='ltr'>nisi</span> <span class='ocrx_word' id='word_1_122' title='bbox 1124 1957 1268 2021; x_wconf 87' lang='lat' dir='ltr'>forsitan</span> <span class='ocrx_word' id='word_1_123' title='bbox 1300 1948 1365 2022; x_wconf 79' lang='lat' dir='ltr'>aut</span> <span class='ocrx_word' id='word_1_124' title='bbox 1396 1959 1519 2024; x_wconf 77' lang='lat' dir='ltr'>clericis</span> 
     </span>
     <span class='ocr_line' id='line_1_17' title="bbox 228 2057 1518 2144; baseline 0.004 -24"><span class='ocrx_word' id='word_1_125' title='bbox 228 2057 374 2144; x_wconf 87' lang='lat' dir='ltr'>horum⁴)</span> <span class='ocrx_word' id='word_1_126' title='bbox 398 2058 538 2139; x_wconf 89' lang='lat' dir='ltr'>moritis,</span> <span class='ocrx_word' id='word_1_127' title='bbox 564 2062 619 2121; x_wconf 87' lang='lat' dir='ltr'>aut</span> <span class='ocrx_word' id='word_1_128' title='bbox 640 2061 841 2123; x_wconf 85' lang='lat' dir='ltr'>monasteriis</span> <span class='ocrx_word' id='word_1_129' title='bbox 864 2060 1029 2143; x_wconf 82' lang='lat' dir='ltr'>religionis</span> <span class='ocrx_word' id='word_1_130' title='bbox 1051 2059 1189 2142; x_wconf 77' lang='lat' dir='ltr'>intuiti,</span> <span class='ocrx_word' id='word_1_131' title='bbox 1221 2064 1284 2123; x_wconf 88' lang='lat' dir='ltr'>aut</span> <span class='ocrx_word' id='word_1_132' title='bbox 1316 2064 1410 2124; x_wconf 87' lang='lat' dir='ltr'>certe</span> <span class='ocrx_word' id='word_1_133' title='bbox 1434 2083 1518 2144; x_wconf 73' lang='lat' dir='ltr'>pere</span> 
     </span>
     <span class='ocr_line' id='line_1_18' title="bbox 228 2160 1518 2248; baseline 0.002 -25"><span class='ocrx_word' id='word_1_134' title='bbox 228 2160 330 2244; x_wconf 84' lang='lat' dir='ltr'>grinis</span> <span class='ocrx_word' id='word_1_135' title='bbox 353 2160 561 2243; x_wconf 64' lang='lat' dir='ltr'>necessitasl)</span> <span class='ocrx_word' id='word_1_136' title='bbox 584 2161 696 2246; x_wconf 88' lang='lat' dir='ltr'>largiri</span> <span class='ocrx_word' id='word_1_137' title='bbox 718 2161 870 2225; x_wconf 83' lang='lat' dir='ltr'>suaserit:</span> <span class='ocrx_word' id='word_1_138' title='bbox 893 2162 939 2225; x_wconf 93' lang='lat' dir='ltr'>sic</span> <span class='ocrx_word' id='word_1_139' title='bbox 962 2165 1082 2242; x_wconf 78' lang='lat' dir='ltr'>tamen,</span> <span class='ocrx_word' id='word_1_140' title='bbox 1105 2164 1142 2224; x_wconf 84' lang='lat' dir='ltr'>ut</span> <span class='ocrx_word' id='word_1_141' title='bbox 1162 2160 1246 2225; x_wconf 87' lang='lat' dir='ltr'>haec</span> <span class='ocrx_word' id='word_1_142' title='bbox 1268 2161 1348 2246; x_wconf 89' lang='lat' dir='ltr'>ipsa</span> <span class='ocrx_word' id='word_1_143' title='bbox 1365 2185 1436 2226; x_wconf 90' lang='lat' dir='ltr'>non</span> <span class='ocrx_word' id='word_1_144' title='bbox 1454 2185 1518 2248; x_wconf 87' lang='lat' dir='ltr'>per·</span> 
     </span>
     <span class='ocr_line' id='line_1_19' title="bbox 228 2262 1196 2346; baseline 0.002 -22"><span class='ocrx_word' id='word_1_145' title='bbox 228 2264 324 2344; x_wconf 91' lang='lat' dir='ltr'>petuo</span> <span class='ocrx_word' id='word_1_146' title='bbox 347 2262 401 2326; x_wconf 88' lang='lat' dir='ltr'>scd</span> <span class='ocrx_word' id='word_1_147' title='bbox 424 2262 654 2346; x_wconf 77' lang='lat' dir='ltr'>temporaliter,</span> <span class='ocrx_word' id='word_1_148' title='bbox 678 2263 779 2327; x_wconf 88' lang='lat' dir='ltr'>donec</span> <span class='ocrx_word' id='word_1_149' title='bbox 802 2262 952 2343; x_wconf 71' lang='lat' dir='ltr'>vixerint,</span> <span class='ocrx_word' id='word_1_150' title='bbox 976 2262 1196 2346; x_wconf 83' lang='lat' dir='ltr'>perfruantur.</span> 
     </span>
    </p>
   </div>
   <div class='ocr_carea' id='block_1_5' title="bbox 790 2381 936 2447">
    <p class='ocr_par' dir='ltr' id='par_1_7' title="bbox 790 2381 936 2447">
     <span class='ocr_line' id='line_1_20' title="bbox 790 2381 936 2447; baseline -0.014 0"><span class='ocrx_word' id='word_1_151' title='bbox 790 2382 871 2447; x_wconf 78' lang='lat' dir='ltr'>Cur.</span> <span class='ocrx_word' id='word_1_152' title='bbox 893 2381 936 2445; x_wconf 89' lang='lat'>11.</span> 
     </span>
    </p>
   </div>
   <div class='ocr_carea' id='block_1_6' title="bbox 227 2482 1520 2976">
    <p class='ocr_par' dir='ltr' id='par_1_8' title="bbox 227 2482 1520 2976">
     <span class='ocr_line' id='line_1_21' title="bbox 312 2482 1518 2570; baseline 0.004 -23"><span class='ocrx_word' id='word_1_153' title='bbox 312 2485 342 2547; x_wconf 87' lang='lat'>3.</span> <span class='ocrx_word' id='word_1_154' title='bbox 376 2482 457 2546; x_wconf 90' lang='lat' dir='ltr'>lllud</span> <span class='ocrx_word' id='word_1_155' title='bbox 479 2506 674 2568; x_wconf 84' lang='lat' dir='ltr'>magnopere</span> <span class='ocrx_word' id='word_1_156' title='bbox 698 2487 945 2566; x_wconf 86' lang='lat' dir='ltr'>commonentes,</span> <span class='ocrx_word' id='word_1_157' title='bbox 971 2483 1061 2547; x_wconf 88' lang='lat' dir='ltr'>athi</span> <span class='ocrx_word' id='word_1_158' title='bbox 1083 2484 1225 2568; x_wconf 89' lang='lat' dir='ltr'>quinon</span> <span class='ocrx_word' id='word_1_159' title='bbox 1243 2483 1311 2549; x_wconf 89' lang='lat' dir='ltr'>Dei</span> <span class='ocrx_word' id='word_1_160' title='bbox 1328 2488 1446 2570; x_wconf 86' lang='lat' dir='ltr'>gratia</span> <span class='ocrx_word' id='word_1_161' title='bbox 1468 2487 1518 2551; x_wconf 87' lang='lat' dir='ltr'>sed</span> 
     </span>
     <span class='ocr_line' id='line_1_22' title="bbox 229 2585 1518 2670; baseline 0.005 -23"><span class='ocrx_word' id='word_1_162' title='bbox 229 2585 439 2670; x_wconf 87' lang='lat' dir='ltr'>promissione</span> <span class='ocrx_word' id='word_1_163' title='bbox 461 2607 567 2649; x_wconf 85' lang='lat' dir='ltr'>rerum</span> <span class='ocrx_word' id='word_1_164' title='bbox 590 2587 912 2670; x_wconf 71' lang='lat' dir='ltr'>ecelesiasticannul)</span> <span class='ocrx_word' id='word_1_165' title='bbox 931 2586 1082 2668; x_wconf 87' lang='lat' dir='ltr'>praemiis</span> <span class='ocrx_word' id='word_1_166' title='bbox 1097 2585 1138 2648; x_wconf 90' lang='lat' dir='ltr'>ad</span> <span class='ocrx_word' id='word_1_167' title='bbox 1152 2587 1385 2652; x_wconf 86' lang='lat' dir='ltr'>sacerdotium</span> <span class='ocrx_word' id='word_1_168' title='bbox 1403 2612 1518 2654; x_wconf 90' lang='lat' dir='ltr'>conan-</span> 
     </span>
     <span class='ocr_line' id='line_1_23' title="bbox 227 2686 1520 2774; baseline 0.003 -24"><span class='ocrx_word' id='word_1_169' title='bbox 227 2691 281 2750; x_wconf 86' lang='lat' dir='ltr'>tur</span> <span class='ocrx_word' id='word_1_170' title='bbox 303 2686 468 2769; x_wconf 79' lang='lat' dir='ltr'>acccdere,</span> <span class='ocrx_word' id='word_1_171' title='bbox 502 2688 728 2751; x_wconf 86' lang='lat' dir='ltr'>desideriorum</span> <span class='ocrx_word' id='word_1_172' title='bbox 755 2688 902 2771; x_wconf 72' lang='lat' dir='ltr'>taliuml)</span> <span class='ocrx_word' id='word_1_173' title='bbox 934 2688 1102 2770; x_wconf 87' lang='lat' dir='ltr'>priventur</span> <span class='ocrx_word' id='word_1_174' title='bbox 1125 2686 1263 2751; x_wconf 88' lang='lat' dir='ltr'>effectu:</span> <span class='ocrx_word' id='word_1_175' title='bbox 1301 2691 1361 2774; x_wconf 89' lang='lat' dir='ltr'>qui</span> <span class='ocrx_word' id='word_1_176' title='bbox 1394 2696 1455 2756; x_wconf 89' lang='lat' dir='ltr'>aut</span> <span class='ocrx_word' id='word_1_177' title='bbox 1481 2693 1520 2754; x_wconf 89' lang='lat' dir='ltr'>ab</span> 
     </span>
     <span class='ocr_line' id='line_1_24' title="bbox 227 2788 1519 2873; baseline 0.002 -20"><span class='ocrx_word' id='word_1_178' title='bbox 227 2788 408 2873; x_wconf 90' lang='lat' dir='ltr'>hujusmodi</span> <span class='ocrx_word' id='word_1_179' title='bbox 430 2812 463 2852; x_wconf 88' lang='lat' dir='ltr'>se</span> <span class='ocrx_word' id='word_1_180' title='bbox 486 2790 667 2853; x_wconf 88' lang='lat' dir='ltr'>intentione</span> <span class='ocrx_word' id='word_1_181' title='bbox 690 2789 871 2872; x_wconf 83' lang='lat' dir='ltr'>cohibeant,</span> <span class='ocrx_word' id='word_1_182' title='bbox 902 2792 958 2852; x_wconf 89' lang='lat' dir='ltr'>aut</span> <span class='ocrx_word' id='word_1_183' title='bbox 980 2788 1130 2852; x_wconf 89' lang='lat' dir='ltr'>vindictis</span> <span class='ocrx_word' id='word_1_184' title='bbox 1154 2811 1326 2855; x_wconf 89' lang='lat' dir='ltr'>canonum</span> <span class='ocrx_word' id='word_1_185' title='bbox 1352 2794 1468 2858; x_wconf 88' lang='lat' dir='ltr'>sciant</span> <span class='ocrx_word' id='word_1_186' title='bbox 1488 2814 1519 2856; x_wconf 85' lang='lat' dir='ltr'>se</span> 
     </span>
     <span class='ocr_line' id='line_1_25' title="bbox 227 2891 769 2976; baseline -0.002 -20"><span class='ocrx_word' id='word_1_187' title='bbox 227 2893 296 2956; x_wconf 89' lang='lat' dir='ltr'>sine</span> <span class='ocrx_word' id='word_1_188' title='bbox 320 2891 521 2955; x_wconf 81' lang='lat' dir='ltr'>dubitatione</span> <span class='ocrx_word' id='word_1_189' title='bbox 543 2891 769 2976; x_wconf 64' lang='lat' dir='ltr'>subdendosll).</span> 
     </span>
    </p>
   </div>
   <div class='ocr_carea' id='block_1_7' title="bbox 227 3060 1519 3470">
    <p class='ocr_par' dir='ltr' id='par_1_9' title="bbox 227 3060 1518 3214">
     <span class='ocr_line' id='line_1_26' title="bbox 227 3060 1518 3134; baseline 0.004 -19"><span class='ocrx_word' id='word_1_190' title='bbox 227 3063 345 3116; x_wconf 86' lang='lat' dir='ltr'>cundum</span> <span class='ocrx_word' id='word_1_191' title='bbox 364 3064 473 3131; x_wconf 86' lang='lat' dir='ltr'>partem</span> <span class='ocrx_word' id='word_1_192' title='bbox 492 3060 608 3123; x_wconf 84' lang='lat' dir='ltr'>addidit,</span> <span class='ocrx_word' id='word_1_193' title='bbox 627 3079 711 3129; x_wconf 91' lang='lat' dir='ltr'>quum</span> <span class='ocrx_word' id='word_1_194' title='bbox 730 3063 814 3115; x_wconf 88' lang='lat' dir='ltr'>antea</span> <span class='ocrx_word' id='word_1_195' title='bbox 831 3060 872 3114; x_wconf 85' lang='lat' dir='ltr'>ita</span> <span class='ocrx_word' id='word_1_196' title='bbox 888 3061 1011 3115; x_wconf 86' lang='lat' dir='ltr'>teneret:</span> <span class='ocrx_word' id='word_1_197' title='bbox 1032 3065 1066 3115; x_wconf 81' lang='lat' dir='ltr'>Ut</span> <span class='ocrx_word' id='word_1_198' title='bbox 1082 3071 1206 3128; x_wconf 75' lang='lat' dir='ltr'>raptores</span> <span class='ocrx_word' id='word_1_199' title='bbox 1224 3068 1369 3118; x_wconf 69' lang='lat' dir='ltr'>viuum</span> <span class='ocrx_word' id='word_1_200' title='bbox 1389 3071 1431 3120; x_wconf 83' lang='lat' dir='ltr'>cet</span> <span class='ocrx_word' id='word_1_201' title='bbox 1447 3072 1518 3134; x_wconf 69' lang='lat' dir='ltr'>supr-</span> 
     </span>
     <span class='ocr_line' id='line_1_27' title="bbox 228 3151 825 3214; baseline -0.005 -15"><span class='ocrx_word' id='word_1_202' title='bbox 228 3168 284 3200; x_wconf 85' lang='lat' dir='ltr'>aum</span> <span class='ocrx_word' id='word_1_203' title='bbox 301 3152 333 3200; x_wconf 83' lang='lat' dir='ltr'>ab</span> <span class='ocrx_word' id='word_1_204' title='bbox 352 3151 487 3201; x_wconf 80' lang='lat' dir='ltr'>Ecclesiae</span> <span class='ocrx_word' id='word_1_205' title='bbox 505 3153 672 3200; x_wconf 80' lang='lat' dir='ltr'>camuranioue</span> <span class='ocrx_word' id='word_1_206' title='bbox 690 3153 825 3214; x_wconf 80' lang='lat' dir='ltr'>pellantur.</span> 
     </span>
    </p>

    <p class='ocr_par' dir='ltr' id='par_1_10' title="bbox 229 3229 1519 3386">
     <span class='ocr_line' id='line_1_28' title="bbox 295 3229 1519 3307; baseline 0.005 -23"><span class='ocrx_word' id='word_1_207' title='bbox 295 3234 316 3299; x_wconf 82' lang='lat'>²)</span> <span class='ocrx_word' id='word_1_208' title='bbox 334 3232 379 3284; x_wconf 80' lang='lat' dir='ltr'>Ita</span> <span class='ocrx_word' id='word_1_209' title='bbox 392 3231 427 3284; x_wconf 65' lang='lat' dir='ltr'>Fr</span> <span class='ocrx_word' id='word_1_210' title='bbox 439 3232 471 3283; x_wconf 90' lang='lat' dir='ltr'>L¹</span> <span class='ocrx_word' id='word_1_211' title='bbox 484 3230 517 3285; x_wconf 86' lang='lat' dir='ltr'>L³</span> <span class='ocrx_word' id='word_1_212' title='bbox 528 3230 619 3284; x_wconf 60' lang='grc' dir='ltr'>ΙᾺΚ13</span> <span class='ocrx_word' id='word_1_213' title='bbox 631 3233 665 3296; x_wconf 78' lang='lat'>0¹,</span> <span class='ocrx_word' id='word_1_214' title='bbox 683 3230 736 3283; x_wconf 89' lang='lat' dir='ltr'>nisi</span> <span class='ocrx_word' id='word_1_215' title='bbox 754 3230 829 3298; x_wconf 85' lang='lat' dir='ltr'>quod</span> <span class='ocrx_word' id='word_1_216' title='bbox 847 3230 881 3283; x_wconf 72' lang='lat'>11³</span> <span class='ocrx_word' id='word_1_217' title='bbox 892 3230 926 3284; x_wconf 84' lang='lat' dir='ltr'>L⁴</span> <span class='ocrx_word' id='word_1_218' title='bbox 939 3233 962 3284; x_wconf 75' lang='grc' dir='ltr'>οΙ</span> <span class='ocrx_word' id='word_1_219' title='bbox 983 3229 1072 3284; x_wconf 79' lang='lat' dir='ltr'>omitt.</span> <span class='ocrx_word' id='word_1_220' title='bbox 1084 3236 1120 3284; x_wconf 84' lang='lat' dir='ltr'>id.</span> <span class='ocrx_word' id='word_1_221' title='bbox 1151 3230 1208 3284; x_wconf 85' lang='lat' dir='ltr'>Alii</span> <span class='ocrx_word' id='word_1_222' title='bbox 1221 3252 1346 3288; x_wconf 71' lang='lat' dir='ltr'>annum</span> <span class='ocrx_word' id='word_1_223' title='bbox 1367 3242 1404 3290; x_wconf 79' lang='lat' dir='ltr'>de</span> <span class='ocrx_word' id='word_1_224' title='bbox 1416 3243 1519 3307; x_wconf 68' lang='lat' dir='ltr'>singulis</span> 
     </span>
     <span class='ocr_line' id='line_1_29' title="bbox 229 3315 840 3386; baseline -0.002 -17"><span class='ocrx_word' id='word_1_225' title='bbox 229 3337 294 3385; x_wconf 85' lang='lat' dir='ltr'>quae</span> <span class='ocrx_word' id='word_1_226' title='bbox 313 3321 345 3370; x_wconf 84' lang='lat' dir='ltr'>ab</span> <span class='ocrx_word' id='word_1_227' title='bbox 365 3320 441 3386; x_wconf 83' lang='lat' dir='ltr'>(qaae</span> <span class='ocrx_word' id='word_1_228' title='bbox 459 3320 490 3369; x_wconf 84' lang='lat' dir='ltr'>ab</span> <span class='ocrx_word' id='word_1_229' title='bbox 509 3315 595 3369; x_wconf 82' lang='lat' dir='ltr'>etiam</span> <span class='ocrx_word' id='word_1_230' title='bbox 613 3317 657 3382; x_wconf 81' lang='lat'>0¹).</span> <span class='ocrx_word' id='word_1_231' title='bbox 835 3322 840 3329; x_wconf 87' lang='lat'>&#39;</span> 
     </span>
    </p>

    <p class='ocr_par' dir='ltr' id='par_1_11' title="bbox 293 3400 1148 3470">
     <span class='ocr_line' id='line_1_30' title="bbox 293 3400 1148 3470; baseline 0 -16"><span class='ocrx_word' id='word_1_232' title='bbox 293 3403 315 3470; x_wconf 78' lang='lat'>⁸)</span> <span class='ocrx_word' id='word_1_233' title='bbox 333 3402 377 3454; x_wconf 87' lang='lat' dir='ltr'>Ita</span> <span class='ocrx_word' id='word_1_234' title='bbox 394 3403 429 3455; x_wconf 60' lang='grc' dir='ltr'>ΑΙ</span> <span class='ocrx_word' id='word_1_235' title='bbox 442 3401 477 3453; x_wconf 69' lang='lat' dir='ltr'>Fr</span> <span class='ocrx_word' id='word_1_236' title='bbox 491 3401 537 3454; x_wconf 80' lang='lat' dir='ltr'>li¹³</span> <span class='ocrx_word' id='word_1_237' title='bbox 547 3400 579 3454; x_wconf 81' lang='lat' dir='ltr'>L&#39;</span> <span class='ocrx_word' id='word_1_238' title='bbox 593 3400 626 3454; x_wconf 75' lang='lat' dir='ltr'>L’</span> <span class='ocrx_word' id='word_1_239' title='bbox 637 3400 672 3453; x_wconf 83' lang='lat' dir='ltr'>L³</span> <span class='ocrx_word' id='word_1_240' title='bbox 682 3400 717 3453; x_wconf 60' lang='lat' dir='ltr'>L*</span> <span class='ocrx_word' id='word_1_241' title='bbox 729 3403 755 3453; x_wconf 69' lang='lat' dir='ltr'>cl</span> <span class='ocrx_word' id='word_1_242' title='bbox 767 3416 825 3469; x_wconf 89' lang='lat' dir='ltr'>seq.</span> <span class='ocrx_word' id='word_1_243' title='bbox 861 3400 916 3454; x_wconf 86' lang='lat' dir='ltr'>Alii</span> <span class='ocrx_word' id='word_1_244' title='bbox 934 3404 1148 3455; x_wconf 61' lang='lat' dir='ltr'>detractionibus.</span> 
     </span>
    </p>
   </div>
   <div class='ocr_carea' id='block_1_8' title="bbox 225 3484 1517 4900">
    <p class='ocr_par' dir='ltr' id='par_1_12' title="bbox 228 3484 1517 3725">
     <span class='ocr_line' id='line_1_31' title="bbox 293 3484 1517 3555; baseline 0.006 -17"><span class='ocrx_word' id='word_1_245' title='bbox 293 3487 315 3554; x_wconf 81' lang='lat'>⁴)</span> <span class='ocrx_word' id='word_1_246' title='bbox 334 3487 364 3539; x_wconf 91' lang='lat' dir='ltr'>ln</span> <span class='ocrx_word' id='word_1_247' title='bbox 383 3486 504 3555; x_wconf 84' lang='lat' dir='ltr'>vulgatis</span> <span class='ocrx_word' id='word_1_248' title='bbox 522 3491 642 3541; x_wconf 76' lang='lat' dir='ltr'>honoram</span> <span class='ocrx_word' id='word_1_249' title='bbox 660 3491 762 3541; x_wconf 72' lang='lat' dir='ltr'>moriar.</span> <span class='ocrx_word' id='word_1_250' title='bbox 799 3485 984 3540; x_wconf 75' lang='lat' dir='ltr'>Praeter-imus</span> <span class='ocrx_word' id='word_1_251' title='bbox 1006 3502 1068 3539; x_wconf 89' lang='lat' dir='ltr'>cum</span> <span class='ocrx_word' id='word_1_252' title='bbox 1084 3486 1118 3538; x_wconf 75' lang='grc' dir='ltr'>ΑΙ</span> <span class='ocrx_word' id='word_1_253' title='bbox 1132 3484 1168 3538; x_wconf 67' lang='lat' dir='ltr'>Fi</span> <span class='ocrx_word' id='word_1_254' title='bbox 1180 3484 1214 3538; x_wconf 64' lang='lat'>12¹</span> <span class='ocrx_word' id='word_1_255' title='bbox 1229 3485 1266 3539; x_wconf 73' lang='lat' dir='ltr'>L²</span> <span class='ocrx_word' id='word_1_256' title='bbox 1278 3487 1317 3541; x_wconf 78' lang='lat'>1.³</span> <span class='ocrx_word' id='word_1_257' title='bbox 1336 3494 1432 3546; x_wconf 71' lang='lat' dir='ltr'>hom</span> <span class='ocrx_word' id='word_1_258' title='bbox 1448 3497 1517 3546; x_wconf 68' lang='lat' dir='ltr'>neri·</span> 
     </span>
     <span class='ocr_line' id='line_1_32' title="bbox 228 3569 1515 3647; baseline 0.007 -24"><span class='ocrx_word' id='word_1_259' title='bbox 228 3579 273 3629; x_wconf 75' lang='lat' dir='ltr'>tis,</span> <span class='ocrx_word' id='word_1_260' title='bbox 293 3571 345 3625; x_wconf 92' lang='lat' dir='ltr'>hoc</span> <span class='ocrx_word' id='word_1_261' title='bbox 364 3572 406 3624; x_wconf 88' lang='lat' dir='ltr'>est</span> <span class='ocrx_word' id='word_1_262' title='bbox 422 3574 539 3641; x_wconf 88' lang='lat' dir='ltr'>propter</span> <span class='ocrx_word' id='word_1_263' title='bbox 561 3588 657 3626; x_wconf 90' lang='lat' dir='ltr'>eorum</span> <span class='ocrx_word' id='word_1_264' title='bbox 681 3570 748 3638; x_wconf 91' lang='lat' dir='ltr'>(scil.</span> <span class='ocrx_word' id='word_1_265' title='bbox 769 3570 942 3639; x_wconf 87' lang='lat' dir='ltr'>clericorum)</span> <span class='ocrx_word' id='word_1_266' title='bbox 964 3570 1072 3624; x_wconf 88' lang='lat' dir='ltr'>merita.</span> <span class='ocrx_word' id='word_1_267' title='bbox 1117 3569 1172 3624; x_wconf 87' lang='lat' dir='ltr'>Eas</span> <span class='ocrx_word' id='word_1_268' title='bbox 1195 3572 1299 3626; x_wconf 82' lang='lat' dir='ltr'>autem</span> <span class='ocrx_word' id='word_1_269' title='bbox 1325 3577 1515 3647; x_wconf 79' lang='lat' dir='ltr'>exceptiones.</span> 
     </span>
     <span class='ocr_line' id='line_1_33' title="bbox 228 3654 1379 3725; baseline 0.002 -16"><span class='ocrx_word' id='word_1_270' title='bbox 228 3673 296 3723; x_wconf 85' lang='lat' dir='ltr'>quas</span> <span class='ocrx_word' id='word_1_271' title='bbox 315 3673 387 3709; x_wconf 91' lang='lat' dir='ltr'>nunc</span> <span class='ocrx_word' id='word_1_272' title='bbox 406 3654 587 3725; x_wconf 81' lang='lat' dir='ltr'>Symmachus</span> <span class='ocrx_word' id='word_1_273' title='bbox 605 3658 739 3719; x_wconf 83' lang='lat' dir='ltr'>recenset,</span> <span class='ocrx_word' id='word_1_274' title='bbox 759 3656 844 3709; x_wconf 86' lang='lat' dir='ltr'>etiam</span> <span class='ocrx_word' id='word_1_275' title='bbox 862 3655 988 3725; x_wconf 88' lang='lat' dir='ltr'>superius</span> <span class='ocrx_word' id='word_1_276' title='bbox 1007 3655 1086 3724; x_wconf 89' lang='lat' dir='ltr'>epist.</span> <span class='ocrx_word' id='word_1_277' title='bbox 1100 3661 1117 3708; x_wconf 90' lang='grc'><strong>6</strong></span> <span class='ocrx_word' id='word_1_278' title='bbox 1133 3672 1161 3708; x_wconf 92' lang='lat' dir='ltr'>n.</span> <span class='ocrx_word' id='word_1_279' title='bbox 1177 3661 1209 3708; x_wconf 82' lang='lat'>15</span> <span class='ocrx_word' id='word_1_280' title='bbox 1232 3656 1379 3715; x_wconf 74' lang='lat' dir='ltr'>admittit</span> 
     </span>
    </p>

    <p class='ocr_par' dir='ltr' id='par_1_13' title="bbox 225 3741 1514 4050">
     <span class='ocr_line' id='line_1_34' title="bbox 295 3741 1514 3819; baseline 0.002 -25"><span class='ocrx_word' id='word_1_281' title='bbox 295 3743 315 3810; x_wconf 67' lang='grc' dir='ltr'>ὓ)</span> <span class='ocrx_word' id='word_1_282' title='bbox 335 3743 358 3795; x_wconf 76' lang='lat'>0¹</span> <span class='ocrx_word' id='word_1_283' title='bbox 373 3744 399 3794; x_wconf 62' lang='grc' dir='ltr'>οἳ</span> <span class='ocrx_word' id='word_1_284' title='bbox 411 3743 437 3794; x_wconf 81' lang='lat' dir='ltr'>u&#39;</span> <span class='ocrx_word' id='word_1_285' title='bbox 456 3747 481 3795; x_wconf 83' lang='lat' dir='ltr'>ei</span> <span class='ocrx_word' id='word_1_286' title='bbox 497 3748 645 3798; x_wconf 80' lang='lat' dir='ltr'>necessitas.</span> <span class='ocrx_word' id='word_1_287' title='bbox 664 3741 781 3795; x_wconf 84' lang='lat' dir='ltr'>subinde</span> <span class='ocrx_word' id='word_1_288' title='bbox 799 3757 946 3811; x_wconf 85' lang='lat' dir='ltr'>suppresso</span> <span class='ocrx_word' id='word_1_289' title='bbox 965 3747 1045 3794; x_wconf 84' lang='lat' dir='ltr'>donec</span> <span class='ocrx_word' id='word_1_290' title='bbox 1063 3746 1189 3794; x_wconf 78' lang='lat' dir='ltr'>vixerint:</span> <span class='ocrx_word' id='word_1_291' title='bbox 1213 3758 1250 3795; x_wconf 84' lang='lat' dir='ltr'>ex</span> <span class='ocrx_word' id='word_1_292' title='bbox 1269 3747 1299 3796; x_wconf 80' lang='lat'>0⁵</span> <span class='ocrx_word' id='word_1_293' title='bbox 1313 3747 1354 3800; x_wconf 81' lang='lat'>0¹¹</span> <span class='ocrx_word' id='word_1_294' title='bbox 1375 3763 1411 3802; x_wconf 79' lang='lat' dir='ltr'>aa</span> <span class='ocrx_word' id='word_1_295' title='bbox 1427 3746 1514 3819; x_wconf 84' lang='lat' dir='ltr'>potio·</span> 
     </span>
     <span class='ocr_line' id='line_1_35' title="bbox 226 3825 1514 3903; baseline 0.005 -25"><span class='ocrx_word' id='word_1_296' title='bbox 226 3825 302 3879; x_wconf 91' lang='lat' dir='ltr'>ribus</span> <span class='ocrx_word' id='word_1_297' title='bbox 320 3844 382 3879; x_wconf 86' lang='lat' dir='ltr'>mss.</span> <span class='ocrx_word' id='word_1_298' title='bbox 403 3826 588 3895; x_wconf 84' lang='lat' dir='ltr'>corriguntur.</span> <span class='ocrx_word' id='word_1_299' title='bbox 616 3826 687 3880; x_wconf 88' lang='lat' dir='ltr'>Hinc</span> <span class='ocrx_word' id='word_1_300' title='bbox 705 3831 880 3892; x_wconf 76' lang='lat' dir='ltr'>beneficiorum</span> <span class='ocrx_word' id='word_1_301' title='bbox 898 3831 1125 3880; x_wconf 68' lang='lat' dir='ltr'>ecclesiasticam</span> <span class='ocrx_word' id='word_1_302' title='bbox 1142 3832 1270 3894; x_wconf 70' lang='lat' dir='ltr'>originem</span> <span class='ocrx_word' id='word_1_303' title='bbox 1282 3826 1415 3902; x_wconf 74' lang='lat' dir='ltr'>intelligi</span> <span class='ocrx_word' id='word_1_304' title='bbox 1427 3848 1514 3903; x_wconf 73' lang='lat' dir='ltr'>posse,</span> 
     </span>
     <span class='ocr_line' id='line_1_36' title="bbox 227 3909 1514 3981; baseline 0.006 -17"><span class='ocrx_word' id='word_1_305' title='bbox 227 3911 362 3966; x_wconf 88' lang='lat' dir='ltr'>Baronius</span> <span class='ocrx_word' id='word_1_306' title='bbox 379 3911 416 3964; x_wconf 88' lang='lat' dir='ltr'>ad</span> <span class='ocrx_word' id='word_1_307' title='bbox 434 3929 496 3964; x_wconf 90' lang='lat' dir='ltr'>ann.</span> <span class='ocrx_word' id='word_1_308' title='bbox 511 3918 560 3965; x_wconf 75' lang='lat'>502</span> <span class='ocrx_word' id='word_1_309' title='bbox 578 3913 680 3965; x_wconf 89' lang='lat' dir='ltr'>monet.</span> <span class='ocrx_word' id='word_1_310' title='bbox 713 3911 792 3975; x_wconf 86' lang='lat' dir='ltr'>Quod</span> <span class='ocrx_word' id='word_1_311' title='bbox 809 3910 982 3981; x_wconf 84' lang='lat' dir='ltr'>probabilius</span> <span class='ocrx_word' id='word_1_312' title='bbox 1000 3910 1151 3976; x_wconf 86' lang='lat' dir='ltr'>videretur,</span> <span class='ocrx_word' id='word_1_313' title='bbox 1169 3909 1192 3963; x_wconf 90' lang='lat' dir='ltr'>si</span> <span class='ocrx_word' id='word_1_314' title='bbox 1206 3928 1337 3968; x_wconf 89' lang='lat' dir='ltr'>unorum</span> <span class='ocrx_word' id='word_1_315' title='bbox 1351 3916 1514 3972; x_wconf 83' lang='lat' dir='ltr'>clericorum</span> 
     </span>
     <span class='ocr_line' id='line_1_37' title="bbox 225 3996 500 4050; baseline 0.004 -2"><span class='ocrx_word' id='word_1_316' title='bbox 225 3997 272 4050; x_wconf 90' lang='lat' dir='ltr'>hic</span> <span class='ocrx_word' id='word_1_317' title='bbox 289 3996 394 4050; x_wconf 88' lang='lat' dir='ltr'>mentio</span> <span class='ocrx_word' id='word_1_318' title='bbox 412 3996 500 4050; x_wconf 87' lang='lat' dir='ltr'>fieret.</span> 
     </span>
    </p>

    <p class='ocr_par' dir='ltr' id='par_1_14' title="bbox 226 4079 1514 4662">
     <span class='ocr_line' id='line_1_38' title="bbox 293 4079 1513 4150; baseline 0.006 -14"><span class='ocrx_word' id='word_1_319' title='bbox 293 4086 314 4150; x_wconf 83' lang='lat'>⁶)</span> <span class='ocrx_word' id='word_1_320' title='bbox 332 4084 367 4136; x_wconf 72' lang='lat' dir='ltr'>A*</span> <span class='ocrx_word' id='word_1_321' title='bbox 380 4083 413 4134; x_wconf 77' lang='lat' dir='ltr'>L²</span> <span class='ocrx_word' id='word_1_322' title='bbox 425 4081 458 4133; x_wconf 81' lang='lat' dir='ltr'>L³</span> <span class='ocrx_word' id='word_1_323' title='bbox 476 4086 606 4143; x_wconf 78' lang='lat' dir='ltr'>ecelesiae,</span> <span class='ocrx_word' id='word_1_324' title='bbox 633 4081 686 4135; x_wconf 91' lang='lat' dir='ltr'>hoc</span> <span class='ocrx_word' id='word_1_325' title='bbox 705 4082 758 4134; x_wconf 88' lang='lat' dir='ltr'>cst:</span> <span class='ocrx_word' id='word_1_326' title='bbox 778 4098 849 4148; x_wconf 86' lang='lat' dir='ltr'>quoe</span> <span class='ocrx_word' id='word_1_327' title='bbox 868 4081 904 4134; x_wconf 91' lang='lat' dir='ltr'>ad</span> <span class='ocrx_word' id='word_1_328' title='bbox 922 4079 1052 4135; x_wconf 88' lang='lat' dir='ltr'>ecclesias</span> <span class='ocrx_word' id='word_1_329' title='bbox 1070 4079 1224 4150; x_wconf 76' lang='lat' dir='ltr'>pertinent,</span> <span class='ocrx_word' id='word_1_330' title='bbox 1242 4084 1327 4150; x_wconf 87' lang='lat' dir='ltr'>quod</span> <span class='ocrx_word' id='word_1_331' title='bbox 1345 4086 1444 4142; x_wconf 86' lang='lat' dir='ltr'>minus</span> <span class='ocrx_word' id='word_1_332' title='bbox 1460 4105 1513 4142; x_wconf 76' lang='lat' dir='ltr'>arn·</span> 
     </span>
     <span class='ocr_line' id='line_1_39' title="bbox 226 4165 1514 4237; baseline 0.005 -16"><span class='ocrx_word' id='word_1_333' title='bbox 226 4167 351 4237; x_wconf 86' lang='lat' dir='ltr'>biguum.</span> <span class='ocrx_word' id='word_1_334' title='bbox 391 4167 556 4220; x_wconf 88' lang='lat' dir='ltr'>Inusitatum</span> <span class='ocrx_word' id='word_1_335' title='bbox 574 4168 668 4220; x_wconf 89' lang='lat' dir='ltr'>tamen</span> <span class='ocrx_word' id='word_1_336' title='bbox 687 4183 742 4219; x_wconf 90' lang='lat' dir='ltr'>non</span> <span class='ocrx_word' id='word_1_337' title='bbox 760 4183 832 4232; x_wconf 83' lang='lat' dir='ltr'>essc,</span> <span class='ocrx_word' id='word_1_338' title='bbox 855 4171 948 4220; x_wconf 87' lang='lat' dir='ltr'>utres</span> <span class='ocrx_word' id='word_1_339' title='bbox 967 4165 1145 4221; x_wconf 86' lang='lat' dir='ltr'>ecclesiarum</span> <span class='ocrx_word' id='word_1_340' title='bbox 1162 4187 1208 4221; x_wconf 80' lang='lat' dir='ltr'>ree</span> <span class='ocrx_word' id='word_1_341' title='bbox 1227 4175 1434 4228; x_wconf 71' lang='lat' dir='ltr'>ecclesiastieae</span> <span class='ocrx_word' id='word_1_342' title='bbox 1449 4191 1514 4228; x_wconf 89' lang='lat' dir='ltr'>nun·</span> 
     </span>
     <span class='ocr_line' id='line_1_40' title="bbox 227 4250 1514 4328; baseline 0.004 -22"><span class='ocrx_word' id='word_1_343' title='bbox 227 4255 371 4322; x_wconf 72' lang='lat' dir='ltr'>capenum,</span> <span class='ocrx_word' id='word_1_344' title='bbox 390 4270 422 4305; x_wconf 88' lang='lat' dir='ltr'>ex</span> <span class='ocrx_word' id='word_1_345' title='bbox 442 4251 549 4305; x_wconf 88' lang='lat' dir='ltr'>concilii</span> <span class='ocrx_word' id='word_1_346' title='bbox 568 4252 735 4305; x_wconf 85' lang='lat' dir='ltr'>Turonensis</span> <span class='ocrx_word' id='word_1_347' title='bbox 751 4252 776 4306; x_wconf 92' lang='lat' dir='ltr'>lI</span> <span class='ocrx_word' id='word_1_348' title='bbox 794 4268 900 4305; x_wconf 88' lang='lat' dir='ltr'>canone</span> <span class='ocrx_word' id='word_1_349' title='bbox 918 4259 951 4305; x_wconf 77' lang='lat'>25</span> <span class='ocrx_word' id='word_1_350' title='bbox 968 4251 1063 4320; x_wconf 85' lang='lat' dir='ltr'>liquet.</span> <span class='ocrx_word' id='word_1_351' title='bbox 1094 4250 1204 4305; x_wconf 84' lang='lat' dir='ltr'>Deinde</span> <span class='ocrx_word' id='word_1_352' title='bbox 1223 4254 1249 4306; x_wconf 80' lang='lat'>0¹</span> <span class='ocrx_word' id='word_1_353' title='bbox 1263 4256 1294 4307; x_wconf 63' lang='grc' dir='ltr'>ο*</span> <span class='ocrx_word' id='word_1_354' title='bbox 1307 4259 1338 4310; x_wconf 72' lang='lat' dir='ltr'>al</span> <span class='ocrx_word' id='word_1_355' title='bbox 1358 4260 1391 4313; x_wconf 84' lang='lat' dir='ltr'>et</span> <span class='ocrx_word' id='word_1_356' title='bbox 1408 4258 1514 4328; x_wconf 80' lang='lat' dir='ltr'>aliquot</span> 
     </span>
     <span class='ocr_line' id='line_1_41' title="bbox 226 4336 1513 4407; baseline 0.007 -18"><span class='ocrx_word' id='word_1_357' title='bbox 226 4337 364 4392; x_wconf 79' lang='lat' dir='ltr'>inferioris</span> <span class='ocrx_word' id='word_1_358' title='bbox 392 4340 477 4391; x_wconf 80' lang='lat' dir='ltr'>notae</span> <span class='ocrx_word' id='word_1_359' title='bbox 504 4354 566 4390; x_wconf 87' lang='lat' dir='ltr'>mss.</span> <span class='ocrx_word' id='word_1_360' title='bbox 588 4343 731 4405; x_wconf 81' lang='lat' dir='ltr'>praemisso</span> <span class='ocrx_word' id='word_1_361' title='bbox 757 4355 809 4407; x_wconf 86' lang='lat' dir='ltr'>pro</span> <span class='ocrx_word' id='word_1_362' title='bbox 832 4343 960 4405; x_wconf 77' lang='lat' dir='ltr'>praemiis.</span> <span class='ocrx_word' id='word_1_363' title='bbox 1000 4336 1071 4390; x_wconf 84' lang='lat' dir='ltr'>Vide</span> <span class='ocrx_word' id='word_1_364' title='bbox 1098 4336 1248 4391; x_wconf 85' lang='lat' dir='ltr'>concilium</span> <span class='ocrx_word' id='word_1_365' title='bbox 1278 4338 1513 4398; x_wconf 69' lang='lat' dir='ltr'>Calchedonem</span> 
     </span>
     <span class='ocr_line' id='line_1_42' title="bbox 228 4421 1512 4488; baseline 0.009 -15"><span class='ocrx_word' id='word_1_366' title='bbox 228 4438 286 4475; x_wconf 89' lang='lat' dir='ltr'>can.</span> <span class='ocrx_word' id='word_1_367' title='bbox 300 4430 324 4488; x_wconf 84' lang='lat'>2,</span> <span class='ocrx_word' id='word_1_368' title='bbox 341 4423 540 4477; x_wconf 86' lang='lat' dir='ltr'>Aurelianense</span> <span class='ocrx_word' id='word_1_369' title='bbox 558 4423 584 4475; x_wconf 92' lang='lat' dir='ltr'>Il</span> <span class='ocrx_word' id='word_1_370' title='bbox 603 4439 625 4475; x_wconf 88' lang='lat' dir='ltr'>o.</span> <span class='ocrx_word' id='word_1_371' title='bbox 639 4427 663 4488; x_wconf 79' lang='grc'>4,</span> <span class='ocrx_word' id='word_1_372' title='bbox 682 4424 711 4476; x_wconf 87' lang='lat' dir='ltr'>et</span> <span class='ocrx_word' id='word_1_373' title='bbox 729 4421 889 4476; x_wconf 85' lang='lat' dir='ltr'>Turonensc</span> <span class='ocrx_word' id='word_1_374' title='bbox 907 4423 933 4475; x_wconf 90' lang='grc' dir='ltr'>Π</span> <span class='ocrx_word' id='word_1_375' title='bbox 952 4439 973 4475; x_wconf 90' lang='lat' dir='ltr'>c.</span> <span class='ocrx_word' id='word_1_376' title='bbox 988 4427 1029 4474; x_wconf 77' lang='lat'>27.</span> <span class='ocrx_word' id='word_1_377' title='bbox 1065 4421 1125 4475; x_wconf 89' lang='lat' dir='ltr'>Hoc</span> <span class='ocrx_word' id='word_1_378' title='bbox 1142 4423 1240 4477; x_wconf 86' lang='lat' dir='ltr'>autern</span> <span class='ocrx_word' id='word_1_379' title='bbox 1259 4421 1394 4482; x_wconf 79' lang='lat' dir='ltr'>Simonis</span> <span class='ocrx_word' id='word_1_380' title='bbox 1410 4429 1512 4483; x_wconf 74' lang='lat' dir='ltr'>inane</span> 
     </span>
     <span class='ocr_line' id='line_1_43' title="bbox 227 4506 1511 4585; baseline 0.005 -28"><span class='ocrx_word' id='word_1_381' title='bbox 227 4506 324 4560; x_wconf 89' lang='lat' dir='ltr'>vitium</span> <span class='ocrx_word' id='word_1_382' title='bbox 343 4508 488 4575; x_wconf 85' lang='lat' dir='ltr'>quominus</span> <span class='ocrx_word' id='word_1_383' title='bbox 505 4508 533 4561; x_wconf 88' lang='lat' dir='ltr'>in</span> <span class='ocrx_word' id='word_1_384' title='bbox 552 4507 648 4562; x_wconf 91' lang='lat' dir='ltr'>Galliis</span> <span class='ocrx_word' id='word_1_385' title='bbox 660 4509 873 4577; x_wconf 80' lang='lat' dir='ltr'>propagaretur,</span> <span class='ocrx_word' id='word_1_386' title='bbox 891 4506 1034 4577; x_wconf 85' lang='lat' dir='ltr'>prohiberi</span> <span class='ocrx_word' id='word_1_387' title='bbox 1045 4523 1102 4560; x_wconf 91' lang='lat' dir='ltr'>non</span> <span class='ocrx_word' id='word_1_388' title='bbox 1113 4507 1248 4576; x_wconf 81' lang='lat' dir='ltr'>potuisse,</span> <span class='ocrx_word' id='word_1_389' title='bbox 1268 4509 1373 4578; x_wconf 79' lang='lat' dir='ltr'>plures</span> <span class='ocrx_word' id='word_1_390' title='bbox 1383 4512 1511 4585; x_wconf 68' lang='lat' dir='ltr'>Gregorii</span> 
     </span>
     <span class='ocr_line' id='line_1_44' title="bbox 226 4590 707 4662; baseline 0.004 -19"><span class='ocrx_word' id='word_1_391' title='bbox 226 4590 322 4660; x_wconf 80' lang='lat' dir='ltr'>Magni</span> <span class='ocrx_word' id='word_1_392' title='bbox 340 4593 476 4662; x_wconf 88' lang='lat' dir='ltr'>epistolae</span> <span class='ocrx_word' id='word_1_393' title='bbox 495 4593 577 4647; x_wconf 88' lang='lat' dir='ltr'>fidem</span> <span class='ocrx_word' id='word_1_394' title='bbox 594 4592 707 4646; x_wconf 80' lang='lat' dir='ltr'>iaciunt.</span> 
     </span>
    </p>

    <p class='ocr_par' dir='ltr' id='par_1_15' title="bbox 225 4677 1511 4900">
     <span class='ocr_line' id='line_1_45' title="bbox 294 4677 1511 4747; baseline 0.008 -17"><span class='ocrx_word' id='word_1_395' title='bbox 294 4681 315 4745; x_wconf 79' lang='lat'>⁷)</span> <span class='ocrx_word' id='word_1_396' title='bbox 333 4677 350 4730; x_wconf 88' lang='lat' dir='ltr'>J</span> <span class='ocrx_word' id='word_1_397' title='bbox 360 4677 382 4730; x_wconf 85' lang='lat' dir='ltr'>O</span> <span class='ocrx_word' id='word_1_398' title='bbox 394 4681 416 4731; x_wconf 81' lang='lat' dir='ltr'>c&#39;</span> <span class='ocrx_word' id='word_1_399' title='bbox 432 4682 457 4731; x_wconf 84' lang='lat' dir='ltr'>c²</span> <span class='ocrx_word' id='word_1_400' title='bbox 470 4681 496 4731; x_wconf 83' lang='lat' dir='ltr'>a&#39;</span> <span class='ocrx_word' id='word_1_401' title='bbox 517 4685 601 4731; x_wconf 85' lang='lat' dir='ltr'>taliam</span> <span class='ocrx_word' id='word_1_402' title='bbox 619 4685 791 4746; x_wconf 82' lang='lat' dir='ltr'>reprimantur</span> <span class='ocrx_word' id='word_1_403' title='bbox 803 4684 918 4746; x_wconf 81' lang='lat' dir='ltr'>effeetus.</span> <span class='ocrx_word' id='word_1_404' title='bbox 943 4682 991 4743; x_wconf 86' lang='lat' dir='ltr'>Qui</span> <span class='ocrx_word' id='word_1_405' title='bbox 1001 4688 1083 4732; x_wconf 77' lang='lat' dir='ltr'>mrtem</span> <span class='ocrx_word' id='word_1_406' title='bbox 1101 4682 1132 4732; x_wconf 79' lang='lat' dir='ltr'>ab</span> <span class='ocrx_word' id='word_1_407' title='bbox 1150 4682 1306 4747; x_wconf 72' lang='lat' dir='ltr'>husjusmodi</span> <span class='ocrx_word' id='word_1_408' title='bbox 1323 4702 1354 4737; x_wconf 76' lang='lat' dir='ltr'>ee</span> <span class='ocrx_word' id='word_1_409' title='bbox 1372 4689 1511 4740; x_wconf 63' lang='lat' dir='ltr'>suana-e</span> 
     </span>
     <span class='ocr_line' id='line_1_46' title="bbox 227 4763 1510 4828; baseline 0.01 -15"><span class='ocrx_word' id='word_1_410' title='bbox 227 4781 276 4815; x_wconf 84' lang='lat' dir='ltr'>noa</span> <span class='ocrx_word' id='word_1_411' title='bbox 298 4767 426 4825; x_wconf 74' lang='lat' dir='ltr'>cohibent,</span> <span class='ocrx_word' id='word_1_412' title='bbox 454 4770 578 4817; x_wconf 76' lang='lat' dir='ltr'>vindicta.</span> <span class='ocrx_word' id='word_1_413' title='bbox 614 4763 648 4817; x_wconf 69' lang='lat' dir='ltr'>Pl</span> <span class='ocrx_word' id='word_1_414' title='bbox 672 4768 719 4828; x_wconf 83' lang='lat' dir='ltr'>(lui</span> <span class='ocrx_word' id='word_1_415' title='bbox 741 4777 822 4818; x_wconf 72' lang='lat' dir='ltr'>certem</span> <span class='ocrx_word' id='word_1_416' title='bbox 846 4771 895 4818; x_wconf 75' lang='lat' dir='ltr'>aiat·</span> <span class='ocrx_word' id='word_1_417' title='bbox 916 4768 947 4816; x_wconf 84' lang='lat' dir='ltr'>ab</span> <span class='ocrx_word' id='word_1_418' title='bbox 1018 4768 1175 4818; x_wconf 71' lang='lat' dir='ltr'>colubrariae</span> <span class='ocrx_word' id='word_1_419' title='bbox 1198 4773 1367 4823; x_wconf 73' lang='lat' dir='ltr'>auctoritate</span> <span class='ocrx_word' id='word_1_420' title='bbox 1390 4790 1510 4826; x_wconf 71' lang='lat' dir='ltr'>mnam</span> 
     </span>
     <span class='ocr_line' id='line_1_47' title="bbox 225 4855 372 4900; baseline 0.007 -2"><span class='ocrx_word' id='word_1_421' title='bbox 225 4855 307 4900; x_wconf 80' lang='lat' dir='ltr'>eciaut</span> <span class='ocrx_word' id='word_1_422' title='bbox 326 4860 372 4900; x_wconf 83' lang='lat' dir='ltr'>etr.</span> 
     </span>
    </p>
   </div>
   <div class='ocr_carea' id='block_1_9' title="bbox 295 4932 1509 5005">
    <p class='ocr_par' dir='ltr' id='par_1_16' title="bbox 295 4932 1509 5005">
     <span class='ocr_line' id='line_1_48' title="bbox 295 4932 1509 5005; baseline 0.01 -21"><span class='ocrx_word' id='word_1_423' title='bbox 295 4936 315 4999; x_wconf 68' lang='lat'>⁸)</span> <span class='ocrx_word' id='word_1_424' title='bbox 336 4932 421 4986; x_wconf 88' lang='lat' dir='ltr'>lidem</span> <span class='ocrx_word' id='word_1_425' title='bbox 444 4932 508 4985; x_wconf 88' lang='lat' dir='ltr'>libri</span> <span class='ocrx_word' id='word_1_426' title='bbox 529 4937 713 4998; x_wconf 78' lang='lat' dir='ltr'>subjiciendos,</span> <span class='ocrx_word' id='word_1_427' title='bbox 741 4956 787 4988; x_wconf 81' lang='lat' dir='ltr'>ner</span> <span class='ocrx_word' id='word_1_428' title='bbox 806 4940 885 5002; x_wconf 78' lang='lat' dir='ltr'>facile</span> <span class='ocrx_word' id='word_1_429' title='bbox 907 4941 943 4990; x_wconf 82' lang='lat' dir='ltr'>ad</span> <span class='ocrx_word' id='word_1_430' title='bbox 962 4940 1132 4989; x_wconf 76' lang='lat' dir='ltr'>secerdotium</span> <span class='ocrx_word' id='word_1_431' title='bbox 1157 4942 1357 5004; x_wconf 63' lang='lat' dir='ltr'>permittantur</span> <span class='ocrx_word' id='word_1_432' title='bbox 1378 4947 1509 5005; x_wconf 66' lang='grc' dir='ltr'>«αὐτη,</span> 
     </span>
    </p>
   </div>
   <div class='ocr_carea' id='block_1_10' title="bbox 0 0 1606 5506">
    <p class='ocr_par' dir='ltr' id='par_1_17' title="bbox 0 0 1606 5506">
     <span class='ocr_line' id='line_1_49' title="bbox 0 0 1606 5506; baseline 0 1"><span class='ocrx_word' id='word_1_433' title='bbox 0 0 1606 5506; x_wconf 95' lang='lat' dir='ltr'> </span> 
     </span>
    </p>
   </div>
  </div>
 </body>
</html>
