3204 5506
208 340 271 405 5⁴22
681 355 708 404 s.
725 354 864 404 oanasu
887 355 999 402 eneas

209 509 384 594 Apameuis
407 508 600 593 episcopum,
630 534 648 573 a
676 509 789 595 quibus
818 533 883 573 non
911 514 1057 593 receptus
1086 510 1176 574 veuit
1206 508 1403 575 Antiochiam
1501 526 1529 573 aa

208 612 338 677 Petrum
361 617 421 676 ete.
447 615 488 696 [u.
512 621 529 674 l.
554 620 571 675 l.
596 614 648 696 c.].

294 716 342 779 13.
387 714 559 798 Postquam
587 736 663 799 ergo
689 718 819 778 sanetus
847 714 936 779 Felix
959 738 1045 800 papa
1072 715 1199 779 litteras
1221 712 1496 801 praedecesserat

208 818 255 882 sui
280 817 360 881 nihil
384 818 555 902 profecisse
579 817 739 902 coguovit,
764 821 796 880 et
818 817 954 881 ludibria
977 817 1132 902 quaedam
1148 817 1189 881 ab
1205 817 1326 882 Acacio
1347 817 1416 882 fieri
1439 816 1471 879 fr

209 921 402 984 eversionem
425 919 523 983 totius
546 920 780 984 ecclesiasticae
802 919 999 1003 disciplinae,
1023 922 1102 983 turm
1124 918 1268 984 Vitalem
1291 920 1460 1004 episcopum
1527 965 1529 969 .

208 1021 419 1087 Truentinum
449 1043 487 1086 ex
510 1023 640 1106 regione
662 1021 782 1086 Picena
807 1025 839 1085 et
860 1022 1019 1085 Misenum
1042 1021 1205 1087 Cumanae
1228 1022 1382 1087 ecclesiae
1405 1019 1449 1104 epi·

208 1147 338 1208 scopum
362 1145 399 1188 ex
427 1125 558 1208 regione
586 1124 779 1207 Campaniae
807 1122 938 1205 direxit,
974 1129 1009 1187 ut
1037 1124 1151 1188 Petrus
1184 1123 1224 1187 de
1255 1123 1453 1188 Alexandrina

208 1226 381 1313 pelleretur
403 1227 545 1307 ecclesia,
570 1230 602 1290 et
625 1230 659 1289 ut
673 1226 780 1290 libello
796 1227 899 1290 sancti
922 1226 1082 1291 lobannis
1103 1226 1246 1311 episcopi
1263 1223 1457 1291 Alexandrini

208 1329 413 1415 responderet
437 1329 585 1412 Aeacius,
615 1333 709 1413 atquc
732 1329 794 1413 ipsi
816 1328 1059 1393 denuntiaretur
1082 1327 1213 1412 Acacio,
1243 1332 1281 1394 ut
1304 1327 1465 1393 anathema

208 1430 428 1497 Alexandrino
457 1431 576 1495 diceret
598 1430 704 1495 Petro.
750 1430 848 1495 Porro
876 1432 959 1495 idem
986 1430 1087 1514 legati
1117 1430 1255 1515 professi
1285 1436 1375 1497 sunt.
1418 1430 1470 1509 Qui

209 1533 284 1597 licet
312 1532 417 1596 hostili
447 1533 539 1596 modo
567 1534 600 1597 in
629 1534 805 1597 custodiam
835 1533 955 1597 detrusi
985 1533 1113 1597 chartas
1146 1533 1339 1617 amiserint,
1372 1536 1477 1599 tamen

208 1636 337 1720 perfidis
360 1634 527 1700 haereticis
551 1640 645 1720 atcpue
668 1636 828 1700 damnatis
845 1634 1083 1700 accommodare
1100 1656 1166 1699 uon
1182 1635 1381 1719 debuerant,
1404 1658 1480 1721 quae

209 1738 276 1802 sola
298 1738 411 1822 negari
433 1738 546 1821 potuit,
571 1738 779 1802 voluntatem.
801 1734 891 1802 ¹Non
915 1737 1016 1801 solum
1039 1759 1115 1822 ergo
1137 1759 1204 1802 non
1227 1741 1377 1823 egerunt
1406 1760 1484 1824 quae

204 1839 294 1923 jussa
331 1844 421 1921 sunt,
462 1840 516 1903 scd
550 1841 646 1904 etiam
668 1840 837 1905 haereticis
876 1840 1191 1905 communicaverunt
1233 1840 1488 1906 confirmatione

208 1940 307 2025 Petri,
337 1941 377 2005 ad
399 1964 493 2025 quern
521 1942 702 2026 pellendum
730 1943 821 2007 missi
847 1943 986 2007 fuerant.
1032 1942 1169 2007 Aeacius
1197 1964 1349 2029 namque
1381 1947 1489 2009 conta·

208 2043 320 2108 melias
342 2044 377 2107 in
400 2045 581 2128 episcopum
604 2045 787 2110 Johannern
816 2045 942 2109 direxit.
987 2044 1109 2121 Quibus
1131 2044 1286 2109 omnibus
1311 2046 1491 2130 patefactis

208 2145 409 2210 beatissimus
438 2146 525 2210 Felix
557 2169 641 2232 papa
670 2151 844 2212 commotus
866 2148 977 2212 habita
1008 2147 1128 2231 synodo
1150 2146 1301 2213 Vitalem
1333 2153 1371 2214 ct
1401 2148 1491 2214 Miso

208 2270 285 2312 num
308 2249 348 2312 ab
370 2248 476 2313 officio
504 2252 536 2312 et
564 2251 783 2315 communione
811 2250 985 2336 suspendit,
1016 2251 1171 2315 Acacium
1199 2272 1280 2315 vero
1307 2251 1487 2317 damnarit

209 2349 438 2435 Oujuspostea
465 2350 597 2415 audacia
619 2353 775 2417 deteriora
799 2354 1000 2417 committens
1023 2353 1120 2417 etiam
1140 2352 1235 2417 illum
1258 2352 1409 2419 Petrum
1431 2356 1491 2421 An·

209 2452 391 2516 tiochenum
414 2453 515 2536 ejecto
545 2453 701 2518 catholico
725 2454 934 2538 Talerrdione,
964 2477 1058 2540 quem
1086 2455 1153 2542 ipse
1181 2455 1428 2541 ordinaverat,
1456 2454 1493 2522 ad

210 2553 446 2619 Antiochenam
468 2556 555 2620 misit
576 2545 752 2621 ecclesiam.

711 2779 919 2864 tractatus
945 2780 973 2862 Ι.

592 2934 650 3000 (Ex
669 2933 805 2989 edltlono
822 2932 1093 3002 Ballcrlnlorum.)

298 3073 324 3134 1.
343 3072 402 3156 (4.)
435 3069 551 3133 Postea
574 3091 670 3154 quarn
692 3070 862 3134 Dioscorus
877 3070 1114 3134 Alexandrinus
1130 3070 1310 3156 episcopus
1333 3097 1397 3159 pro
1418 3073 1493 3141 raes·

211 3173 259 3236 sui
282 3173 447 3257 qualitate,
471 3173 578 3255 idest,
602 3172 677 3256 quia
699 3176 905 3237 consenserat
919 3172 1092 3257 Eutycheti
1108 3171 1280 3238 haeretico
1305 3180 1342 3240 ct
1363 3176 1494 3242 damna·

211 3278 301 3338 verat
323 3274 511 3339 Flavianum
534 3275 717 3359 episcopum
746 3275 937 3339 catholicum
959 3275 1382 3363 [bustantinopolitanum
1412 3278 1493 3365 apud

212 3376 447 3442 Calchedonem
469 3383 536 3442 tam
559 3400 577 3440 a
600 3377 745 3461 principe
767 3380 897 3441 sanctae
920 3378 1090 3441 memoriae
1112 3377 1297 3463 Marciana,
1330 3403 1435 3466 qnam
1454 3381 1492 3445 ab

212 3479 323 3542 aulicis
346 3480 558 3563 potestatibus
581 3480 630 3543 vel
653 3483 769 3543 cuncta
785 3479 905 3563 syuodo
920 3479 1091 3543 ‹lanmatus
1106 3483 1165 3562 est,
1189 3480 1370 3548 Proterius
1386 3483 1491 3549 catho

212 3581 290 3644 licus
312 3582 349 3644 fit
378 3581 533 3646 sacerdos.
578 3582 669 3645 Tunc
691 3581 878 3645 Timotheus
906 3582 1089 3665 presbyter,
1125 3583 1175 3646 cui
1204 3604 1400 3669 cognomen
1426 3588 1491 3651 erat

214 3682 350 3746 Aelurns
381 3687 413 3746 et
441 3685 553 3748 Petrus
582 3685 750 3766 diaconus,
788 3687 961 3748 sectatores
990 3683 1150 3768 Dioscori,
1190 3684 1232 3749 ab
1261 3686 1491 3755 Alexandrina

214 3785 344 3850 ecclesia
368 3812 401 3851 se
425 3791 662 3870 separaverunt.
697 3786 781 3861 Quos
796 3808 893 3871 quum
916 3786 1076 3851 Proterius
1097 3787 1270 3872 episcopus
1286 3789 1329 3853 ad
1346 3790 1489 3856 ministe

212 3887 295 3951 rium
322 3889 485 3972 proprium
513 3911 660 3954 revocare
689 3911 753 3953 non
784 3893 904 3973 posset,
940 3892 1110 3973 utrumque
1132 3889 1315 3956 damnavit.
1366 3892 1491 3957 Mortuo

212 3991 357 4075 principe
373 3992 547 4074 hlareiano,
572 3991 713 4055 collectis
735 3992 837 4055 turbis
859 3991 1093 4055 haereticorum
1107 3990 1300 4057 Timotheus
1324 3998 1363 4059 et
1378 3995 1492 4061 Petrus

215 4094 347 4157 veniunt
370 4094 614 4177 Alexandriam,
650 4098 682 4157 et
705 4094 871 4158 ordinatur
895 4095 935 4158 ab
957 4093 1126 4158 haereticis
1148 4092 1345 4162 Timotheus
1369 4098 1492 4183 episco-

213 4218 282 4279 pus
330 4196 399 4259 llno
421 4197 522 4282 igitur
544 4197 627 4281 apud
650 4196 878 4261 Alexandriam
907 4197 1047 4281 episcopi
1070 4200 1248 4281 coeperunt
1269 4219 1357 4263 esse.
1406 4202 1493 4265 Ante

212 4299 352 4362 triduum
375 4298 533 4382 Paschae,
562 4321 625 4383 quo
653 4321 754 4362 coena
782 4299 910 4363 llomini
937 4299 1132 4382 celebratur,
1165 4299 1342 4365 conductis
1372 4303 1417 4366 ab
1442 4301 1494 4367 his

213 4400 345 4483 perditis
367 4402 522 4466 occiditur
543 4403 578 4466 in
594 4402 727 4466 ecclesia
742 4406 874 4465 sanctae
889 4402 1059 4467 memoriae
1074 4400 1250 4485 Proterins,
1275 4402 1321 4467 ad
1337 4426 1439 4490 quam
1461 4424 1495 4468 se

214 4503 327 4567 timore
356 4505 551 4587 contulerat3
584 4505 690 4588 ibique
724 4504 904 4587 supradicto
937 4503 988 4568 die
1020 4504 1055 4568 iu
1090 4503 1282 4587 baptisterio
1318 4507 1493 4589 occiditur,

213 4603 365 4688 laniatur,
389 4608 525 4690 ejicitur,
550 4610 580 4670 et
604 4608 700 4670 trinus
724 4607 791 4688 ejus
806 4605 999 4689 incenditur,
1024 4606 1208 4689 cineresque
1231 4605 1340 4689 ipsius
1364 4630 1495 4694 exspar-

214 4712 335 4790 guntur
356 4708 389 4772 in
412 4712 534 4773 ventos

300 4810 331 4873 2.
348 4812 408 4895 (fal
443 4812 571 4876 Interea
594 4812 657 4875 Leo
687 4813 785 4875 sumit
806 4811 989 4894 imperium,
1024 4810 1063 4874 ad
1091 4832 1185 4896 quern
1212 4810 1305 4877 tanti
1338 4814 1496 4881 facinoris

216 4911 443 4977 catholicorum
465 4913 593 5000 querela
615 4914 776 5003 pervenit:
800 4916 910 4979 contra
933 4935 1011 4999 quos
1033 4912 1187 4980 haeretici
1207 4913 1493 4999 supplicavenmt,
