3204 5506
524 123 718 174 EPISTOLAE
741 112 886 173 22—24.

582 311 764 416 Epistola
791 313 848 396 24.

145 461 360 530 Hormisdae
384 481 495 547 papae
518 464 561 530 ad
584 464 784 532 iohannem
805 463 1034 530 Illicitannm
1057 464 1273 546 episcopum.
1363 458 1488 597 gaggi?

10 608 57 656 Β.
109 603 237 653 Libenter
253 620 281 653 ae
299 605 330 653 de
348 606 415 653 illios
432 607 457 653 in
477 605 579 654 Italiam
597 607 704 655 norvenos
723 606 849 654 eodiooisae
873 611 898 654 et
913 603 1027 669 probare
1054 605 1111 666 ejas
1133 620 1182 668 pro
1196 605 1261 666 fidei
1276 605 1313 652 in-

108 690 233 750 tegritate
250 691 366 742 studium.
402 690 454 739 Per
470 691 616 740 Cassianam
634 692 766 739 diaconam
782 705 811 738 se
827 691 959 753 permotio
976 691 1113 739 constitute
1131 697 1156 738 et
1174 696 1259 738 certos
1275 691 1313 737 in-

109 774 266 823 structiones
283 775 315 822 de
335 774 488 824 Graecorum
506 791 584 824 causo
602 777 637 824 od
654 775 789 838 Hispanos
806 776 927 824 eeclesiae
944 775 1072 824 direxisse
1090 776 1224 838 significet.
1260 775 1312 823 De-

207 861 282 924 nique
300 861 366 909 oiees
383 861 408 909 ei
423 876 483 909 aeras
501 862 640 909 reservatis
655 861 797 924 privilegiis
814 861 1065 923 metropolitanorum
1081 861 1219 910 committit.

233 990 510 1055 Dilectissimo
532 991 656 1055 fratri
678 990 856 1055 Johanni
878 989 1099 1056 Hormisda.

167 1112 196 1173 1.
234 1109 324 1173 Fecit
351 1110 480 1174 dilectio
507 1113 564 1174 tua
593 1133 661 1174 rem
689 1111 816 1175 caritati
843 1113 876 1174 et
902 1111 976 1175 fidei
999 1115 1245 1196 congruentem,
1278 1113 1347 1200 ut¹)

75 1211 255 1275 adventum
278 1212 317 1275 ad
339 1211 469 1276 Italiam
492 1234 583 1276 suum
605 1213 698 1276 nobis
721 1213 850 1276 directis
873 1213 990 1277 litteris
1012 1213 1180 1298 indicaret,
1214 1219 1246 1279 et
1267 1237 1349 1300 quae

75 1313 114 1376 in
136 1316 171 1376 te
193 1312 236 1376 sit
258 1335 381 1377 summa
403 1315 573 1399 religiosae
596 1314 772 1378 voluntatis
794 1314 987 1378 ostenderet.
1033 1315 1139 1399 Atque
1161 1317 1286 1380 utinam
1309 1317 1349 1381 ad

76 1412 233 1497 plenioris
257 1414 388 1479 affectus
411 1416 593 1480 satietatem
616 1416 817 1498 praesentiae
839 1419 913 1480 tuae
939 1417 1032 1481 nobis
1055 1417 1174 1502 gaudia
1197 1419 1349 1504 contigis-

77 1519 169 1599 sent,
200 1517 269 1602 ut²)
292 1517 529 1601 gratularemur
551 1540 609 1581 nos
632 1518 699 1600 ejus
723 1518 846 1602 eloquio
868 1517 950 1599 frui,
980 1525 1074 1602 quem
1096 1519 1142 1582 ita
1164 1542 1271 1584 sumus
1292 1543 1350 1605 per

76 1617 202 1700 scripta
226 1619 398 1702 complexi!
443 1619 563 1684 Verum
586 1619 683 1682 etiam
710 1620 869 1703 probasti,
905 1619 1108 1683 dilectissime
1135 1621 1251 1705 frater,
1287 1645 1350 1707 quo

76 1718 297 1784 Christianam
319 1720 413 1785 fidem
436 1722 595 1786 venereris
612 1722 737 1804 affeetu,
762 1722 837 1785 dum
853 1744 901 1804 ea,
925 1743 1005 1805 quae
1021 1722 1061 1800 ad
1076 1724 1205 1807 regulas
1220 1727 1349 1807 patrum

72 1821 245 1905 pertinent
267 1826 299 1885 et
322 1823 360 1886 ad
383 1824 535 1887 mandata
558 1824 731 1906 catholica,
760 1823 829 1887 sine
852 1823 960 1906 aliqua
983 1824 1071 1907 cupis
1093 1828 1349 1910 transgressione

73 1923 217 1986 servari:
241 1945 383 2006 sparena,
408 1929 443 1988 ut
465 1926 646 2010 prorogatis
669 1924 872 2010 generalibus
896 1925 936 1988 ad
952 1923 1183 2008 Hispanienses
1199 1927 1349 1992 ecclesias

72 2025 280 2107 constitutis,
305 2026 420 2110 quae³)
445 2031 500 2090 aut
523 2027 742 2111 negligentias
765 2030 821 2090 aut
843 2026 1051 2111 irreligiosius
1073 2027 1172 2110 fiunt,
1203 2029 1350 2093 ecclesia·

70 2126 170 2190 sticis
192 2126 370 2210 disciplinis
395 2129 606 2213 congruentia
629 2130 819 2193 sanciamus.
850 2128 1000 2212 Amplexi
1009 2130 1035 2212 ⁴)
1058 2151 1166 2193 sumus
1188 2134 1350 2214 captatam

67 2229 173 2292 istius
196 2227 345 2293 desiderii
366 2230 563 2295 facultatem.
599 2230 681 2306 Quid
705 2231 790 2294 enim
812 2233 869 2292 aut
890 2229 982 2293 nobis
1005 2230 1139 2314 dulcius,
1163 2254 1259 2317 quam
1279 2255 1350 2297 cum

67 2329 226 2394 fidelibus
249 2330 335 2414 loqui
342 2382 351 2414 ,
381 2335 470 2417 auti)
493 2333 635 2415 bestiae,
665 2355 760 2416 quam
789 2332 953 2395 deviantes
982 2332 1023 2395 ab
1051 2355 1157 2397 errore
1179 2335 1351 2399 revocare?

65 2431 267 2496 Salatantes
288 2433 399 2517 igitur,
426 2434 559 2498 caritate
568 2435 593 2519 ὓ)
617 2456 679 2518 qua
697 2432 877 2518 jungimur,
901 2455 958 2516 per
970 2433 1159 2498 Cassianum
1182 2436 1350 2500 diaconum

63 2537 171 2598 tuum
195 2533 423 2618 significamus,
448 2558 506 2600 nos
529 2536 680 2600 direxisse
703 2536 868 2620 generalia
892 2538 1076 2619 constituta,
1104 2538 1218 2622 quibus
1240 2538 1291 2602 vel
1313 2561 1350 2602 ea

63 2657 161 2721 quac
180 2635 276 2718 juxta
299 2658 438 2700 canones
460 2638 579 2701 servari
603 2638 743 2700 debeant
765 2640 982 2720 competenter
1005 2639 1171 2722 ediximus,
1195 2640 1244 2703 vel
1266 2642 1351 2704 circa

63 2759 144 2820 eos,
171 2737 286 2821 quiex
309 2738 393 2802 clero
416 2738 611 2804 Graecorum
634 2738 783 2821 veniunt,
808 2761 903 2822 quam
925 2738 1036 2804 haberi
1065 2744 1211 2824 oporteat
1234 2743 1350 2805 cautio-

62 2861 172 2921 nem,
205 2840 403 2903 sufficienter
435 2842 654 2905 instruximus
707 2840 768 2904 sed
798 2845 830 2903 et
859 2862 972 2903 causac
1000 2842 1100 2924 ipsius
1128 2843 1272 2906 ordinem
1302 2845 1350 2907 in-

63 2939 275 3006 structiones
284 2941 309 3026 ⁷)
338 2942 510 3024 adjunctae
543 2944 581 3006 dc
615 2943 740 3006 scriniis
769 2943 993 3006 ecclesiasticis
1021 2966 1075 3006 vos
1105 2944 1279 3029 docebunt,
1315 2949 1351 3010 ut

64 3051 295 3129 agnoscentes
318 3047 352 3106 et
371 3044 540 3127 impiorum
561 3045 850 3128 transgressionem
872 3047 905 3106 et
926 3044 1118 3126 apostolicae
1140 3047 1223 3110 sedis
1242 3069 1350 3112 curam

64 3323 106 3372 24
151 3318 172 3383 ¹)
190 3315 217 3368 J¹
236 3328 261 3371 et
278 3324 408 3372 adventurn
426 3323 462 3371 nd
482 3323 513 3371 It.
532 3339 600 3370 seorim
619 3339 642 3373 n.
662 3323 760 3370 dileetio
832 3322 948 3369 indicare
1014 3323 1126 3372 tendere.
1162 3335 1196 3371 cc
1214 3331 1241 3371 ut
1259 3325 1351 3374 odoen-

66 3416 129 3458 tum
149 3413 225 3455 tuam.

148 3488 171 3553 ²)
190 3485 265 3540 Editi
283 3500 309 3540 ret
325 3496 480 3555 preterieram·
498 3509 543 3541 nos
561 3498 585 3541 et
604 3493 726 3557 colloquio
746 3499 771 3539 et
786 3495 934 3554 promentia
950 3491 1017 3552 srai,
1037 3509 1109 3556 picem
1126 3508 1208 3541 salerius
1226 3501 1286 3542 aute
1302 3512 1351 3558 per

64 3577 182 3639 empta
203 3580 336 3640 complexi.
382 3579 558 3626 Veruodomen
579 3577 710 3640 probusti:
734 3571 907 3639 castigantur
930 3588 962 3623 ex
981 3574 998 3640 β
1014 3577 1038 3625 Γ
1046 3573 1092 3625 0¹⁰
1104 3573 1129 3624 J'
1156 3584 1181 3625 ut
1198 3595 1239 3641 pr.
1258 3595 1304 3628 noe
1326 3587 1351 3628 et

67 3662 216 3726 conloquio
232 3663 288 3724 frui
306 3665 364 3727 poia
383 3665 427 3712 ita.

110 3764 119 3783 ⁰
149 3743 171 3808 ³)
191 3739 238 3794 0¹⁰
254 3741 318 3795 add.
337 3750 455 3811 superias
472 3743 544 3795 forte
562 3759 614 3810 pro
632 3762 711 3810 sroper
728 3747 767 3795 iis.
797 3742 813 3793 J
819 3745 823 3776 ¹
843 3748 985 3795 constitutis
1002 3764 1080 3811 super
1097 3750 1156 3813 quic
1175 3755 1217 3796 eret
1289 3764 1349 3798 san·

69 3836 182 3884 tianius.

150 3915 172 3980 ⁴)
191 3910 236 3964 Sic
254 3930 316 3966 mss.
353 3912 427 3965 Editi
446 3927 523 3965 vcro:
543 3920 610 3982 quod
628 3919 739 3980 atriplexi
756 3932 850 3972 sicerae,
870 3923 975 3980 captata
993 3919 1064 3966 istius
1080 3919 1203 3967 desiderii
1216 3918 1349 3980 facecitate.

151 3999 172 4064 ⁵)
190 3996 241 4049 Ed.
255 3997 344 4050 cumJ
358 4009 401 4050 aiot
415 4003 468 4051 Deo
487 4004 583 4065 (aptiae,
603 3997 649 4050 0ΙΠ
667 4009 710 4049 roret
729 4003 783 4051 Deo
802 4005 890 4051 aetius.
920 3997 1009 4066 Magis
1020 3997 1114 4067 placet
1131 4015 1192 4051 cum
1205 3997 1267 4052 aliis
1285 4017 1349 4054 mss,

71 4095 127 4139 ant
144 4087 255 4143 beatius,
274 4081 326 4135 nisi
344 4082 404 4148 (poris
422 4081 502 4135 malit
520 4094 563 4135 aret
581 4088 636 4136 Deo
654 4089 759 4150 metiar.

149 4170 172 4234 ⁶)
190 4167 234 4220 lta
251 4169 296 4236 ἳβ
312 4171 336 4220 Γ
347 4167 400 4220 0¹⁰.
436 4169 474 4220 At
491 4167 526 4220 al.
545 4173 690 4224 caritatem.
709 4167 725 4219 J
730 4169 734 4201 ¹
749 4174 883 4221 caritatem
902 4189 974 4237 parom
993 4174 1154 4235 sejungimur.
1168 4199 1201 4208 -
1216 4174 1352 4223 Generalis

72 4258 233 4312 constitura,
252 4269 324 4319 quae
335 4251 381 4305 hic
392 4254 594 4317 memorantur,
613 4251 725 4305 exhibet
738 4267 854 4319 sequens
868 4252 998 4321 epistola,
1018 4251 1090 4306 sicut
1102 4257 1130 4306 et
1142 4270 1213 4321 quae
1225 4253 1297 4308 hanc
1307 4271 1352 4308 ex-

75 4337 166 4409 eipit,
185 4353 242 4406 qua
261 4337 387 4390 cautione
406 4336 507 4391 Graeci
524 4336 679 4406 excipiendi
697 4335 764 4400 sint,
783 4336 872 4390 docet.

147 4427 170 4492 ⁷)
189 4423 234 4476 lta
253 4422 378 4490 flFO¹03
405 4423 440 4475 at.
460 4428 647 4475 instructionem
674 4427 773 4475 abiendo
800 4428 910 4476 decretis
937 4430 1129 4481 ecclesiasticis:
1155 4424 1181 4476 J'
1204 4431 1351 4480 instructio·

73 4532 133 4567 nem
151 4507 299 4563 adinune'te.
340 4506 473 4560 Eamdem
497 4509 641 4560 confirmat
664 4509 693 4560 et
713 4507 781 4559 illud
804 4506 937 4575 epistolae
955 4515 987 4561 ‘20
1005 4527 1031 4561 n.
1046 4514 1073 4560 ⁶2:
1096 4514 1285 4576 satisfacientes
1307 4517 1353 4579 igi-

72 4611 120 4654 tur
136 4607 165 4650 et
182 4596 351 4648 laudabilitas
363 4598 498 4646 desideriis
514 4598 644 4647 meoioroti
661 4597 709 4645 oiri
718 4591 881 4661 (iohannis),
900 4599 1047 4648 ‹Ioeirooieote
1065 4615 1162 4664 quoque
1181 4601 1213 4648 de
1230 4602 1353 4650 eeclesiae

70 4688 181 4741 verinir's
198 4690 366 4733 accurrentes.

1081 4765 1149 4831 ao*
