3224 5506
612 376 784 426 sersaoni
808 368 857 428 10.
1312 366 1373 431 149

108 528 254 598 babitare
278 531 480 617 prohibetur,
510 530 590 595 alter
613 530 838 617 respiciente⁴)
867 554 900 597 se
924 532 1061 598 Domino
1088 557 1213 619 semper
1236 535 1371 619 junctus
1383 562 1407 598 a.
1419 551 1477 600 464.

34 692 44 704 .
100 636 267 718 asseritur,
290 634 379 718 cujus
403 632 621 698 consolatione
643 633 793 699 salvatur.
833 635 969 699 Possent
984 636 1213 702 venerabilium
1229 642 1371 704 veterum
1384 646 1495 713 lassa

93 737 207 801 multa
235 737 387 820 replicari,
417 758 499 821 quae
522 735 618 819 juxta
646 736 813 801 veritatem
841 738 927 802 dicta
953 737 1223 821 demonstrantur,
1252 741 1307 804 sed
1330 742 1370 805 ab

88 839 219 902 eadem
239 861 340 922 causa,
364 861 446 923 quae
468 860 502 903 se
524 840 561 901 ut
581 837 782 922 loqueremur
804 838 949 923 ingessit,
974 839 1153 904 recentiora
1175 845 1251 906 suut
1266 865 1370 906 exem-

36 928 39 933 *
81 941 128 1027 pla
149 941 339 1006 sumenda.
374 939 483 1023 Non⁵)
505 938 699 1024 dignitatem
714 939 909 1006 Viennensis
932 940 1083 1005 ecclesiae
1107 940 1282 1007 Mamertus
1304 945 1368 1027 epi-

77 1065 220 1128 scopus
233 1043 376 1107 meminit
386 1041 587 1107 Arelatensis
603 1042 759 1107 antistitis
774 1043 934 1127 quondam
949 1044 1205 1127 transgressione
1221 1046 1367 1126 crevisse,

75 1153 105 1215 et
121 1167 217 1230 pro
237 1145 443 1230 corrigendis,
466 1165 548 1228 quae
570 1165 738 1227 perperam
760 1145 966 1228 gerebantur,
991 1144 1168 1209 inviolabili
1191 1150 1302 1228 postea
1317 1148 1369 1210 de·

72 1247 248 1319 finitione
268 1247 489 1332 compositum,
513 1267 554 1310 ne
578 1245 659 1309 alter
674 1245 840 1330 inglorius,
865 1245 996 1311 alteria
1015 1250 1119 1311 totum
1135 1247 1233 1310 veteri
1248 1247 1368 1313 honore

73 1376 121 1444 per
139 1350 291 1414 vitium
313 1347 525 1432 praecessoris
548 1347 741 1432 reperiretur
763 1347 900 1411 exutus?

151 1452 217 1516 3.
259 1450 350 1516 Sicut
371 1473 449 1537 ergo
477 1453 510 1516 et
531 1452 656 1529 vestrae
685 1449 865 1513 dilectionis
887 1450 1000 1515 relatio
1023 1454 1056 1514 et
1078 1450 1187 1514 fratris
1210 1454 1243 1515 et
1266 1453 1368 1536 coepi-

74 1553 160 1640 smpi
217 1553 316 1618 nostri
339 1553 475 1618 Antonii
502 1551 678 1617 insinuatio
706 1552 869 1632 reseravit,
900 1553 1010 1635 claret,
1045 1553 1244 1637 praedictum
1273 1553 1368 1637 privi-

75 1659 158 1746 legia.
209 1655 302 1720 certis
325 1653 476 1719 conclusa
497 1653 645 1719 terminis
670 1654 747 1718 velle
769 1655 901 1737 perdere
923 1654 995 1739 plus
1011 1654 1156 1736 volenda,
1181 1655 1235 1739 qui
1251 1655 1368 1720 abusus

79 1756 210 1834 fratris
241 1761 273 1822 et
300 1756 536 1838 consacerdotis
563 1754 687 1820 Leontii
717 1757 931 1839 moderantia,
967 1756 1147 1820 Deensibus
1178 1760 1291 1820 contra
1318 1758 1368 1823 fas

85 1865 291 1951 episcopum,
321 1857 447 1923 etiamsi
470 1861 519 1922 est
540 1858 683 1941 meritus,
714 1880 779 1922 uon
802 1858 911 1922 timuit
933 1879 1130 1951 consecrare.
1175 1858 1214 1921 Iu
1237 1880 1299 1943 quo
1322 1860 1367 1923 fa-

92 1973 172 2036 ctam
218 1961 281 2045 ejus
313 1962 509 2026 convenerat
535 1959 581 2024 sic
609 1959 734 2042 resolvi,
765 1963 801 2023 ut
819 1960 914 2043 juxta
936 1982 1056 2042 eorum,
1080 1982 1161 2044 quae
1183 1964 1368 2044 perpetrata

97 2067 186 2145 sunt,
223 2064 409 2148 qualitatem
435 2084 501 2127 non
524 2062 593 2127 sine
622 2062 752 2145 jactura
772 2062 893 2146 proprii
916 2062 1036 2126 ordinis
1044 2063 1069 2143 ⁶)
1100 2062 1196 2125 eliam
1225 2061 1315 2125 illum
1349 2084 1368 2126 a

104 2165 285 2239 sacerdotali
325 2165 486 2230 consortio
520 2164 699 2229 submoveri
737 2167 897 2246 cerneret,
936 2185 1029 2248 quern
1064 2163 1184 2227 creavit
1209 2162 1367 2247 indebite,

53 2328 58 2336 .
111 2268 288 2359 quemquei)
310 2267 535 2352 indignissime
557 2265 672 2330 fecisse
695 2267 911 2349 convincitur,
936 2269 1116 2350 correptum
1134 2265 1223 2348 justa
1245 2265 1366 2330 ultione

118 2365 244 2453 sentiret,
264 2392 306 2435 ne
329 2372 504 2454 conceptae
526 2367 678 2432 audaciae
701 2368 897 2453 incastigata
920 2368 1084 2432 temeritas
1099 2367 1249 2432 licentiae
1264 2390 1297 2432 se
1313 2390 1365 2452 pe-

122 2468 223 2563 perisse
246 2475 373 2558 putaret
406 2470 595 2554 exemplum.
641 2469 761 2534 Verum
789 2471 829 2534 ad
858 2470 1063 2535 ecclesiarum
1091 2470 1231 2553 quietem
1254 2473 1365 2536 tantae

126 2575 363 2659 transgressionis
385 2571 518 2638 vulnera
547 2593 701 2636 memores
728 2571 922 2656 apostolicae
952 2572 1129 2657 sapientiae
1154 2573 1258 2636 curari
1281 2573 1364 2637 volu·

126 2694 187 2742 mus
202 2680 266 2742 ante
285 2676 449 2759 fomentis,
473 2678 519 2757 ut,
532 2674 673 2758 eorporis
694 2675 797 2739 nostri
819 2675 998 2739 membrum
1024 2675 1107 2739 forte
1129 2675 1308 2739 sanandum
1331 2676 1364 2739 in

123 2777 317 2861 integritatem
339 2777 511 2863 pristinam
532 2799 590 2862 per
610 2777 738 2840 mitiora
760 2777 994 2841 medicamenta
1016 2779 1192 2860 revocetur,
1216 2798 1277 2841 nec
1300 2799 1365 2841 ere·

118 2880 202 2945 datur
218 2879 353 2966 negligi,
370 2880 454 2964 quod
475 2879 605 2944 interim
627 2901 692 2945 non
715 2882 863 2943 monetur
879 2878 1032 2943 abscindi.
1067 2878 1201 2943 Praevia
1216 2878 1364 2943 medendi

114 3002 229 3065 semper
252 2968 448 3047 austeritatis
471 2985 520 3045 est
541 2981 668 3063 lenitas,
698 3003 757 3045 nec
784 2980 887 3045 omnis
915 2981 1000 3045 ferro
1027 2980 1136 3044 statim
1166 2980 1259 3064 culpa
1282 3002 1364 3045 corn-

108 3082 256 3171 pescitur,
285 3086 342 3149 ant
363 3082 564 3167 inexplorato
597 3083 646 3147 vel
675 3084 757 3167 quod
785 3083 881 3148 facile
914 3083 1062 3168 prodesse
1089 3083 1190 3166 possit
1222 3083 1363 3149 offertur.

105 3184 201 3252 Nune
221 3185 302 3251 enirn
322 3185 479 3272 temporis
501 3184 734 3270 opportunitas,
757 3207 845 3249 nunc
867 3184 1053 3270 languentis
1068 3184 1252 3266 necessitas,
1277 3208 1364 3249 nunc

99 3285 275 3354 medicinae
296 3287 397 3372 ipsius
419 3289 452 3351 et
472 3286 583 3351 modus
606 3289 655 3351 est
676 3287 877 3371 quaerendus
899 3290 933 3351 et
954 3285 1107 3370 qualitas:
1130 3289 1167 3348 ut
1188 3286 1291 3349 omnis
1307 3309 1364 3370 per

95 3387 288 3474 sapientiam
310 3373 401 3454 lacta
421 3388 456 3452 in
479 3387 601 3474 viriisss)
624 3388 835 3472 reprimendis
858 3388 1036 3452 sollicitudo
1060 3387 1202 3452 curantis
1224 3389 1364 3473 gaudeat

92 3489 310 3576 reparatione,
333 3490 418 3577 quod
440 3488 554 3573 salvat,
577 3511 637 3554 nec
660 3493 768 3555 careat
790 3490 1017 3573 moderatione,
1040 3489 1124 3574 quod
1145 3493 1277 3554 resecat.

182 3592 215 3657 4.
251 3591 321 3677 ‚His
355 3592 457 3678 igitur
487 3594 593 3656 vestra
628 3592 816 3657 fraternitas
848 3592 991 3677 graviter
1029 3592 1265 3676 prudenterque
1294 3614 1362 3675 per-

88 3694 224 3783 pensis,
250 3694 344 3779 alia⁹)
368 3692 452 3779 apud
474 3684 533 3757 nos
562 3692 755 3758 dissimulari
776 3716 869 3778 posse
890 3716 957 3758 non
979 3693 1142 3776 aestimet,
1173 3694 1363 3778 inquorum

87 3822 129 3865 se
152 3795 289 3861 maxime
310 3795 549 3879 contumeliam,
573 3796 627 3880 qui
649 3818 715 3860 non
737 3796 896 3860 immerito
918 3795 1075 3879 pulsatur,
1100 3796 1211 3860 erexit.
1257 3795 1361 3860 Fratri

162 4088 186 4152 ⁴)
205 4083 250 4139 Sic
266 4087 293 4139 α1
307 4088 343 4152 0⁷,
361 4084 414 4139 nisi
432 4084 506 4152 quod
525 4088 551 4139 0⁷
568 4090 625 4139 deo.
652 4084 686 4138 Ιι4
704 4090 902 4154 suspicientem
920 4090 1009 4152 Danao,
1028 4085 1046 4137 b
1064 4089 1224 4151 suscipiente.
1260 4082 1322 4135 Mox
1337 4086 1363 4136 e'

85 4175 282 4239 comunione.
305 4168 358 4224 Hic
375 4168 499 4225 alludere
517 4169 626 4247 videtur
637 4169 749 4223 Hilarus
766 4169 803 4223 ad
820 4169 896 4223 illum
915 4158 1085 4233 uarietas
1103 4167 1192 4221 locum
1212 4166 1362 4221 secundum

85 4254 240 4326 antiquam
257 4254 416 4310 lectionem:
434 4259 471 4308 ad
481 4275 552 4324 quem
563 4261 699 4324 respiciam
717 4260 765 4308 nisi
782 4260 818 4308 nd
831 4259 941 4308 tamdem
954 4265 979 4307 ei
991 4259 1116 4322 parietina?
1139 4250 1245 4313 (autad
1258 4250 1360 4304 Psalm.

84 4347 165 4410 30,8
182 4339 227 4395 rel
243 4339 307 4395 Luc.
322 4347 346 4406 1,
357 4343 410 4407 4⁷).
1041 4383 1043 4389 .

160 4426 184 4491 ⁵)
203 4423 247 4478 lta
262 4441 326 4478 mss.
344 4424 375 4479 et
390 4422 409 4477 b
422 4425 472 4489 0¹¹3
490 4425 517 4479 θ’
528 4439 604 4493 seqq.
624 4429 688 4478 Nam
706 4430 860 4492 ‹iipaitalena
880 4424 982 4477 omisso
1000 4422 1115 4475 subinde
1133 4427 1247 4478 rrrcrainil.

156 4509 184 4579 ⁸)
203 4506 274 4574 Quia
289 4507 434 4576 nimbum,
450 4512 482 4562 ut
498 4508 556 4562 Leo
573 4507 654 4578 epist.
671 4512 718 4562 104
735 4526 761 4562 n.
776 4515 792 4562 3
809 4507 940 4575 loquitur,
958 4515 1066 4577 propria
1083 4512 1172 4576 perdit
1189 4513 1232 4575 qui
1250 4511 1361 4561 indebita

82 4600 259 4665 concupierit.
292 4592 441 4663 Illegitime
458 4592 618 4647 ordinatum
635 4592 726 4661 gradu
744 4610 794 4647 suo
812 4593 949 4648 mulctant
967 4611 1026 4661 syn.
1040 4590 1152 4646 Tauria.
1171 4599 1223 4646 c.3
1241 4593 1271 4644 et
1288 4590 1361 4646 Zosi-

83 4700 152 4738 mus
170 4676 569 4750 inepiatoliatn.2‚‘1n.2
588 4678 731 4732 etanl.

157 4768 181 4834 ⁷)
199 4764 235 4820 L’
251 4782 324 4834 qaeu
341 4783 420 4833 neque
437 4767 590 4833 dionaeam,
607 4779 727 4832 moxque
744 4762 853 4817 L³L⁴b
871 4783 916 4817 acc
933 4771 1081 4838 conceptae.

156 4855 180 4918 ⁸)
198 4849 234 4904 L’
251 4852 358 4916 him-dr
372 4853 549 4918 reprimendis.

155 4937 179 5005 ⁹)
198 4932 246 4989 la
263 4932 283 4986 b
301 4930 520 5004 suffragantibus
537 4949 602 4987 mss.
622 4934 661 4999 (αΙ
675 4932 728 5003 Id).
765 4931 820 4987 Alii
838 4938 909 4990 ralia.
