3204 5506
201 331 265 396 800
642 344 670 393 s.
687 344 892 394 aoaursusa
914 344 1028 392 esraa

94 501 419 582 a.51⁷.tium,nunc
446 496 591 581 adjutore
618 497 687 560 Deo
715 497 845 612 plenum
872 501 1015 582 reportet
1042 498 1203 563 effectum.
1254 500 1425 585 Aequicuite,

201 624 378 689 precamur,
402 599 547 663 fidelibus
569 600 711 682 monitis,
735 600 824 684 cujus
848 622 902 665 vos
925 600 1101 665 delectatos
1123 601 1243 664 dudum
1263 600 1401 687 legimus
1395 627 1426 668 u·

201 705 332 770 stitutis
379 701 463 765 Data
478 701 527 764 Ill
543 700 654 765 Nouus
676 701 814 786 Aprilis,
838 703 981 787 Agapito
1004 704 1071 767 viro
1094 702 1272 767 clarissimo
1294 704 1403 769 consule

700 888 880 992 Epistola
906 889 963 972 28.

61 1034 86 1070 a.
98 1022 147 1071 51⁷
160 1017 186 1070 d

70 1092 86 1139 3
95 1085 181 1154 311111
273 1041 485 1111 Hormisdae
508 1058 618 1124 papae
641 1041 684 1106 ad
707 1041 937 1106 Timotheum
960 1042 1380 1128 constantinopolitanum

725 1144 940 1226 episcopum.

234 1288 349 1338 Caritate
366 1290 472 1348 repenle
489 1299 516 1332 ae
539 1300 629 1332 ειιιιιι
613 1285 706 1331 licum
808 1284 863 1332 ru're
885 1286 1032 1348 ᾳιιάιιιιιιιιι
1017 1288 1125 1336 mortum
1149 1295 1304 1344 correnum,-
1325 1295 1349 1337 ιιι
1366 1302 1403 1336 ror·
1430 1282 1480 1351 pit

253 1372 390 1421 rectionem
408 1385 438 1417 ue
457 1369 562 1433 differat
580 1384 612 1416 ar
627 1299 805 1431 proeterilave
790 1385 839 1432 per
853 1370 944 1431 [utare
962 1371 1042 1419 diluat
1059 1380 1263 1438 compertaque,
1281 1373 1387 1422 ιιιιαιιιι.

351 1499 558 1565 Hormisda
573 1499 779 1565 Timotheo
795 1501 981 1587 episeopo
998 1501 1428 1590 Constantinopolitano.

287 1625 314 1686 l
352 1619 426 1684 Non
449 1619 617 1683 mirabitur
638 1619 767 1684 dilectio
794 1624 852 1684 tua
879 1622 1036 1686 rationem
1058 1624 1229 1707 praeteriti
1251 1624 1362 1690 silentii
1377 1622 1439 1702 uei,

199 1727 227 1790 si
249 1745 330 1809 quae
352 1722 586 1837 praecesserint
606 1720 756 1786 uniuersa
779 1723 973 1788 consideret:
1001 1746 1069 1788 non
1097 1726 1269 1791 mirabitur
1288 1725 1446 1841 praesentis

99 1795 181 1931 ¹¹⁰3}
201 1825 347 1911 alloquii,
377 1825 403 1888 si
426 1825 571 1909 quaesit
593 1825 640 1888 vis
663 1823 808 1888 caritatis
836 1826 1006 1909 expendat.
982 1824 1139 1892 tt'Sus
1114 1831 1220 1893 tmere
1247 1829 1329 1893 enim
1352 1827 1456 1892 omnin

200 1930 378 2010 caritatem,
402 1926 558 2011 magistro
578 1926 724 2010 gentium
739 1927 872 1992 docente
896 1929 1120 2043 cognovimus,
1144 1952 1226 2015 quac
1246 1931 1273 1995 si
1292 1952 1356 2014 sua,
1373 1924 1466 1994 acub

199 2031 344 2097 continet
365 2028 542 2092 doctrina
533 2050 613 2112 ipsa,
638 2050 704 2092 non
726 2029 861 2112 quaerit,
894 2053 937 2094 en
958 2031 1136 2116 incongrue
1159 2032 1277 2097 abusus
1297 2030 1474 2118 priudegi⁰

198 2156 285 2218 meo,
315 2130 434 2218 quodt
421 2130 480 2194 tihi
502 2130 608 2214 potius
629 2129 779 2213 prodesse
808 2132 925 2215 possit,
955 2131 1112 2196 exhibeo?
1156 2133 1349 2219 Exspectare
1372 2133 1480 2199 eain?¹

198 2259 248 2301 me
270 2234 378 2300 decuit
400 2233 441 2296 ab
463 2231 638 2296 errantium
662 2232 888 2316 conjunctione
910 2237 943 2297 tc
964 2233 1115 2318 liberum,
1147 2236 1249 2301 etsie
1270 2258 1371 2303 amare
1388 2250 1484 2301 our·

198 2342 336 2403 rectum:
358 2333 465 2399 videre
489 2334 529 2397 ab
551 2333 769 2417 improbandis
793 2334 907 2417 dividi,
936 2338 1033 2420 atque
1060 2336 1107 2400 ita
1135 2336 1293 2403 litterario
1319 2349 1488 2404 sermone

199 2438 376 2523 complecti.
421 2436 483 2502 Sed
505 2458 599 2521 quem
620 2439 711 2519 optes
721 2436 745 2521 ¹)
767 2385 931 2519 reduceris,
967 2459 1023 2502 cur
1050 2439 1180 2503 differas
1202 2462 1315 2506 vocare
1335 2439 1491 2505 tardan-

196 2542 286 2606 tem?
273 2539 386 2605 ιῦιιι
408 2561 474 2602 non
496 2539 550 2601 det
536 2542 589 2602 tur
603 2536 691 2601 locus
706 2539 859 2602 moderat
836 2540 926 2622 honi,
949 2561 1047 2624 quum
1064 2540 1148 2605 nihil
1163 2542 1343 2609 detrahitur
1356 2535 1492 2626 ιιφιί·

197 2643 283 2708 tati?
319 2639 538 2724 Impendenda
560 2642 636 2703 sunt
658 2661 738 2725 quae
761 2640 981 2705 laborantibus
995 2646 1147 2726 prosunt,
1171 2644 1200 2709 si
1221 2667 1281 2709 nos
1302 2639 1494 2710 maeatis

199 2743 392 2828 contagione
414 2765 481 2806 uon
503 2740 661 2825 polluunt.

281 2847 312 2910 2.
350 2844 440 2908 Haec
463 2865 558 2908 causa
579 2842 658 2906 mihi
679 2843 743 2907 fuit
764 2846 980 2928 praesentium
1001 2846 1041 2910 lit
1026 2849 1194 2930 tterarum,
1223 2852 1260 2913 ut
1281 2847 1393 2931 horter,
1427 2846 1490 2908 ut

197 2970 362 3029 moneam,
392 2969 433 3010 ne
455 2949 575 3009 terram
596 2948 740 3009 nostram
758 2947 866 3030 jacere
893 2948 1055 3031 patiamur
1076 2943 1299 3034 negligentius
1319 2950 1486 3017 insecun-

197 3054 282 3116 dam.
326 3049 401 3113 Nou
423 3048 476 3112 diu
498 3048 731 3112 infructuosam
754 3049 899 3113 arborem
921 3072 1077 3135 occupare
1104 3051 1208 3116 solum
1234 3052 1370 3139 diligens
1388 3072 1479 3136 per·

197 3154 299 3218 mittit
321 3150 476 3237 agricola:
500 3150 661 3233 patienter
683 3154 862 3234 exspectat,
885 3153 939 3215 sed
962 3153 1119 3237 numquid
1140 3154 1200 3218 sub
1223 3154 1476 3220 continuatione

197 3253 371 3342 perdurat?
402 3251 546 3316 Vocatus
569 3252 609 3315 ad
632 3252 795 3335 salutaria,
819 3274 884 3317 ιιοιι
906 3254 1050 3318 moreris.
1087 3253 1193 3340 Prope
1215 3257 1258 3322 ab
1278 3254 1469 3321 innocentia

197 3380 263 3422 non
285 3355 420 3438 recedit,
455 3354 510 3438 qui
532 3354 571 3417 ad
594 3375 664 3417 eam
686 3355 756 3419 sine
777 3355 931 3420 tarchtate
958 3357 1135 3447 reverterit.
1179 3356 1309 3423 Movere
1333 3361 1465 3444 patrum

197 3461 345 3542 monitis,
376 3460 408 3522 et
429 3457 581 3520 insistens
603 3455 749 3520 fidelibus
771 3457 841 3521 sine
863 3458 955 3543 lapsu
977 3461 1033 3522 aut
1055 3480 1162 3523 errore
1184 3459 1342 3546 vestigiis,
1366 3477 1461 3544 prae-

198 3562 344 3626 cedentia
366 3560 451 3624 dilue
473 3580 530 3642 per
550 3558 670 3621 futura.
716 3559 854 3643 Adjecet
881 3561 941 3623 tibi
968 3560 1061 3624 modo
1088 3560 1129 3625 ad
1147 3560 1240 3645 justa
1261 3560 1383 3646 populos
1396 3558 1461 3622 ιιι·-

92 3671 96 3701 ”
199 3663 343 3745 citando,
366 3661 459 3725 modo
482 3683 539 3744 pro
554 3660 616 3725 fide
632 3660 865 3745 principalibus
881 3661 1059 3748 vestigiis²)
1075 3661 1302 3748 supplicando,
1323 3661 1459 3745 dirigoe

197 3766 280 3850 quod
303 3765 428 3828 devium
450 3767 508 3845 est,
535 3762 671 3827 solidare
693 3764 776 3847 quod
799 3763 939 3827 dubium.
984 3763 1105 3849 Magno
1127 3768 1161 3829 te
1185 3766 1331 3831 convenit
1349 3762 1461 3827 labore

197 3867 372 3953 providere,
397 3871 433 3929 ιιι
456 3887 567 3929 causas
589 3866 746 3929 transacti
768 3866 921 3949 temporis
943 3869 1050 3930 rectae
1078 3869 1172 3952 tegat
1193 3867 1339 3933 sedulitas
1355 3860 1459 3929 actio*

197 3971 258 4034 uis.
294 3969 442 4033 Praestat
464 3967 591 4050 quidem
613 3967 739 4031 animae
761 3991 847 4050 suae,
871 3990 929 4051 per
951 3989 1044 4051 quem
1066 3969 1241 4034 universali
1256 3966 1362 4054 aliquid
1372 3982 1459 4028 aar

196 4073 299 4136 fertur
320 4070 498 4134 Ecclesiae:
527 4069 628 4133 etita
650 4090 683 4133 se
706 4091 756 4132 res
779 4070 892 4152 habet,
916 4072 953 4133 ut
975 4069 1001 4133 si
1024 4071 1201 4155 studiosam,
1235 4067 1456 4136 audeam

197 4173 364 4256 institeris,
388 4172 445 4235 fiat
467 4170 527 4234 tibi
549 4170 637 4234 utilis
660 4193 755 4234 causa
778 4172 964 4236 communie.
1010 4171 1097 4236 Data
1119 4176 1158 4237 ut
1178 4172 1316 4258 supra³).

196 4382 229 4432 ιθ
265 4381 285 4444 ¹)
304 4376 322 4430 b
336 4394 371 4431 cc
389 4387 471 4444 optem
488 4380 617 4441 reducem,
637 4396 682 4428 cur
700 4381 823 4446 differor:
840 4377 954 4445 praeter
965 4374 1131 4431 Hormiadac
1143 4376 1316 4439 cenantem.
1331 4372 1435 4443 (ltili)¹¹¹
1509 4360 1523 4441 ,ἱ

196 4461 321 4532 generali
338 4460 489 4515 locutione:
509 4481 579 4530 quem
598 4466 702 4530 quaque
720 4472 791 4529 optet
807 4467 936 4523 reducem,
955 4481 1001 4515 cur
1013 4465 1133 4530 differat,
1152 4462 1293 4534 eleganter
1307 4454 1428 4523 distre·
1506 4440 1526 4541 '¹

332 4590 337 4599 a
1504 4558 1518 4595 ίἰ

195 4549 335 4700 amesbeii.
355 4648 377 4686 e.
397 4629 529 4701 principis
547 4630 686 4685 Anastasii
710 4629 833 4700 vestgiis
855 4631 1025 4701 provolutus
1043 4662 1076 4670 -
1092 4630 1159 4688 Mox
1176 4631 1219 4688 ed.
1238 4637 1328 4701 oov'm
1340 4621 1414 4685 ..ομ
1493 4674 1526 4706 x,

263 4718 283 4783 ³)
302 4716 334 4768 H.
353 4733 375 4770 e.
395 4715 424 4769 ιιι
442 4716 583 4786 superiore
602 4715 772 4786 epistolari,
791 4733 862 4785 quae
880 4717 908 4769 in
926 4715 1047 4786 vulgatis
1064 4719 1096 4772 ut
1112 4717 1142 4772 in
1156 4716 1301 4790 exemplari
1308 4707 1408 4767 Vrh'fflh
1486 4766 1493 4793 1

145 4811 147 4815 ’
195 4815 229 4855 ar
247 4819 301 4873 quo
320 4818 375 4854 uno
393 4800 469 4854 edita
487 4808 540 4869 est,
559 4802 630 4855 hano
647 4802 773 4872 proxime
792 4801 939 4857 antecedit.
1485 4792 1505 4805 ἰ
