3204 5506
579 379 769 429 nersronns
793 369 897 428 2-7.
1333 368 1369 431 11

143 545 267 607 sinduno,
282 542 353 618 quod
370 540 427 597 sedi
442 557 506 597 suae
521 540 662 597 anatolius
683 543 711 597 in
732 541 837 615 synodo
853 541 1062 598 Calclrcdoncnsi
1078 542 1188 600 attribui
1203 552 1369 617 procurarat,

141 647 206 705 seque
223 629 284 686 idem
300 627 345 699 jus
366 626 440 683 velut
455 625 569 682 Nicacno
590 626 706 682 concilio
726 628 890 683 eontrarium
911 628 1018 682 irritum
1033 626 1159 684 babuisse
1181 645 1211 684 ac
1232 628 1368 700 rejecisse.

139 717 163 772 Si
174 716 236 771 etun
247 713 397 769 liberatum
412 710 486 768 brev.
503 729 527 769 c.
537 712 575 769 18
592 711 746 775 audiamus,
768 714 808 769 ad
823 715 940 786 pienum
955 715 1085 769 detectus
1101 721 1143 769 est
1158 715 1285 770 Aeacius
1299 715 1368 770 laee-

138 804 232 857 renam.
259 797 309 874 Sed
324 814 379 853 non
395 795 502 853 aliunde
517 795 648 872 probatur
663 798 728 853 baec
744 796 823 872 plena
837 797 981 867 haerescos
997 799 1141 862 convictio,
1164 799 1261 854 nisiex
1278 808 1370 873 aperta

135 885 182 956 ejus
193 877 367 941 communione
382 899 444 938 cum
459 882 602 938 haereticis
617 889 699 956 atque
714 883 745 938 iis
765 883 923 957 praesertim
938 883 965 938 in
981 881 1075 946 rebus,
1098 883 1125 938 in
1146 882 1243 957 quibus
1264 883 1369 940 haeresi

134 971 322 1043 larereeamqne
337 983 496 1043 promovere
517 966 702 1041 deprehensus
718 975 769 1023 est.
808 965 884 1035 Quod
903 984 967 1023 vero
988 976 1045 1022 tum
1066 984 1080 1021 a
1101 966 1189 1024 Felice
1208 969 1368 1041 praestitum

133 1057 171 1116 sit.
182 1053 241 1110 idem
255 1052 395 1108 Liberatus
409 1055 447 1109 ita
461 1052 591 1126 explicat:
617 1052 670 1110 Ubi
683 1068 751 1126 erpo
767 1055 934 1125 adplenum
948 1053 1079 1109 detectus
1099 1058 1143 1109 est
1156 1055 1283 1110 Aeacius
1298 1054 1367 1109 bae-

132 1143 230 1209 rnum,
249 1156 331 1212 papa
347 1139 435 1195 Felice
449 1141 478 1194 in
493 1140 598 1194 litteris
613 1141 674 1194 suis
688 1139 833 1210 synodicis
849 1140 888 1193 od
901 1139 1041 1194 Acacium
1063 1141 1104 1193 sic
1118 1142 1228 1210 posuit:
1257 1154 1367 1209 „pee-

132 1229 221 1295 easti,
254 1240 297 1279 nc
332 1224 500 1297 adjicias
536 1229 569 1279 et
603 1224 644 1279 de
674 1224 868 1295 prioribus
901 1220 1107 1295 supplica.“
1165 1223 1233 1278 Tum
1262 1221 1368 1278 subdit:

131 1310 255 1382 Susceptis
269 1309 314 1365 bis
328 1309 456 1365 Aeacius
470 1310 573 1364 litteris
586 1315 772 1380 perseueret,
790 1322 883 1381 neque
899 1309 1039 1363 recedens
1053 1325 1071 1362 a
1084 1311 1277 1364 communione
1288 1307 1371 1363 Petri

130 1410 203 1468 neque
215 1395 339 1451 suadens
354 1396 492 1465 cipetum
513 1397 664 1466 suscipere
680 1393 914 1450 calchedonense
936 1396 1088 1449 conscilium
1110 1401 1137 1449 et
1153 1400 1256 1449 tomum
1267 1407 1369 1465 pupae

129 1481 218 1537 leoma
247 1479 332 1536 Haec
353 1494 529 1552 capnoscens
547 1496 628 1552 papa
644 1479 732 1542 Felice
752 1480 944 1535 damnationis
968 1481 1146 1549 scripturam
1166 1481 1240 1534 misit
1259 1479 1368 1532 Aeaeio

124 1564 277 1637 perTutum
297 1563 488 1636 defensorem,
512 1567 600 1638 cuijus
622 1567 869 1636 estprincipium:
899 1562 1120 1632 „Multarum
1151 1570 1366 1636 transpres·

127 1655 246 1706 sianum
272 1652 456 1722 reperiris
476 1648 689 1707 obnoxius.“
732 1650 771 1705 Et
791 1651 868 1705 datis
881 1647 991 1704 Aceeio
1006 1649 1172 1722 hujusmodi
1190 1650 1296 1704 litteris
1317 1661 1368 1702 eas

125 1753 169 1791 non
181 1738 312 1807 suscepit,
324 1737 490 1806 patrocinio
502 1733 599 1806 fuitus
613 1737 812 1807 imperatoris,
835 1737 876 1790 ita
891 1740 923 1790 ut
939 1740 1127 1807 caperentur,
1150 1736 1201 1806 qui
1221 1747 1272 1788 eas
1286 1733 1366 1789 detu-

122 1822 216 1891 lerunt,
229 1835 287 1892 per
301 1821 451 1892 quemdam
464 1822 635 1877 monacnum
650 1820 874 1877 Aeoemitensem
895 1822 987 1891 ipsam
1009 1819 1142 1874 ciscartam
1163 1819 1365 1884 damnationis,

121 1907 174 1961 dura
186 1907 386 1980 inprederetur
400 1907 440 1962 ad
459 1907 634 1962 celebranda
646 1921 743 1975 sacra,
761 1905 939 1977 suspendere
950 1909 979 1960 in
992 1906 1059 1975 ejus
1067 1906 1157 1975 padio
1169 1910 1197 1959 et
1209 1902 1365 1958 discedere.

121 1989 184 2058 Quod
198 1997 286 2045 autem
301 1988 440 2046 Liberatus
462 1992 489 2046 in
509 1990 591 2062 hujus
613 1991 773 2047 narrationis
794 1990 871 2046 initio
886 1989 971 2046 relert
992 1988 1026 2044 dc
1040 1991 1185 2062 synodicis
1199 1990 1316 2055 litteris,
1339 1986 1366 2040 in

119 2073 202 2149 quibus
217 2075 249 2130 ad
264 2075 388 2131 Acacium
404 2076 543 2150 scripserit
555 2075 642 2132 Felix:
662 2079 807 2148 peccasti,
829 2089 866 2131 ne
881 2076 1022 2147 adjicias,
1044 2081 1071 2129 et
1086 2075 1121 2130 de
1134 2074 1284 2145 prioribus
1298 2087 1365 2141 sup-

115 2163 192 2233 plica,
208 2161 344 2216 meritoin
359 2158 468 2215 dubium
489 2163 578 2217 vocari
587 2155 608 2231 ¹)
629 2160 706 2225 licet,
728 2177 811 2235 quum
833 2158 865 2215 dc
888 2157 1041 2230 hujusmodi
1061 2158 1158 2215 litteris
1179 2159 1206 2213 in
1228 2156 1312 2232 gestis
1333 2153 1367 2210 dc

117 2247 213 2301 nominc
229 2246 316 2301 Aeacii
331 2243 431 2316 (Gelas.
446 2254 524 2302 tract.
541 2245 562 2319 l)
582 2246 707 2308 sileatur.
728 2247 756 2301 in
778 2243 876 2318 quibus
897 2243 951 2300 duo
974 2252 1076 2300 tantum
1098 2242 1194 2300 Felicis
1215 2238 1366 2315 scriptaad

118 2332 242 2394 Acacium,
271 2346 339 2404 quae
360 2332 485 2404 superius
505 2330 643 2394 habemus,
665 2332 750 2406 ipsius
771 2330 968 2386 damnationem
989 2330 1170 2403 praecessisse
1191 2333 1364 2385 annotantur.

118 2414 167 2489 lpse
182 2431 288 2490 quoque
303 2414 377 2471 Felix
392 2417 420 2471 in
435 2416 523 2473 edicto
539 2418 703 2479 sententiae.
725 2432 780 2490 quo
796 2414 918 2471 eumdem
934 2414 1055 2479 (lunarat,
1077 2431 1137 2470 eum
1153 2431 1168 2469 a
1183 2431 1213 2469 se
1230 2413 1366 2480 secundo,

118 2517 163 2556 non
183 2505 272 2570 tertio,
295 2499 461 2557 admonitum
482 2509 620 2557 memorat.
662 2502 768 2557 Tertiae
791 2507 879 2556 tamen
900 2500 943 2555 vel
964 2508 1074 2574 quartae
1095 2500 1285 2556 admonitionis
1311 2497 1367 2552 vice

119 2601 215 2642 censere
229 2593 336 2660 poterat
351 2586 501 2642 decessoris
516 2589 558 2643 sui
574 2589 683 2644 monita.
728 2585 803 2642 Unde
823 2587 850 2641 in
865 2585 960 2641 iisdem
976 2587 1061 2659 gestis
1077 2602 1104 2640 n.
1115 2584 1153 2641 13
1169 2585 1366 2659 praemittitur:

120 2671 259 2744 Postquam
285 2686 353 2745 erpo
379 2673 450 2729 nibil
472 2672 637 2745 profecisse
660 2674 774 2729 litteras
796 2672 1036 2743 praedecessoris
1065 2674 1112 2727 sui
1136 2677 1256 2727 sauctus
1284 2685 1367 2741 papa

120 2761 233 2829 emnerii
240 2782 249 2821 ,·
263 2773 294 2812 ac
307 2754 404 2812 deinde
417 2756 531 2823 additm,
548 2758 660 2813 Vitalem
671 2775 702 2814 ac
712 2756 843 2813 Misenum
856 2754 888 2811 ab
900 2773 932 2812 co
945 2753 996 2811 sub
1009 2757 1057 2811 buc
1068 2757 1249 2811 instructione
1260 2754 1367 2827 legatos

120 2857 176 2905 esse,
192 2850 246 2897 tum
262 2848 292 2898 ut
306 2842 414 2898 Petrus
428 2844 670 2900 dedicaarrdrina
684 2845 847 2915 pelleretur
862 2845 996 2905 eeclesia,
1013 2839 1055 2913 (ad
1069 2841 1142 2915 quod
1150 2841 1274 2896 Acacium
1286 2854 1366 2913 supe-

120 2928 180 2982 riore
193 2926 306 3001 epistola
322 2926 339 2981 2
361 2926 435 2983 Felix
450 2927 569 3000 invitat),
591 2936 648 2984 turn
670 2935 701 2985 ut
714 2929 809 2985 libello
825 2931 922 2984 saneti
934 2927 1079 2983 lobannis
1094 2930 1224 2999 episcopi
1237 2926 1366 2981 Alexan·

119 3013 185 3067 drini
196 3013 381 3086 responderet
387 3015 521 3083 Aeacius,
539 3021 626 3087 atque
639 3017 696 3086 ipsi
709 3016 931 3070 denuntiaretur
937 3013 1054 3082 Aeacio,
1073 3019 1103 3068 ui
1116 3011 1366 3068 arratbemarllea-

120 3099 226 3154 andrina
245 3099 356 3154 diceret
377 3099 464 3157 Petro
485 3097 522 3171 (id
538 3099 612 3174 quod
632 3099 754 3155 subnexo
770 3098 866 3153 Felicis
881 3096 974 3154 libello
997 3113 1045 3153 seu
1066 3096 1214 3170 epistola‘d
1236 3094 1366 3169 praestari

120 3181 239 3256 legirms).
269 3182 347 3238 Etsi
367 3183 464 3258 legatis
484 3184 558 3241 illata
578 3186 755 3258 ipsorumque
770 3184 923 3257 legatorum
939 3182 1042 3256 flagitio
1059 3182 1189 3255 expositis
1210 3179 1366 3250 subjicitur:

120 3267 214 3335 Quibus
238 3276 391 3326 commotus
414 3269 593 3327 beatissimus
612 3287 697 3343 pape
723 3270 822 3326 nabitu
848 3270 956 3342 synodo
981 3269 1099 3333 Vitalem
1121 3274 1148 3322 et
1168 3266 1309 3322 Misenum
1331 3265 1368 3321 ab

120 3355 204 3424 adicio
218 3360 244 3411 et
260 3358 455 3412 communione
474 3358 623 3428 suspendit
638 3358 834 3428 Aeaeiumque
855 3356 1010 3410 damnauit.
1045 3352 1139 3427 Neque
1160 3352 1239 3408 etiam
1261 3356 1368 3424 tempus

120 3440 249 3513 excogitan·
265 3448 373 3513 potest,
396 3457 451 3514 quo
472 3443 569 3497 missae
584 3443 638 3496 sint
653 3439 798 3514 synodicae
811 3439 917 3495 litterae
933 3455 947 3494 a
963 3437 1089 3494 liberato
1105 3444 1275 3499 memoratae,
1297 3437 1321 3490 si
1336 3434 1367 3490 ab

119 3523 362 3598 iisdistinguantur.
383 3525 481 3599 quibus
505 3524 586 3582 officii
606 3527 648 3581 sui
663 3526 823 3582 admonetur
837 3526 957 3588 Aeacius,
980 3532 1025 3579 aut
1041 3522 1072 3578 ab
1087 3525 1129 3587 iis,
1146 3521 1242 3596 quibus
1258 3521 1368 3577 Romam

119 3615 216 3665 vocatur
230 3609 261 3665 ad
277 3610 416 3666 dicendam
431 3627 547 3675 eausam,
563 3620 610 3667 aut
624 3610 767 3674 subnexis,
792 3608 889 3683 quibus
911 3609 1060 3665 damnatur.
1092 3608 1161 3663 linas
1177 3609 1248 3664 cuim
1263 3607 1367 3680 priores

121 3692 201 3767 legatis
221 3694 329 3750 tradidit
344 3695 418 3752 Felix
440 3713 500 3753 cum
521 3697 613 3771 primis
634 3696 811 3752 ordinationis
833 3711 897 3750 suae
913 3696 1017 3750 nunciis
1033 3693 1204 3755 deserendas,
1227 3691 1368 3764 nullasque

119 3778 192 3851 igitur
204 3789 279 3837 antea
294 3782 413 3837 miserat.
437 3782 531 3857 Neque
546 3773 633 3839 bracii
649 3781 753 3837 distulit
769 3781 976 3841 damnationem.
994 3778 1038 3835 nbi
1054 3796 1094 3843 ea,
1110 3795 1253 3854 quaecum
1270 3778 1367 3850 legatis

120 3864 220 3937 mmet,
235 3868 376 3940 comperit.
1005 3889 1009 3897 ·

423 4017 461 4078 In
480 4017 595 4079 Felicia
616 4017 779 4095 epistolam
801 4015 819 4075 7
840 4011 1047 4097 („Aeacius“).

190 4137 243 4195 liae
264 4136 382 4195 edietum
402 4141 431 4196 in
452 4139 571 4197 editione
586 4139 704 4196 liomana
725 4139 830 4205 deerat,
857 4132 1015 4213 primusque
1040 4154 1072 4194 cx
1092 4136 1185 4193 codice
1206 4134 1367 4190 Vindunansi
1381 4131 1468 4201 [Dua]

121 4221 240 4296 evulgavit
252 4223 369 4280 lacobus
385 4224 544 4281 sirmondus
558 4227 586 4282 in
602 4224 749 4300 appendice
769 4223 829 4280 eod.
848 4224 983 4280 'Fbeodos
1006 4240 1069 4297 pag.
1079 4221 1149 4280 123.
1181 4219 1289 4277 Publice
1304 4237 1367 4294 pro·

121 4307 221 4376 positum
236 4318 277 4364 cst
293 4311 444 4383 generatim
460 4310 620 4385 legendum,
644 4327 698 4384 quo
720 4325 803 4384 porro
825 4309 913 4365 ‹litiert
928 4327 943 4364 a
958 4309 1098 4383 superiore
1113 4307 1291 4363 damnationis
1306 4323 1367 4362 sen·

121 4394 189 4447 tentia
202 4395 295 4450 Acacio
312 4393 454 4457 tradenda,
477 4396 504 4452 in
526 4412 578 4470 qua
594 4405 621 4452 ct
634 4394 707 4451 Felix
722 4396 867 4468 ipsummet
882 4394 1039 4468 alloquitur.
1071 4392 1199 4449 Similiter
1218 4393 1246 4448 in
1261 4391 1368 4448 concilii

121 4474 327 4536 b'alcbedouensis
343 4481 448 4536 actione
465 4481 483 4538 3
505 4479 715 4554 (Harduincoll.
732 4480 847 4543 conell,
865 4479 937 4551 377)
959 4480 1039 4535 latam
1060 4478 1188 4534 adversus
1210 4478 1367 4534 Dioscorum

119 4607 368 4619 —-.-..-.-
378 4613 405 4618 -

175 4675 388 4743 namneticis,
411 4694 482 4746 quoe
501 4678 613 4747 quidem
630 4678 660 4730 in
678 4676 856 4731 conciliorum
880 4675 1048 4730 eclitionibus
1067 4677 1126 4744 ejus
1143 4670 1368 4739 nominaremur,

118 4740 220 4810 epistola
236 4751 261 4809 3,
278 4743 322 4797 bis
339 4744 431 4799 verbis
449 4745 596 4815 incipiens:
620 4749 680 4810 eris
698 4748 777 4799 dabit.
812 4744 882 4798 Eam
906 4762 968 4797 cum
989 4746 1051 4798 tota
1074 4743 1204 4797 similium
1222 4743 1368 4797 documen-

118 4818 196 4864 torum
211 4812 281 4866 serie
300 4812 473 4882 suppositum
491 4830 557 4879 esse,
576 4814 642 4868 sotis
657 4813 812 4867 luculenter
823 4812 958 4867 Henricus
970 4812 1096 4866 Valesius
1115 4812 1222 4865 dissert.
1237 4811 1272 4864 de
1284 4811 1367 4863 Petro

117 4878 273 4934 bnb'ocheno
297 4887 388 4950 capi.
414 4883 443 4935 et
469 4881 611 4936 Ballerinii
634 4882 667 4936 da
690 4881 795 4949 antiqu.
821 4881 926 4935 collect.
949 4880 1026 4934 lubin.
1046 4898 1073 4951 p.
1087 4881 1113 4934 Il
1137 4897 1197 4950 cop.
1211 4885 1241 4933 11
1260 4884 1303 4944 §3
1322 4877 1368 4932 de·

116 4949 300 5004 monstrarunt.
