3204 5506
193 505 220 544 a.
235 497 291 545 510.

164 1617 189 1655 a.
200 1607 250 1656 519
262 1601 289 1657 d.

175 1676 207 1723 15
219 1668 278 1724 Oct.

306 315 368 382 894
745 337 772 384 s.
789 334 997 385 nonursnnn
1019 335 1134 382 aaran

304 511 378 553 nem
405 493 549 554 nostram
577 489 709 573 depulsa
736 489 812 553 mali
841 491 955 554 erroris
983 489 1188 575 aegritudine
1218 487 1402 554 catholicae
1427 492 1548 558 scientiae

305 592 451 676 cupimus
473 591 592 655 sentire
613 591 815 655 medicinam.

387 694 418 758 3.
452 693 712 757 Praetereamus
735 696 771 756 ut
792 693 976 777 praesentia
997 716 1053 758 vos
1070 693 1248 779 contigerit
1271 696 1394 780 scripta
1407 695 1547 780 suscipere,

303 795 459 860 debebitis
487 791 527 859 ad
550 816 608 867 nos
630 795 670 858 de
691 795 806 859 vestris
834 794 972 880 aliquem
999 796 1161 860 destinare
1191 818 1266 861 cum
1294 797 1463 881 relatione,
1487 820 1548 883 quac

303 889 452 961 universa
474 898 649 980 contineat,
674 897 757 960 unde
779 897 840 981 his,
863 920 943 982 quae
966 902 1058 983 gesta
1079 902 1156 963 sunt
1178 898 1231 962 vel
1259 902 1432 984 gemntur,
1458 899 1547 964 solliei-

302 999 446 1063 tudinem
468 1002 611 1063 nostram
633 999 774 1063 relevare
796 999 950 1064 debeatis.
988 987 1158 1064 Datarinm
1181 1022 1309 1085 quoque
1331 1001 1445 1065 litteris
1459 1003 1548 1065 rubis

303 1100 485 1186 adjungite,
510 1123 550 1164 ne
573 1100 662 1163 robis
684 1101 849 1184 portitoris
871 1102 1007 1166 tarditas
1029 1103 1131 1187 possit
1147 1102 1300 1166 adscribi.
1340 1102 1424 1166 Data
1437 1102 1548 1167 Illldos

303 1202 466 1286 OctobriS,
489 1203 663 1267 Eutharico
685 1203 753 1266 viro
776 1202 951 1267 clarissimo
974 1204 1113 1269 consule.

809 1391 993 1494 Epistola
1018 1391 1065 1475 98

910 1543 959 1580 seu

439 1635 629 1706 suggestio
650 1636 807 1694 Diosoori
828 1637 966 1694 diaconi
988 1639 1032 1694 ad
1053 1637 1274 1695 Hormisdam
1295 1652 1428 1708 papam.
1516 1654 1519 1665 ·

335 1769 376 1818 Aa
395 1770 495 1833 agenda
513 1785 565 1819 cum
585 1767 686 1833 Sopita
702 1769 830 1818 monachis
847 1765 933 1819 coram
955 1771 1076 1833 episcopo
1096 1769 1381 1834 Constantinopolitano
1398 1784 1472 1820 causa
1485 1784 1523 1818 rua

334 1868 362 1902 se
384 1855 481 1903 minim
503 1854 643 1903 abhorrere
667 1851 701 1916 (n.
722 1851 755 1918 l).
802 1855 914 1903 Victoris
938 1855 1040 1904 diaconi
1066 1860 1092 1903 et
1113 1856 1257 1904 eorundem
1281 1854 1431 1920 Scytharum
1451 1869 1523 1905 oorn

332 1939 468 2003 praedicto
487 1941 608 2003 episcopo
625 1946 698 2002 perta
717 1936 751 2001 (n.
765 1936 806 2002 2),·
829 1938 998 1989 Nestorianos
1015 1939 1047 1988 ab
1065 1940 1102 1988 eis
1121 1940 1232 1989 vocitari
1248 1955 1343 1996 omnes,
1362 1942 1405 2005 qai
1418 1940 1523 2003 synod·

335 2023 563 2074 Calchedonenaenr
580 2026 734 2089 ascipiunt,
751 2010 912 2088 quapropter
928 2026 984 2087 ipae
1003 2024 1142 2073 dioscurus
1156 2025 1234 2086 fidens
1250 2040 1322 2074 suant
1335 2027 1443 2090 exponit
1453 2024 1485 2087 (n
1495 2022 1523 2088 ³)
1581 2039 1584 2054 ¹

334 2109 485 2160 Maxentius
502 2126 530 2160 se
548 2109 661 2159 abbatem
682 2109 827 2165 venditans,
851 2125 883 2157 ne
904 2108 1049 2158 monachum
1071 2109 1170 2173 quidem
1197 2125 1225 2159 se
1248 2125 1306 2160 aare
1326 2110 1441 2175 protare
1460 2112 1522 2160 rdet.

693 2193 800 2242 Achillis
816 2209 900 2257 prava
917 2195 1073 2243 conscientia
1091 2191 1127 2256 (n.
1140 2193 1176 2258 4).

386 2330 415 2392 1.
453 2327 515 2391 Per
536 2326 709 2412 Eulogium
736 2326 840 2390 virum
869 2325 1067 2390 carissimum
1076 2327 1101 2411 ¹)
1132 2325 1260 2391 litteras
1288 2327 1493 2393 beatitudinis
1510 2347 1547 2391 re

299 2433 385 2493 strae
412 2430 626 2513 suscepimus,
663 2429 698 2492 in
725 2427 840 2513 quibus
868 2427 1077 2511 significastis
1105 2427 1322 2493 intentionem
1344 2430 1547 2495 monachornm

300 2531 524 2616 Scytharum*
543 2535 576 2594 et
601 2529 757 2615 quomodo
783 2528 886 2593 visum
913 2529 1012 2593 fuerit
1039 2530 1231 2613 apostolatui
1260 2535 1385 2616 vestro,
1423 2532 1548 2618 episcopo

299 2633 657 2716 Constantinopolitano
681 2653 809 2696 causam
825 2631 984 2715 delegare,
1007 2634 1043 2695 ut
1063 2632 1132 2716 ipse
1154 2632 1240 2697 inter
1262 2655 1317 2698 eos
1340 2638 1375 2699 et
1387 2636 1442 2720 qui
1462 2635 1500 2698 ab
1515 2633 1548 2696 eis

297 2735 497 2819 impetuntur
519 2734 690 2820 audirer2).
735 2733 816 2798 Mihi
838 2734 966 2818 quidem
987 2755 1053 2798 non
1075 2734 1296 2818 displicuerat,
1322 2737 1399 2821 qnia
1419 2737 1473 2801 ubi
1493 2757 1548 2800 con·

298 2837 434 2901 scientia
457 2858 528 2900 cum
550 2836 611 2900 Dei
633 2836 791 2920 adjutorio
818 2835 908 2900 nulla
929 2837 1099 2900 formidine
1120 2840 1276 2920 terretur,
1311 2860 1333 2902 a
1360 2838 1449 2903 nullo
1475 2838 1549 2903 debet

298 2938 475 3022 declinare,
510 2939 607 3002 immo
635 2937 739 3023 magis
765 2938 936 3022 festinare,
971 2942 1008 3003 ut
1035 2960 1093 3023 per
1119 2961 1254 3003 oramen
1281 2940 1369 3025 quod
1390 2962 1496 3005 rernm
1512 2942 1550 3002 est

298 3042 444 3106 omnibus
466 2990 701 3105 inanifcstetur.

381 3146 412 3207 2.
447 3142 643 3228 Significast
635 3165 661 3207 rs
619 3141 762 3207 tmihi
785 3143 825 3206 ab
847 3141 911 3206 illis
930 3143 1197 3208 contestationem
1212 3143 1335 3227 datam,
1358 3148 1475 3210 utnon
1487 3141 1552 3208 nihi

297 3246 483 3311 haeretici
470 3248 694 3331 pungerentur.
740 3243 825 3320 Quos
846 3246 957 3309 dicunt
978 3245 1154 3310 haereticos
1176 3266 1237 3330 ego
1258 3246 1388 3331 ignoro,
1414 3248 1477 3311 nisi
1468 3245 1551 3309 illos

296 3350 396 3433 forte,
421 3348 475 3433 qui
497 3347 652 3432 synodrnn
675 3345 969 3411 Calchedonensem
991 3348 1185 3431 suscipiunt,
1208 3370 1289 3432 quos
1312 3370 1374 3434 ego
1396 3347 1551 3414 catholicas

297 3452 378 3515 dico.
422 3450 535 3514 Victor
557 3450 709 3513 diaconus
739 3448 901 3535 dicitur3).
946 3446 1082 3525 Quidam
1105 3472 1176 3514 cum
1196 3449 1277 3533 isto,
1313 3455 1486 3536 antequam
1504 3469 1551 3514 nos

298 3552 610 3636 [bnstantinopolim
638 3550 893 3636 ingrederemur,
927 3551 1111 3615 habuerunt
1132 3551 1348 3617 intentionem
1377 3554 1418 3617 de
1444 3575 1500 3618 uno
1521 3555 1551 3615 a

299 3657 449 3718 Trinitate
468 3660 616 3730 crucifim
638 3656 671 3716 et
691 3654 730 3717 de
743 3658 860 3718 Christo
874 3661 1045 3734 composito,
1070 3657 1103 3717 et
1124 3654 1163 3718 de
1185 3653 1258 3718 aliis
1275 3655 1460 3743 capitulis)
1474 3652 1550 3719 nobis

295 3879 328 3926 98
363 3876 383 3941 ¹)
402 3874 445 3927 lta
463 3873 506 3928 G'.
543 3875 580 3927 at
598 3873 641 3928 ed.
659 3879 737 3927 virum
754 3879 887 3932 sublimem
1401 3885 1404 3888 ’

362 3958 451 4025 ²)Ed
471 3965 581 4016 audiret.
620 3958 750 4012 Subnexa
766 3958 893 4013 Dioscori
915 3960 1003 4014 verba
1019 3960 1164 4015 manifeste
1186 3960 1334 4030 postidant
1352 3968 1466 4020 adver
1497 3959 1548 4014 ltu

295 4040 328 4093 (Ἠ
343 4045 370 4095 a¹
389 4054 532 4097 terreretur
548 4061 600 4113 pro
619 4055 739 4097 terretur.

361 4129 381 4192 ³)
400 4127 435 4181 Η.
455 4145 478 4182 e.
498 4127 702 4183 haereticorum
719 4128 829 4183 illorum
848 4131 959 4185 nomino
976 4130 1118 4185 Victorem
1136 4131 1286 4185 diaconmn
1301 4132 1472 4203 intelligunt

360 4214 380 4279 ⁴)
400 4212 435 4266 G¹
448 4215 475 4266 a¹
494 4220 611 4281 capitulis
629 4219 700 4269 nobis
717 4220 774 4268 binc
790 4221 890 4284 positis.
927 4214 1057 4285 Capitula
1073 4216 1122 4270 illa
1139 4215 1213 4286 apud
1225 4216 1403 4272 Maxentium
1420 4213 1547 4272 duodeci!
1592 4182 1594 4187 Ι

293 4296 532 4351 anathematismis
551 4294 738 4367 continentur,
762 4300 791 4352 in
815 4316 933 4366 quorum
955 4317 1029 4355 nono
1046 4301 1140 4370 legere
1158 4302 1214 4356 est:
1236 4304 1268 4355 Si
1290 4309 1348 4372 qaas
1365 4323 1416 4358 non
1431 4309 1548 4370 confluat

292 4388 452 4451 compositum
465 4387 590 4437 Clariatunr
607 4398 666 4452 post
684 4391 891 4451 incarnationem,
912 4392 1103 4440 anathemasti.
1138 4384 1211 4450 Quid
1229 4402 1296 4441 vero
1314 4395 1477 4458 compositu
1488 4388 1546 4441 ffi-

291 4478 355 4520 stnm
378 4467 514 4534 dicerent,
537 4469 611 4523 idem
628 4469 784 4525 Maxentius
806 4485 929 4540 respons.
949 4471 985 4525 ad
1007 4471 1086 4541 epist
1106 4470 1259 4538 Hormisd,
1283 4472 1334 4527 ubi
1356 4475 1388 4529 at
1403 4473 1547 4529 mamam

291 4553 475 4608 Nestorianae
493 4554 640 4608 haerescos
658 4555 795 4624 postulat,
819 4555 893 4610 circa
910 4556 1033 4610 medium
1051 4555 1172 4626 explicat
1189 4555 1232 4610 his
1250 4557 1360 4613 verbis:
1383 4563 1418 4614 Is
1438 4563 1476 4613 b
1490 4569 1547 4611 tm

290 4642 343 4691 iiras
360 4645 417 4692 ideo
436 4645 610 4704 devolvuntur,
630 4646 689 4709 quia
707 4662 758 4696 non
770 4648 854 4708 juata
871 4648 1033 4710 compositum
1051 4647 1132 4695 Deum
1149 4646 1260 4696 Verbum
1279 4654 1306 4698 et
1322 4648 1358 4698 ab
1376 4665 1407 4700 eo
1423 4653 1547 4712 rumpi·

289 4733 406 4777 naturam
423 4730 553 4779 lismonam
574 4748 647 4780 rinion
670 4733 810 4795 intelligunt
830 4731 968 4785 Christum:
990 4733 1038 4781 sed
1054 4733 1138 4795 juata
1155 4732 1264 4782 alterius
1284 4735 1311 4784 in
1329 4739 1415 4786 altero
1431 4732 1547 4785 tabit&

290 4830 355 4871 nem,
380 4817 444 4864 sicut
461 4818 579 4880 superius
597 4818 735 4875 (lacinanus,
758 4818 810 4865 siue
827 4819 962 4866 secundum
985 4819 1090 4865 datarum
1108 4832 1277 4881 personarum
1293 4822 1416 4872 sociate!
1432 4821 1548 4870 vatim

286 4915 336 4963 per
357 4903 478 4964 gratiane.
508 4919 581 4950 :cirron
603 4919 738 4965 personant
762 4903 886 4952 Clou'stnnr
909 4903 1058 4966 intelligunt.
1104 4897 1159 4951 Scd
1182 4898 1250 4952 dnm
1274 4899 1418 4957 Christum
1439 4898 1547 4955 andnam
