3204 5506
591 383 785 433 srrsromn
808 373 836 429 3.
859 372 888 430 4.
1308 369 1371 434 241

72 532 186 615 fanis,
218 536 301 618 quia
323 557 386 599 nec
413 536 453 599 ab
479 536 550 600 eliis
578 537 652 601 tulis
679 537 748 600 fieri
777 540 919 619 poterat,
949 535 1188 600 Alexandrinae
1218 538 1477 603 ecclesiaea.483.
1540 518 1543 523 ’

76 635 294 720 episcopum,
320 641 475 720 quantum
496 638 556 702 sihi
579 639 827 719 existimaverat,
852 637 1045 719 ordinatum,
1070 639 1372 721 acceptissimaDeo

78 738 329 821 praeceptione
362 739 534 822 dejecerat,
569 745 602 803 et
634 740 766 824 tyranni
794 741 962 823 litteram),
997 762 1075 823 quas
1109 741 1143 803 in
1176 742 1372 805 eversionem

81 839 284 903 centrosas
309 841 537 926 sacrosancte)
561 840 831 906 Calchedonensis
855 840 983 906 concihi
1006 841 1202 905 definitionis
1218 864 1307 906 mens
1324 843 1371 907 in-

82 961 172 1004 sana
211 941 412 1026 dictaverat,
453 964 511 1026 pro
544 943 637 1028 regui
669 943 717 1007 tui
757 943 1033 1007 commendatione
1061 945 1236 1008 evacuavit.
1282 944 1373 1009 Haec

83 1039 212 1106 deinde
234 1042 370 1108 illicitas
398 1044 617 1109 ordinationes
644 1045 713 1128 ejus
739 1046 823 1127 vav)
852 1045 1028 1126 Timothei,
1058 1049 1169 1128 utpote
1197 1045 1371 1110 haeretico·

9 1202 15 1231 .-
85 1164 184 1226 rum,
220 1145 332 1210 irritas
360 1145 453 1229 fecit,
488 1149 583 1231 atque
612 1166 685 1229 eos,
722 1150 878 1230 quantum
913 1150 1003 1210 entra
1030 1146 1209 1211 Ecclesiam
1240 1147 1371 1228 luerint,

9 1262 12 1287 ¹
83 1244 266 1327 judicarit.
313 1245 375 1313 Sed
402 1270 489 1313 nunc
517 1270 606 1330 eum,
636 1249 768 1313 mutatis
802 1248 945 1312 omnium
973 1249 1101 1332 gaudiis
1128 1248 1163 1311 in
1186 1271 1372 1331 moerorem,

88 1345 254 1412 ecclesiae
276 1346 515 1415 Alexandrinae
544 1350 751 1435 cognovimus
780 1350 971 1433 praesidere.
1016 1349 1106 1424 Quod
1129 1349 1156 1412 si
1179 1372 1289 1414 verum
1312 1354 1371 1432 est,

89 1453 127 1512 nt
150 1448 434 1515 Christianissimo
454 1451 595 1535 principi
618 1474 724 1517 coram
745 1452 814 1516 Deo
836 1452 1027 1515 fiducialiter
1048 1454 1096 1515 est
1111 1451 1304 1534 faciendum,
1328 1452 1373 1516 di·

89 1550 170 1614 vino
190 1550 317 1634 jndicio
339 1552 541 1638 suggerimus
563 1575 630 1617 non
652 1553 765 1618 leviter
788 1576 856 1618 esse
879 1553 1089 1637 pensandum,
1118 1553 1182 1617 nisi
1205 1554 1338 1617 celerius
1346 1554 1372 1637 8)

91 1652 259 1731 remediis,
283 1654 367 1737 quod
388 1655 423 1718 in
446 1655 672 1719 contumeliam
695 1655 754 1719 Dei
777 1655 899 1720 factum
921 1655 1047 1735 dieitur,
1076 1655 1175 1718 fuerit
1197 1656 1371 1738 expiatum.

91 1752 137 1817 Bt
160 1755 252 1837 quia,
275 1755 360 1819 sicut
381 1755 535 1840 scriptum
557 1760 615 1838 est,
639 1764 729 1821 anius
752 1763 878 1822 membm‘
897 1758 1043 1839 tactum⁹l
1070 1768 1162 1821 totam
1185 1778 1298 1836 corpas
1318 1778 1373 1837 pa·
1387 1727 1472 1859 ἓξὲξ

90 1862 167 1920 titur
187 1863 361 1936 passiones,
385 1857 420 1921 in
442 1879 579 1948 persona
602 1858 670 1940 ejus
692 1859 791 1923 totius
807 1859 949 1923 Orientis
965 1858 1192 1922 concutiuntur
1207 1858 1371 1922 ecclesiae.

182 1957 216 2023 2.
264 1956 356 2033 Quod
383 1961 516 2024 fratrem
540 1965 573 2024 et
595 1962 817 2044 coepiscopum
839 1983 944 2024 meum
967 1960 1169 2045 Aeaeium¹⁰)
1192 1960 1374 2025 Constanti·

90 2058 325 2144 napolitanum
353 2060 486 2144 respicit
512 2063 719 2145 sacerdotem,
750 2064 900 2127 adversus
928 2085 1022 2147 quern
1050 2063 1085 2125 in
1113 2066 1272 2125 conventu
1294 2061 1374 2126 mihi

89 2161 131 2225 ab
155 2183 209 2242 eo,
236 2161 329 2245 cujus
352 2162 458 2227 sedem
473 2164 638 2245 praefatus
653 2164 756 2228 fertur
771 2169 890 2246 tenere,
914 2164 1042 2227 libellus
1057 2163 1182 2226 oblatus
1198 2167 1259 2245 est,
1280 2186 1375 2247 quem

89 2262 376 2348 deplorationibus
404 2286 493 2329 meac
521 2264 712 2331 humilitatis
741 2267 896 2330 annexui:
925 2269 962 2328 ut
988 2265 1072 2328 idem
1095 2265 1195 2328 frater
1218 2269 1250 2328 et
1273 2265 1375 2348 coepi-

88 2387 209 2449 scopus
234 2387 329 2429 meus
344 2365 500 2449 Aeacius,
525 2365 608 2431 sicut
630 2367 856 2432 ecclesiasticis
878 2389 1008 2431 necesse
1031 2370 1080 2430 est
1107 2370 1140 2429 et
1161 2367 1275 2430 vestris
1296 2366 1376 2451 legi-

88 2467 149 2532 bus
172 2466 250 2531 lieri
273 2465 378 2549 dccet,
403 2468 496 2552 ad¹¹)
519 2467 611 2552 haec,
635 2490 716 2553 quac
734 2469 772 2533 de
795 2491 828 2532 se
851 2469 995 2553 pervidet
1019 2469 1171 2548 intimari,
1196 2468 1280 2551 apud
1303 2470 1375 2533 bea·

86 2571 158 2633 tum
173 2568 318 2634 Petrum
341 2570 519 2652 apostolum
540 2570 661 2634 diluere
683 2571 883 2635 obedientiae
895 2570 932 2656 ¹²)
948 2570 1118 2634 sedulitate
1132 2574 1291 2653 procuret,
1316 2593 1376 2635 nec

84 2670 152 2735 ullo
180 2670 287 2735 modo
318 2669 480 2735 existimet
507 2671 727 2737 differendum.
773 2672 833 2746 Qui
861 2672 982 2756 sibi¹³),
1012 2658 1277 2756 quemadmodum
1302 2694 1374 2736 con-

83 2773 234 2854 fidimus,
260 2771 348 2835 bene
371 2773 515 2836 conscius
537 2773 748 2858 apostohcum
763 2773 878 2838 dehere
896 2774 1052 2856 judicium
1067 2796 1126 2857 pro
1141 2773 1311 2838 sacerdotii
1327 2775 1376 2838 sui

80 2875 321 2940 moderatione
347 2895 413 2937 non
434 2875 586 2960 ambigit:
610 2881 645 2939 ut
665 2875 916 2939 sacerdotalibus
938 2876 1061 2938 actibus
1084 2878 1116 2937 et
1136 2875 1375 2957 praedicatione

79 2978 157 3042 lidei
184 2974 435 3060 comprobatus,
459 2977 597 3060 primum
621 2976 740 3042 Christi
762 2976 892 3040 Domini
922 2977 1022 3040 nostri
1047 2980 1142 3060 atque
1164 2977 1305 3040 omniurn
1328 2999 1375 3039 sa-

76 3079 263 3144 cerdotum
288 3098 327 3141 ac
350 3077 463 3142 deinde
485 3079 616 3162 pietatis
639 3083 763 3143 vestrae
786 3079 892 3163 gratia
913 3079 1082 3163 gloriosius
1104 3079 1297 3162 perfruatur.

147 3354 171 3420 ⁵)
194 3348 373 3404 Indicantur
390 3348 435 3403 hic
452 3347 578 3405 Basilisci
594 3351 707 3405 litterae
725 3349 880 3419 encyclicae
899 3349 1010 3420 (Evagr.
1024 3349 1050 3404 h.
1066 3369 1088 3405 e.
1109 3349 1154 3414 lll,
1167 3352 1207 3416 4),
1236 3368 1305 3419 quas
1328 3349 1375 3417 illi,

66 3444 100 3493 ut
122 3437 165 3492 ad
188 3451 303 3489 omnes
321 3433 466 3504 episcopos
484 3434 617 3502 mitteret,
636 3436 798 3490 Timotheus
810 3435 927 3488 Aelurus
940 3435 1208 3505 Constantinopolim
1225 3436 1375 3490 adveniens

62 3521 291 3596 persuaserat.
329 3518 404 3572 Zeno
421 3518 497 3588 ipsas
515 3520 665 3589 abrogavit
682 3521 699 3574 l.
715 3526 746 3574 16
765 3519 831 3574 Cod.
851 3520 920 3573 Just.
942 3521 960 3585 l,
973 3528 997 3573 2.

144 3611 171 3675 ε)
195 3606 250 3660 lta
268 3603 305 3657 E'
319 3602 455 3657 ΕῬἪΙ
492 3604 569 3659 Editi
586 3617 612 3660 et
628 3611 789 3660 samonensis*
807 3645 813 3657 .
828 3646 834 3659 .
848 3649 854 3661 .
870 3611 1029 3670 definitiones
1048 3651 1053 3662 .
1069 3653 1075 3665 ,
1091 3650 1097 3663 ,
1115 3613 1190 3674 repat
1205 3611 1246 3658 sai
1264 3651 1270 3662 ,
1285 3647 1311 3660 ..
1331 3609 1375 3659 Ita

61 3699 176 3751 deiude
201 3688 253 3756 (ΕΙ
280 3691 350 3753 Hac,
368 3687 403 3740 1¹2²
422 3691 496 3756 Hec).
1164 3711 1165 3719 ¹

138 3782 171 3847 Τ)
193 3774 236 3829 ΕΙ
250 3772 292 3826 E¹
309 3780 356 3834 oet,
373 3771 455 3827 ΡΗ*
472 3781 545 3836 uelut,
563 3774 623 3829 bec
640 3781 680 3829 vel
697 3782 779 3838 etiam,
798 3792 917 3843 moxque
935 3776 969 3828 E*
985 3779 1073 3842 fuerit,
1093 3774 1171 3829 F’ffl
1188 3781 1285 3842 suerat,
1307 3776 1376 3829 editi
1434 3809 1437 3816 =

59 3882 138 3921 eum
160 3861 206 3916 n·
226 3863 345 3927 suerrus.

143 3952 172 4017 ⁸)
196 3945 251 3999 Ito
270 3940 307 3995 ΕΙ
319 3940 363 3995 Et.
398 3942 437 3996 Η8
454 3950 554 4005 ceteris.
572 3944 606 3997 Ρ*
623 3966 640 3998 a
658 3951 744 4006 certis,
764 3946 836 3998 unde
856 3946 917 4000 hcc
934 3950 1019 3999 certis.

141 4036 172 4102 θ)
196 4029 237 4084 Ε·
252 4025 340 4082 mu
355 4038 447 4082 tactam
465 4027 507 4095 (E¹
520 4040 612 4090 tactus,
631 4029 780 4098 F²tantnrn)
799 4042 883 4086 totum.
907 4029 981 4083 Editi
995 4029 1232 4084 omittunttactarn
1245 4033 1273 4083 et
1289 4037 1373 4084 totius.

145 4122 189 4185 ¹⁰)
212 4111 301 4168 Editi
319 4128 382 4165 cum
399 4111 433 4164 ἲ*
449 4112 486 4166 Η*
504 4113 594 4168 omitt.
616 4119 744 4168 Aeaeimn.

146 4205 188 4271 ¹¹)
210 4195 358 4269 Abundat
374 4212 486 4266 prorsus
505 4205 546 4260 ad,
565 4199 614 4252 sed
633 4199 759 4253 codicum
777 4217 897 4254 consona
914 4200 1082 4254 auctoritate
1101 4200 1245 4269 probatur.

145 4291 189 4355 ¹²)
211 4285 265 4338 lta
283 4281 317 4334 ΕΙ
331 4280 378 4346 E²3
395 4280 433 4335 Η8
450 4286 609 4337 obedientiae
628 4283 727 4339 omisso
745 4291 889 4346 redictum,
909 4286 980 4338 unde
999 4285 1058 4338 bec
1077 4289 1233 4339 obedienter.
1332 4294 1336 4301 '

148 4376 188 4442 ι1)
216 4366 270 4424 lta
293 4365 327 4419 ΕΙ
346 4364 381 4418 B‘
397 4365 431 4419 Ρ*
447 4365 497 4434 110,
523 4368 574 4422 nisi
597 4369 671 4437 quod
699 4369 802 4438 partim
826 4372 937 4424 confuse
959 4376 1075 4423 conscius
1096 4377 1260 4437 apostolieum
1283 4375 1376 4424 debere

62 4464 115 4532 ff!
129 4459 178 4515 H*
202 4454 331 4518 deberet)
347 4456 473 4516 judiciam
493 4472 544 4520 pro
561 4459 702 4507 sacerdotii
717 4459 757 4507 aui
775 4453 912 4520 (rel-¹²11q
929 4459 1105 4507 sacerdotibus
1122 4459 1184 4521 sais)
1203 4460 1376 4509 moderatione

64 4549 118 4609 ff!
132 4545 185 4600 H*
202 4539 404 4604 moderationi)
423 4557 472 4590 non
490 4541 599 4606 anadiplt.
629 4537 704 4591 Editi
721 4538 813 4592 nescio
833 4556 888 4605 qua
905 4538 1073 4592 summitate
1086 4545 1110 4591 si
1120 4544 1323 4607 praemadnrodurn

64 4610 208 4689 conscius
227 4635 273 4680 eet
290 4626 460 4692 apostolicam
478 4643 528 4678 non
545 4627 620 4677 dedet
632 4628 757 4689 judicium
775 4644 828 4676 cum
840 4627 1065 4678 consacerdotibus
1076 4629 1129 4676 sicia
1142 4634 1167 4675 et
1179 4628 1376 4678 moderationem

66 4724 207 4786 abjicere
228 4721 259 4764 at
280 4750 318 4768 ...
339 4717 365 4761 et
384 4710 589 4776 comprobatione
604 4713 677 4774 fideli
693 4712 871 4775 comprobatus
942 4713 1076 4774 plantaras.

113 5038 287 5082 aeternare
308 5029 419 5071 nostr.
435 5028 547 5068 enarra.
563 5016 587 5074 ’1,
