3204 5506
197 293 261 356 580
671 304 697 349 s.
715 301 856 349 enrrasn
878 301 992 346 earne

198 462 258 524 mis
281 461 320 522 ad
344 461 407 521 ima
430 457 512 519 male
536 456 672 519 confisus
687 457 755 538 ipse
774 454 946 518 deciderat.
977 451 1064 515 Hinc
1085 452 1144 515 illa
1166 450 1303 515 felicitas
1323 448 1446 535 paradisi

198 562 309 644 primis
331 558 514 623 hominibus
538 561 684 621 constare
708 580 772 620 non
796 559 917 639 potuit3
946 554 1022 618 hinc
1051 554 1107 617 illa
1129 554 1254 638 primae
1277 550 1447 617 conditionis

197 664 385 747 integritas,
420 660 495 723 dum
517 659 563 722 ita
586 661 624 723 ile
648 682 681 722 se
703 659 788 740 fidit,
819 662 984 740 tamquam
1008 657 1077 741 ipso
1106 656 1161 739 qni
1191 655 1362 720 condiderat
1379 670 1447 719 nou

198 768 317 848 egeret,
342 784 400 826 nec
417 763 455 825 ee
471 762 631 846 perceptis
654 763 724 846 agit
746 761 879 845 gratias,
903 758 986 843 qued
1008 780 1167 841 nusquam
1189 757 1300 822 fecisse
1313 774 1452 821 memoro-

196 870 264 943 tnr,
294 889 353 928 nee
377 865 415 926 cle
439 863 664 927 conservandis
688 884 768 946 quae
797 865 978 945 sumpserat
1004 860 1108 944 poscit
1136 860 1305 942 auxilium,
1334 882 1380 924 nec
1410 852 1454 917 ad

198 991 268 1030 eum
292 968 388 1030 retiam
417 967 543 1048 pulsata
571 966 740 1028 tentatoris
770 987 898 1028 accessu
927 963 1041 1026 devota
1070 963 1234 1026 concurrit
1260 965 1291 1026 et
1316 957 1456 1036 conarlit,

197 1092 334 1152 suaeque
357 1091 390 1130 se
414 1068 514 1129 eredit
537 1067 667 1142 inter-'U
696 1088 849 1149 prospera
877 1065 1051 1146 voluntati3
1084 1065 1182 1128 facile
1214 1065 1284 1128 siue
1309 1059 1460 1148 praaidio

198 1170 357 1234 (leccatoris
387 1170 491 1252 patuit
520 1169 697 1251 deceptoris
726 1168 866 1249 insidiis,
903 1170 936 1230 et
963 1167 997 1229 in
1024 1166 1331 1250 praevaricationem
1355 1166 1462 1228 tracta

199 1275 431 1355 consequenter
453 1270 559 1333 illiciti
567 1270 617 1352 ²⁸),
651 1269 867 1333 conditionem
890 1269 1051 1352 praefixae
1073 1269 1187 1332 mortis
1209 1268 1342 1350 invenit,
1364 1267 1461 1330 meri·

196 1378 291 1457 toque
314 1376 363 1435 est
386 1372 580 1455 competenti
595 1372 740 1454 subjecta
756 1371 932 1434 vindictae:
956 1370 1107 1455 quoniam
1124 1393 1183 1434 nec
1200 1370 1239 1434 de
1254 1370 1341 1433 bonis
1352 1369 1459 1433 fuerat

197 1476 311 1538 deuota
340 1475 533 1556 retinendis,
569 1497 627 1536 nee.
656 1473 776 1536 malurn
808 1476 1017 1556 praecaverat
1046 1476 1121 1536 ante
1149 1472 1355 1556 praedictum,
1378 1470 1458 1536 dirui

195 1599 252 1659 per
274 1576 404 1658 majoris
432 1576 585 1637 ambitum
614 1576 799 1657 potestatis,
838 1575 941 1639 Deum
970 1596 1004 1638 se
1033 1575 1156 1638 scilicet
1183 1575 1254 1639 fere
1280 1574 1456 1657 *praesu-

197 1679 356 1760 mentis,
386 1679 493 1741 foveas
517 1676 642 1739 hostilis
665 1677 880 1759 persuasionis
903 1677 1049 1741 incurrit.
1095 1676 1140 1740 Et
1161 1698 1260 1761 quae,
1288 1677 1314 1739 si
1334 1697 1380 1739 suu
1408 1698 1452 1740 or·

197 1781 271 1843 cline
293 1780 463 1842 mansisset
485 1780 579 1861 grata
601 1778 732 1860 factori,
762 1782 952 1862 perpetuum
980 1800 1122 1842 summae
1146 1777 1360 1842 commercium
1378 1774 1448 1842 Dei·

197 1884 274 1944 tatis
297 1881 451 1964 potuisset
476 1879 725 1963 apprehendere,
750 1885 969 1964 competenter
992 1881 1061 1943 sine
1084 1880 1193 1943 debito
1215 1901 1348 1944 summae
1366 1877 1443 1943 [liii-

196 1984 309 2046 nitatis
337 1983 443 2045 officio
472 1982 600 2065 eopiosa
627 1983 838 2064 promissione
860 1983 1075 2066 frustratae),
1100 1981 1141 2044 ad
1164 1981 1364 2046 Divinitatem
1385 2003 1436 2044 nen

181 2081 301 2168 ‘petent
323 2085 500 2167 pervenire.
540 2083 592 2148 Sic.
616 2106 692 2167 ergo
715 2085 784 2148 sine
806 2084 890 2147 illius
912 2083 1101 2169 principalis
1117 2106 1155 2147 ac
1170 2106 1311 2147 summae
1327 2082 1433 2145 rationis

197 2188 328 2269 affectu,
367 2207 447 2269 qnae
474 2187 509 2249 in
540 2187 632 2249 bunis
661 2208 787 2270 semper
815 2187 992 2250 retinendis
1026 2185 1259 2271 contrariisque
1286 2181 1429 2249 refutandis

196 2289 387 2352 intemerata
411 2289 568 2371 persistit,
594 2289 647 2371 (aa
672 2290 761 2371 cnjus
783 2291 892 2372 utique
915 2287 1158 2351 similitudinem
1177 2283 1426 2369 rationalique

198 2393 248 2453 rat
275 2389 394 2452 annnal
422 2390 622 2471 institutum,
655 2394 691 2453 ut
719 2413 756 2454 ea
783 2413 842 2474 pro
871 2413 927 2453 suo
956 2389 1084 2453 modulo
1113 2391 1264 2475 congruis
1285 2384 1424 2453 actionibus

196 2493 367 2571 imitando,
401 2491 562 2575 ipsiusque
585 2492 740 2555 servande
768 2493 981 2556 reverentiam
1010 2491 1292 2577 subsequendoque
1311 2487 1422 2576 gratim

196 2596 231 2655 ut
247 2615 318 2655 rere
341 2591 516 2656 similitudo
532 2594 601 2675 ejus
617 2596 649 2656 et
664 2594 771 2678 imago
788 2597 991 2677 permaneret
1006 2593 1153 2657 obtinere
1173 2594 1331 2678 potuisset,
1350 2587 1422 2653 fieret·

196 2718 257 2777 que
280 2695 407 2757 divinae
430 2694 564 2757 rationis
586 2697 749 2780 tamquam
773 2718 848 2759 suae
871 2697 1015 2779 parentis
1043 2699 1076 2759 et
1104 2697 1244 2759 auctoris
1271 2696 1356 2781 digna
1372 2708 1421 2752 eon·

196 2798 304 2878 sertio,
329 2800 360 2859 et
384 2817 441 2879 per
463 2794 542 2859 hace
564 2796 773 2861 nihilominus
796 2801 907 2881 utpote
930 2799 1091 2882 particeps
1115 2798 1314 2861 aetemitatis
1327 2796 1421 2859 numa

43 2907 81 2959 *s
95 2912 120 2959 in
134 2928 183 2976 qna
197 2900 387 2979 constaretl:
411 2898 486 2960 dum
509 2920 565 2960 sua
588 2898 709 2982 *quae
732 2902 839 2962 creata
861 2900 967 2963 fuerat
989 2899 1149 2984 dignitate
1173 2892 1421 2981 conscissaque

196 3023 229 3063 se
252 3003 345 3082 putat
366 3000 399 3062 in
424 3021 460 3061 eo
483 2999 566 3083 (11qu
588 3004 658 3063 erat
679 3001 767 3064 saeta
790 3002 965 3084 subjacere,
989 3024 1049 3065 nee
1072 3001 1200 3065 subdita
1221 3002 1372 3066 veneratur
1386 2989 1420 3051 tr

196 3102 323 3164 votione
345 3102 517 3182 facterenr3
548 3105 580 3163 et
603 3102 643 3165 ab
666 3102 750 3165 illius
774 3104 1022 3186 participatione
1044 3103 1207 3186 discessit,
1239 3107 1271 3167 et
1295 3104 1326 3166 in
1348 3097 1421 3178 sript⁸

195 3205 264 3266 sine
287 3202 352 3279 illo,
376 3204 409 3266 in
433 3226 494 3287 quo
517 3203 657 3266 habebat
680 3205 852 3268 subsistere
875 3227 977 3288 posse,
1002 3227 1067 3269 non
1091 3206 1248 3269 constitit.
1287 3206 1375 3288 Atque
1389 3192 1421 3255 tlt

195 3305 338 3368 ordinem
363 3305 525 3389 legitimae
548 3306 811 3369 rationabilitatis
834 3308 1006 3388 ascalias,
1037 3307 1072 3370 in
1095 3302 1369 3371 irrationabilitatis
1384 3292 1421 3358 el*

195 3410 324 3489 ruptum
347 3429 403 3490 per
426 3407 736 3471 verisimilitudinem
758 3409 1024 3491 ratiocinationis,
1048 3431 1111 3492 qua
1126 3409 1231 3472 Deum
1252 3432 1285 3473 se
1304 3405 1360 3472 fieri
1376 3414 1421 3462 ert

195 3508 306 3589 (lebat,
332 3508 469 3572 abducta
493 3514 556 3591 est3
590 3513 622 3572 et
644 3509 728 3572 illius
751 3510 947 3594 privatione,
977 3532 1058 3594 quae
1081 3511 1278 3595 sempiterna
1304 3509 1358 3573 via
1378 3496 1420 3573 ffb

194 3610 228 3672 in
256 3611 350 3673 istam
378 3611 506 3691 recidit,
540 3633 621 3694 quae
649 3611 718 3674 sine
746 3612 836 3675 fonte
864 3613 949 3675 vitae
977 3612 1077 3675 vitam
1110 3616 1297 3697 perpetuam
1320 3605 1421 3674 aunan

194 3733 259 3774 non
282 3716 399 3794 posset.
1115 3710 1121 3723 '

278 3814 308 3875 9.
343 3814 494 3887 utramvis
517 3837 593 3898 ergo
616 3837 673 3897 pro
695 3815 745 3878 his
768 3816 1077 3900 transgressionibus
1100 3817 1202 3902 digna
1215 3808 1419 3882 fueritultione

189 3914 295 3995 justus
311 3918 419 3979 tamen
438 3917 558 3980 arbiter
574 3917 657 3979 lleus
680 3919 726 3980 sie
748 3918 843 3980 istam
867 3922 1047 3981 creaturam
1062 3919 1246 4002 propositae
1260 3917 1333 4003 legis
1344 3921 1420 3989 ΜΨ·

193 4020 260 4079 tate
285 4017 447 4100 corripuit,
473 4018 552 4101 et³¹)
576 4040 656 4102 quae
680 4020 823 4082 divinum
845 4020 933 4103 sequi
958 4019 1121 4083 tramitem
1143 4021 1230 4085 inter
1244 4018 1339 4085 felicia
1355 4005 1419 4075 iffi·

56 1547 92 1599 *i
106 1567 182 1614 prue-

69 1635 166 1667 sternens

260 4256 291 4322 Η)
311 4257 344 4308 (e
364 4261 431 4308 inter·
447 4275 598 4322 prosperam
616 4263 761 4309 velantalis.
1399 4318 1404 4329 ι

258 4341 290 4406 ¹⁵)
309 4340 368 4392 lIoe
387 4341 441 4393 est:
461 4339 489 4391 in
507 4339 535 4391 id
553 4342 657 4401 tracta,
683 4343 712 4393 ut
730 4340 803 4408 qnod
822 4341 948 4394 illicitum
967 4357 999 4394 ae
1016 4341 1135 4394 vetitum
1154 4344 1217 4397 crat
1234 4338 1382 4398 commitens
1398 4334 1416 4371 ¹¹¹

192 4423 460 4489 praevaricationem
480 4425 641 4477 incurreret.

259 4510 290 4576 ²⁹)
309 4508 383 4560 Editi
402 4517 521 4571 aaa-ma,
543 4509 590 4561 ubi
609 4509 642 4562 G¹
660 4515 801 4575 fram-nra.
822 4511 896 4577 quod
911 4511 972 4579 jam
990 4512 1018 4565 a³
1035 4529 1087 4580 pro
1106 4528 1172 4566 vero
1191 4507 1367 4583 conjectae·

259 4592 413 4659 ³¹¹)1taG¹.
442 4593 496 4646 Alii
514 4600 623 4649 ratione.
653 4593 760 4648 Deinde
779 4595 811 4647 (Η
831 4601 973 4662 subiicere.
992 4595 1040 4649 ubl
1059 4595 1127 4650 editi
1144 4602 1286 4671 subjacere.

258 4676 413 4741 81“)]ῒῑι(ἷ’.
445 4677 498 4730 Alii
517 4690 555 4738 ut,
575 4680 603 4730 et
620 4681 719 4747 postea
737 4686 838 4736 dimisit.
876 4685 917 4734 [ft.
944 4680 1021 4734 Haec
1038 4681 1133 4749 potius
1150 4682 1287 4751 particule
1301 4670 1414 4732 „seeum

191 4759 359 4826 pniemissae
381 4768 418 4814 εἰυ
441 4763 597 4830 respondet.
635 4764 666 4815 ln
689 4765 867 4830 sequentibus
891 4767 985 4818 cautem
1007 4764 1130 4831 haesito,
1154 4784 1222 4821 num
1244 4761 1335 4821 scilicet
1350 4746 1413 4806 illst

191 4854 314 4912 turriquam
330 4851 444 4898 solatiam
465 4876 496 4885 -
513 4859 632 4899 constare
654 4855 777 4915 proluisse!
797 4849 832 4903 ad
850 4849 1005 4916 subjectum
1026 4857 1140 4918 pincionis
1156 4863 1291 4907 creaturae
1305 4856 1363 4917 (W
1374 4830 1413 4897 s*
