3204 5506
257 354 318 420 130
590 430 593 435 ,
739 371 1041 420 saimaieinis

770 525 952 629 apostola
978 527 1010 609 2.
1103 496 1105 499 ’

120 646 202 695 o.4i›t
216 658 241 693 v.

153 715 203 762 450
406 678 528 744 Hilari
551 678 652 744 urbis
675 679 805 745 ltorum
828 678 1071 745 archidiaconi
1093 677 1136 744 ad
1159 678 1376 744 victorium.

295 819 395 870 Latinis
422 826 447 869 ee
466 818 573 868 Graecis
596 821 627 868 de
646 818 988 896 Posehciiskcornpniciione
1011 820 1079 868 inter
1101 833 1130 869 se
1152 819 1360 870 dissentientibus
1382 818 1445 868 Hils

297 907 434 955 Victorinus
452 905 520 967 odie,
539 911 565 953 ui
583 905 640 967 ejus
658 905 823 954 dissensionis
840 911 865 955 et
883 907 995 969 oripines
1012 906 1125 969 inquirat
1143 910 1168 953 et
1185 905 1222 954 ad
1238 919 1293 954 ean
1309 919 1445 955 removens

713 996 791 1054 aptos
808 991 922 1042 rationes
937 990 1070 1055 proferet.

408 1122 683 1188 Dilectissimo
706 1125 744 1217 et
771 1121 1000 1193 honorabili
1027 1126 1169 1188 sancto
1196 1122 1320 1187 fratri
1343 1120 1443 1187 Vici

502 1223 666 1289 Hilarus
695 1224 1007 1289 archidiaconus
1035 1224 1146 1289 urbis
1174 1223 1331 1294 Romae.

344 1365 371 1428 l.
396 1363 500 1439 Quum
522 1361 673 1446 pleraque
695 1361 734 1425 de
756 1362 881 1426 ratione
903 1360 1047 1445 paschali
1072 1365 1140 1426 tam
1163 1362 1202 1426 de
1225 1361 1349 1427 Graeco
1370 1364 1445 1433 han

258 1488 353 1551 quam
375 1487 394 1528 u
416 1464 540 1528 Latinis
564 1463 693 1528 condita
715 1485 930 1546 recenserem,
955 1464 1136 1548 discrepare
1157 1463 1243 1528 inter
1264 1486 1298 1528 se
1321 1469 1445 1529 utrorur

258 1567 436 1632 sententias
466 1570 560 1650 atque
587 1566 648 1630 sibi
682 1566 819 1630 invicem
847 1566 1001 1630 resultare
1033 1566 1196 1652 perspexi:
1230 1569 1268 1631 ut
1294 1570 1417 1631 neutra
1443 1645 1445 1650 Α

258 1671 333 1733 dum
355 1669 564 1753 impugnatur
586 1668 627 1731 ab
650 1668 766 1750 altero,
790 1672 919 1752 putetur
941 1669 1105 1733 evidenter
1120 1669 1284 1734 adstruere
1305 1668 1406 1753 hujus
1425 1691 1445 1732 ο

259 1771 387 1835 varitiae
410 1770 622 1854 disciplinam.
662 1769 730 1845 Quo
752 1770 805 1853 fit,
829 1773 865 1834 ut
887 1793 985 1855 quum
1006 1771 1169 1836 institutio
1191 1770 1308 1836 Latina
1330 1770 1382 1836 vel
1406 1770 1445 1837 Gr

259 1873 430 1938 eruditioni
464 1872 656 1937 domesticae
684 1874 787 1958 magis
814 1873 922 1938 favere
951 1873 1132 1957 contendit,
1170 1874 1342 1959 praecipuo
1370 1896 1445 1939 mur

259 1976 443 2062 peragendo
466 1977 551 2040 inter
573 1998 682 2040 eorum
704 1975 917 2040 dissensiones
940 1978 1066 2061 tempus
1089 1997 1184 2061 saepe
1206 1997 1272 2040 non
1295 1996 1444 2061 congrua

343 2078 373 2142 2.
398 2077 614 2163 Quapropter,
644 2077 849 2143 dilectissime
877 2077 992 2160 frater,
1026 2080 1154 2164 tanta‘2)
1182 2100 1288 2143 rerum
1316 2078 1445 2164 ambigi·

259 2184 422 2265 permotus
444 2185 518 2245 tuae
541 2180 721 2272 dilectionis
744 2180 849 2245 studio
871 2180 1007 2244 fidenter
1028 2181 1182 2266 injungo,
1206 2185 1242 2246 ut
1263 2180 1442 2266 parotium

259 2286 375 2368 genter
408 2283 567 2367 inquiras,
602 2282 652 2345 vel
685 2283 772 2347 unde
797 2282 981 2366 supradicta
1014 2281 1180 2348 diversitas
1213 2283 1350 2368 oriatur,
1386 2285 1439 2350 vel

259 2385 461 2469 potissimum
488 2385 613 2448 ratione
636 2384 753 2447 veritas
781 2384 968 2469 indagetur:
996 2388 1033 2448 ut
1060 2384 1210 2470 deinceps
1238 2385 1390 2451 dissonae
1412 2409 1445 2473 01

260 2487 310 2550 nis
333 2508 439 2552 errore
461 2485 587 2550 sublato
616 2486 701 2549 idem
724 2505 849 2571 semper
879 2490 989 2550 tenere
1010 2486 1112 2570 possit
1134 2487 1342 2572 universitas,
1374 2511 1445 2574 qua*

261 2589 369 2653 cuncti
392 2588 427 2653 in
450 2609 616 2652 commune
639 2587 747 2652 fideles
771 2611 789 2652 a
812 2589 915 2652 dubiis
938 2587 1085 2652 omnibus
1100 2590 1240 2675 expediti
1261 2589 1297 2653 in
1311 2592 1433 2656 summi

260 2690 378 2754 britute
406 2691 549 2774 mysterii
582 2691 738 2754 inoffenso
767 2691 943 2755 devotionis
972 2691 1102 2756 tramite
1130 2692 1323 2777 dirigantur.
1381 2695 1445 2760 Ora

261 2792 364 2875 nobis,
388 2792 592 2857 dilectissime
608 2793 717 2858 frater.

774 2980 955 3083 Epistola
981 2982 1015 3066 3.

155 3153 249 3204 asar.
387 3133 541 3200 Victorii
564 3134 607 3200 ad
630 3134 800 3199 Hilarum
822 3132 924 3198 urhis
946 3133 1078 3199 ltomm
1100 3133 1408 3203 archidiaconum.

465 3275 553 3324 Hilari
570 3277 602 3324 de
620 3277 806 3338 computatione
824 3274 877 3322 diei
892 3274 1021 3337 paschalis
1037 3275 1173 3338 postulatis
1188 3275 1329 3338 satisfacit.

413 3407 578 3471 Domino
618 3429 706 3471 vere
748 3410 888 3470 sancto
931 3428 974 3469 ac
1018 3407 1243 3471 venerabili
1287 3408 1329 3472 in
1368 3407 1445 3473 (lhr

506 3508 628 3572 fratri
657 3507 798 3572 Hilaro
833 3505 1118 3572 archidiacono
1147 3508 1367 3574 Victorius.

350 3645 376 3705 1.
400 3641 531 3707 lltinam
555 3644 733 3727 praeceptis
755 3645 834 3726 tuis,
859 3643 1081 3709 archidiacone
1104 3644 1296 3709 venerabilis
1311 3643 1445 3730 Hilaro,

263 3738 376 3808 effectu
399 3745 521 3809 valeam
550 3767 662 3830 parere
689 3768 783 3830 quam
806 3748 896 3810 voto!
941 3745 1001 3810 Est
1029 3747 1116 3810 enim
1138 3751 1171 3811 et
1198 3746 1362 3832 hocopus
1386 3747 1445 3813 ard

263 3851 295 3911 et
324 3869 413 3911 meac
442 3848 676 3933 intelligentiae
705 3848 842 3912 facultas
871 3848 996 3932 exigua.
1048 3847 1119 3933 Ego
1147 3852 1270 3932 autem,
1301 3850 1387 3934 quod
1413 3850 1445 3914 ai

263 3949 395 4030 attinet,
428 3951 553 4014 etiamsi
576 3950 742 4034 delegatae
764 3951 918 4013 materiae
940 3972 1070 4034 superer
1092 3952 1290 4035 quantitate,
1314 3943 1445 4039 satilen

258 4050 396 4132 jussioni
429 4056 503 4115 tuae
536 4051 758 4135 possibilitatis
792 4073 881 4115 meae
914 4051 1129 4116 obedientiam
1161 4074 1227 4117 non
1258 4051 1418 4137 defuisse,

261 4153 390 4216 tametsi
413 4153 626 4217 ministerium
641 4153 773 4243 minime
794 4151 943 4236 impleret
964 4154 1162 4238 injunctum,
1187 4157 1273 4219 cer'te
1295 4154 1442 4220 debitum

262 4254 399 4319 solveret
426 4255 621 4339 obsequium.
672 4254 780 4339 Teque
808 4255 973 4338 deprecor,
1006 4259 1043 4319 ut
1070 4257 1097 4319 si
1125 4257 1289 4341 quidpiam
1316 4278 1410 4322 secus
1438 4279 1445 4322 s

265 4356 390 4421 voluisti
413 4357 614 4441 provenerit,
638 4356 891 4420 imbecillitatem
906 4379 1009 4420 meam
1025 4362 1121 4443 utque
1135 4380 1214 4442 opus
1230 4358 1418 4442 impositum
1432 4381 1445 4423 s

259 4457 332 4538 jure
354 4459 571 4542 perpendens,
602 4458 782 4543 imperfecti
811 4459 951 4522 laborem
974 4460 1097 4544 negotii
1119 4459 1226 4524 officio
1247 4459 1342 4525 malis
1364 4462 1445 4528 sesti

263 4581 358 4642 quum
387 4560 510 4624 merito.
556 4560 732 4625 Maximum
759 4560 845 4624 errirn
872 4561 1027 4625 indicimn
1055 4583 1144 4626 meae
1174 4582 1252 4646 erga
1278 4565 1313 4626 te
1335 4585 1445 4630 revere

263 4663 327 4742 est,
364 4661 507 4745 imperiis
530 4663 594 4726 tuis
623 4662 762 4747 amplius
791 4685 841 4726 me
875 4664 1059 4748 impendere
1087 4664 1240 4747 voluisse,
1275 4686 1374 4749 quam
1402 4687 1445 4753 po

332 4833 350 4895 ¹)
369 4830 386 4883 i.
406 4848 428 4885 e.
449 4831 592 4886 techviiati
609 4832 742 4902 paschali.

331 4917 352 4969 'l
371 4915 425 4968 Alii
443 4928 576 4971 iuniorum.
613 4916 698 4970 Buch.

343 4972 348 4981 ι
