3204 5506
229 334 292 400 930
669 346 697 395 s.
714 345 921 397 noanrsnsn
943 346 1058 394 aaran

121 525 145 563 a
157 513 217 564 520.
230 505 303 569 bilis
325 505 394 569 arte
415 501 583 588 pingendi,
607 523 706 586 quum
727 524 842 588 equum
857 501 1007 586 penicillo
1022 499 1120 565 vellet
1134 499 1301 585 explicare
1314 500 1489 585 perfectum,

228 606 361 672 asellum
376 605 437 670 sibi
452 605 609 689 profuisse
624 603 785 690 pingenti,
810 625 965 686 asserens,
988 624 1055 668 non
1071 606 1110 666 ut
1120 601 1309 685 jumentum
1325 603 1491 668 imitaretur

227 709 376 792 informe,
400 707 456 772 sed
477 729 518 771 ne
540 707 576 770 in
598 705 733 790 alicujus
754 705 902 771 informis
924 704 1113 770 lineamenti
1127 704 1376 769 similitudinem
1396 704 1490 789 lapsus

226 810 392 875 incideret.
438 808 512 874 Non
534 807 710 893 improvide
732 807 915 873 veneranda
936 810 1066 893 patrum
1094 806 1258 891 sapientia
1285 807 1373 871 fideli
1399 812 1490 892 poste

226 913 363 998 ritati²¹)
380 933 460 997 quae
476 914 584 976 essent
599 910 754 976 canonica
776 910 928 995 dogmata
949 908 1091 993 definiit,
1115 912 1204 974 certa
1226 909 1384 973 librorum
1405 910 1490 974 etiam

227 1019 370 1078 veterum
392 1014 427 1078 in
449 1013 674 1078 auctoritatem
691 1012 885 1097 recipienda,
908 1014 1021 1076 sancto
1037 1011 1162 1096 Spiritu
1183 1012 1389 1093 instituente,
1411 1033 1489 1096 prae

227 1117 345 1201 figens:
378 1137 419 1180 ne
448 1115 591 1200 opinioni
619 1136 696 1179 suae
722 1113 824 1180 lector
850 1113 1039 1199 indulgens,
1072 1135 1139 1178 non
1169 1112 1256 1197 quod
1285 1113 1490 1179 aedificationi

228 1218 463 1282 ecclesiastieae
487 1217 683 1300 conveniret,
707 1216 762 1282 sed
784 1216 868 1301 quod
889 1215 1083 1301 voluntas²²)
1106 1236 1164 1279 sua
1181 1216 1394 1301 concepisset,
1415 1238 1488 1280 asse

226 1323 321 1383 reret.
360 1318 442 1395 Quid
457 1341 534 1404 ergo
549 1308 818 1383 calumniantibus
833 1340 913 1402 opus
929 1321 998 1382 erat
1019 1320 1109 1382 extra
1125 1317 1323 1382 constitutos
1337 1316 1488 1383 Ecclesiae

226 1422 380 1488 terminos
402 1422 566 1506 porrigere
588 1421 800 1506 quaestiones,
824 1420 910 1485 etde
932 1419 982 1484 his
1004 1441 1085 1505 quae
1106 1418 1203 1505 ita²³)
1226 1418 1390 1483 habentur
1402 1419 1485 1501 dieta,

226 1523 317 1609 quasi
339 1524 426 1588 dieta
448 1545 514 1588 non
536 1524 619 1606 sint,
649 1544 776 1587 movere
798 1522 990 1604 certamina,
1019 1544 1117 1607 quum
1139 1521 1330 1588 bbristiana
1350 1520 1424 1585 fides
1444 1543 1485 1585 ca

224 1624 349 1690 nonicis
370 1624 460 1689 libris
483 1627 515 1690 et
535 1624 740 1710 synodalibus
747 1625 786 1707 ²⁴)
808 1625 989 1709 praeceptis
1007 1627 1040 1689 et
1054 1627 1184 1709 patrum
1205 1622 1407 1708 regularibus
1421 1644 1483 1687 oon·

226 1727 348 1791 stitutis
370 1726 478 1791 stabili
501 1730 533 1791 et
554 1727 746 1792 inconcusso
767 1727 898 1791 tramite
919 1725 1099 1791 limitetur?

310 1829 341 1893 5.
375 1829 427 1894 De
451 1828 583 1893 arbitrio
605 1831 714 1894 tamen
732 1829 832 1894 libero
854 1832 887 1892 et
908 1829 1015 1914 gratia
1029 1827 1090 1892 Dei
1105 1827 1181 1912 quid
1196 1826 1346 1892 Romana
1367 1827 1424 1892 hoc
1443 1831 1482 1892 est

227 1929 385 1995 catholica
413 1934 566 2015 sequatur
594 1934 626 1995 et
654 1931 805 2016 servet²⁵)
827 1929 987 2013 Ecclesia,
1017 1930 1094 1994 licet
1120 1930 1155 1993 in
1177 1929 1278 1994 variis
1300 1929 1389 1994 libris
1410 1929 1480 1993 beati

226 2032 418 2117 Augustini,
449 2035 481 2096 et
508 2031 645 2096 maxime
672 2032 713 2096 ad
734 2032 895 2098 Hilarium
917 2034 949 2096 et
970 2031 1179 2116 Prosperum,
1209 2031 1313 2115 possit
1334 2032 1477 2117 cognosci,

225 2137 335 2199 tamen
358 2136 390 2198 et
415 2133 450 2197 in
478 2134 604 2198 seriniis
631 2133 855 2199 ecclesiasticis
882 2155 1032 2218 expressa
1061 2133 1250 2218 capitula²⁶)
1280 2135 1476 2216 continentur,

292 2358 324 2423 ²¹)
341 2355 392 2408 Ed.
413 2360 538 2423 potestati
622 2359 748 2410 catholica
769 2361 900 2423 depacta,
924 2355 959 2409 G¹
983 2360 1112 2422 definiant.
1152 2355 1259 2424 Aperte
1281 2354 1403 2409 declarat
1422 2354 1475 2407 llor-

224 2438 325 2503 misda,
347 2439 394 2508 qui
417 2438 446 2492 in
468 2439 665 2494 auctoritatem
686 2438 838 2509 recipiendi
859 2442 951 2494 essent
972 2441 1098 2494 veterum
1120 2437 1200 2505 libri,
1218 2438 1282 2508 jam
1304 2457 1322 2494 a
1342 2439 1474 2508 majoribus

225 2525 280 2578 suis
299 2523 405 2594 Spiritu
422 2526 519 2578 sancto
537 2523 714 2590 instituente,
734 2524 859 2592 adeoque
870 2523 900 2577 in
912 2523 1031 2593 synodo,
1049 2523 1133 2578 tuisse
1147 2523 1300 2578 delinitum.
1330 2524 1389 2580 Hoc
1400 2522 1475 2592 reipsa

224 2626 242 2662 a
259 2609 369 2663 Gelasio
387 2609 416 2661 in
434 2609 559 2675 decreto,
583 2608 658 2678 quod
680 2608 715 2663 de
736 2608 815 2663 libris
832 2606 998 2678 recipiendis
1015 2608 1119 2674 sanxit,
1141 2609 1312 2678 praestitum
1332 2624 1412 2679 quan
1426 2607 1473 2677 plu·

224 2694 296 2747 rium
309 2693 435 2747 codicum
448 2693 614 2747 auctoritate
632 2693 766 2748 firmatur.
797 2693 868 2748 Hinc
885 2694 962 2748 locus
979 2693 1032 2747 iste
1051 2693 1159 2747 confert
1176 2710 1233 2748 non
1251 2696 1362 2748 tautam
1373 2693 1474 2748 masso

224 2779 340 2832 rendam
362 2777 499 2847 praedicti
520 2778 626 2833 decreti
648 2778 808 2845 veritatem,
831 2777 880 2832 sed
902 2780 932 2833 et
954 2777 992 2832 ad
1016 2793 1159 2845 censurae,
1182 2795 1238 2847 qua
1256 2778 1380 2833 Gelasius
1399 2777 1473 2847 plures

224 2859 310 2917 libros
334 2862 509 2931 apocryphos
536 2863 674 2928 declarat,
700 2863 911 2933 percipiendam
939 2862 1162 2931 intelligentiam.
1210 2863 1272 2918 Hoc
1300 2864 1373 2918 enim
1397 2862 1473 2921 verbo.

224 2947 374 3003 Hormisda
384 2949 550 3017 interprete,
568 2965 624 3001 non
643 2965 690 3002 eos
708 2949 764 3019 legi
781 2947 925 3018 prohibet,
943 2948 992 3002 sed
1004 2949 1126 3017 quadam
1138 2966 1202 3002 cum
1214 2948 1345 3004 cautione
1357 2949 1411 3003 vult
1420 2946 1471 3015 legi

290 3036 323 3101 ²²)
341 3034 360 3086 b
374 3051 408 3087 cc
425 3041 549 3102 voluptas.

221 3163 224 3171 ,
290 3119 325 3186 ¹³)
344 3119 412 3172 bcc
430 3117 520 3172 omitt.
539 3126 584 3173 ita.

291 3204 323 3271 ²⁴)
343 3201 436 3259 Cochl.
454 3209 618 3272 synodalibus
637 3209 786 3272 disciplinis.
821 3204 885 3258 Mox
903 3205 971 3258 bec
989 3192 1137 3259 inconcusso
1156 3210 1270 3262 termina
1303 3205 1380 3260 Hauc
1396 3206 1473 3260 auteur

224 3288 388 3341 Hormisdae
413 3288 447 3342 de
471 3289 550 3342 libris
569 3289 667 3343 Fausti
688 3291 894 3359 responsionem
912 3289 1068 3343 Maxentius
1086 3289 1125 3344 sic
1142 3287 1270 3358 sugillat:
1293 3295 1333 3346 tie
1348 3298 1385 3345 ita
1401 3295 1473 3357 fiatis.

223 3380 298 3427 incilia
316 3385 341 3427 et
363 3393 413 3428 nnn
435 3381 583 3428 necessaria
605 3380 637 3429 de
659 3379 731 3428 tibris
752 3379 844 3429 Fausti
864 3381 995 3442 cujusdam
1015 3382 1083 3432 Galli
1102 3381 1220 3444 episcopi
1242 3379 1474 3446 inconsequentibus

223 3464 340 3526 loquitar,
360 3478 405 3511 nec
423 3464 458 3512 act
475 3465 503 3512 id
520 3465 589 3526 qnod
606 3465 737 3529 quaeritur
754 3465 924 3527 respondere,
942 3465 990 3513 sed
1007 3465 1059 3513 alia
1076 3466 1162 3515 nescio
1175 3481 1241 3530 qaae
1252 3468 1289 3515 ad
1299 3481 1353 3516 ress
1364 3482 1410 3517 nos
1422 3480 1472 3530 per

221 3549 330 3595 tinentia
348 3549 419 3596 inani
436 3555 460 3595 et
479 3550 583 3612 prolixo
600 3563 715 3599 samone
733 3549 834 3613 diperit.
877 3548 941 3598 Nam
959 3565 1031 3614 qaam
1049 3549 1080 3599 de
1098 3551 1163 3614 ipris
1180 3549 1266 3608 libris,
1289 3567 1340 3602 aaa
1356 3559 1432 3601 stru
1445 3553 1474 3599 le·

222 3633 300 3695 pendi
315 3633 373 3687 sint,
391 3634 439 3681 sed
456 3641 536 3682 atram
554 3635 606 3682 sint
617 3633 741 3691 catholici,
760 3639 875 3683 certatur
888 3635 1010 3699 qrcaestio,
1029 3637 1070 3684 ille
1083 3650 1132 3684 aon
1145 3636 1177 3685 de
1189 3636 1254 3699 ipris
1266 3638 1330 3700 quid
1338 3636 1475 3686 mnata

222 3719 268 3772 sit,
287 3717 335 3766 sed
346 3732 389 3765 eos
402 3719 512 3782 pirannis
524 3733 574 3767 non
586 3719 612 3767 in
625 3720 777 3769 anctoritate
789 3718 930 3780 habendos,
950 3727 1033 3768 tamen
1044 3721 1165 3783 legendos
1176 3735 1234 3771 esse
1245 3721 1369 3774 decernit.
1391 3716 1475 3781 Qum

223 3813 306 3864 quam
324 3797 347 3849 si
365 3797 525 3866 diligentius
543 3799 735 3869 expendantur
752 3798 919 3854 Possessoris
937 3800 1104 3854 considentis
1121 3801 1222 3867 rerba,
1240 3800 1475 3872 appositumedes

218 3881 391 3949 judicabitur
402 3883 566 3938 Hormisdas
578 3901 748 3954 responsum.
767 3885 831 3938 Non
843 3884 916 3939 enirn
927 3884 974 3939 ille
987 3885 1021 3940 de
1033 3885 1169 3940 librorum
1177 3886 1285 3952 Fausti,
1298 3889 1331 3942 ut
1340 3887 1380 3942 ita
1391 3885 1475 3948 dicam

222 3967 424 4033 catholicitate,
447 3968 496 4022 sed
518 3969 552 4023 de
575 3987 671 4024 eorum
694 3969 860 4024 auctoritate
883 3970 1078 4039 interrogarit;
1101 3972 1130 4026 et
1147 3973 1242 4026 utrum
1264 3972 1341 4040 qaod
1357 3989 1391 4026 es
1405 3969 1437 4024 de
1450 3984 1475 4021 n

218 4053 279 4119 jam
297 4053 471 4122 praelibaret
488 4071 649 4123 responsum
669 4055 839 4125 approbaret
856 4054 1017 4120 Hormisda,
1035 4056 1136 4111 rescire
1155 4073 1218 4110 cum
1236 4057 1300 4111 aliia
1317 4055 1434 4127 expetiit.

289 4139 383 4207 ²³)1ta
406 4139 439 4192 G¹
460 4141 489 4193 et
506 4138 610 4205 Cochl.;
634 4142 660 4194 a¹
685 4152 811 4202 reservet,
833 4140 900 4193 bec
918 4153 1055 4194 asseveret.
1094 4141 1215 4194 Nostrae
1237 4142 1350 4196 lectioni
1372 4138 1476 4196 concinit

221 4223 289 4276 illud
308 4224 501 4294 episcoporum
519 4223 547 4277 in
565 4223 693 4279 Sardinia
711 4226 836 4280 exsulum
859 4224 935 4294 apud
952 4224 1129 4294 Fulgentium
1151 4225 1233 4295 epist.
1253 4233 1330 4282 1511.
1351 4234 1393 4282 18:
1418 4230 1475 4279 itae

221 4312 331 4362 omnibrcs
348 4315 456 4363 stadium
471 4317 567 4377 perite,
586 4315 666 4364 libros
682 4330 703 4367 s.
724 4315 867 4379 Augustini.
887 4331 950 4380 quoa
967 4317 1003 4366 ad
1020 4316 1175 4378 Prosperaai
1192 4322 1219 4365 et
1235 4315 1365 4366 Hilarium
1380 4315 1476 4379 scripsit,

220 4400 363 4447 memoratis
382 4398 510 4459 fratribas
532 4401 658 4464 ingerere.
698 4399 807 4460 Quorum
829 4403 977 4450 mentionem
998 4400 1089 4451 beatae
1111 4404 1246 4451 memoriae
1264 4401 1404 4451 limnieda
1418 4398 1476 4450 ee&

220 4485 377 4544 apostolicae
392 4485 520 4546 ploriosns
537 4486 642 4533 antistes
664 4487 690 4534 in
708 4487 828 4549 epistola.
852 4503 925 4551 quarm
942 4488 1082 4536 consulenti
1097 4501 1126 4535 ee
1143 4494 1232 4536 sancto
1253 4487 1337 4549 fratri
1356 4499 1474 4538 eonem

221 4567 322 4630 datique
341 4575 428 4618 norim
447 4569 596 4620 Possessori
611 4571 760 4634 rescripsit,
778 4588 832 4620 carn
849 4588 937 4636 mapno
955 4573 1094 4636 praeconio
1107 4573 1192 4622 landis
1203 4573 1324 4631 inem,
1342 4571 1475 4635 emuna

219 4649 296 4698 cerba
314 4660 385 4701 siant:
408 4655 464 4708 „De
487 4654 595 4705 arbitrio
618 4663 699 4706 lancea
722 4663 747 4706 et
767 4658 854 4718 pratia
873 4657 923 4706 Dei
940 4658 1002 4722 qnid
1019 4657 1144 4717 Romana,
1167 4656 1215 4708 boe
1236 4663 1279 4708 eet
1295 4658 1428 4712 catholiea.
1441 4668 1473 4704 re

220 4742 312 4797 qnatm
330 4743 356 4784 et
372 4744 478 4787 seruet
498 4740 615 4789 Ecclesia
633 4738 684 4790 ele.

286 4818 319 4883 ²⁰)
337 4816 413 4871 later
430 4820 523 4888 plures
535 4821 657 4875 eruditos
670 4823 810 4889 convenit,
829 4840 863 4878 ea
878 4824 924 4878 hic
935 4824 1084 4878 memorari
1100 4824 1235 4894 capitula,
1256 4839 1328 4893 quse
1340 4815 1472 4878 coeletia

218 4899 354 4968 epistolae
373 4909 403 4954 sl
424 4904 614 4971 subjiciuntur.
654 4908 695 4960 lta
713 4908 741 4961 iu
759 4909 952 4964 ecclesiasticis
975 4909 1081 4963 seriniis
1100 4909 1328 4972 continebantur,
1345 4911 1376 4961 ut
1392 4910 1471 4960 nmen
