3204 5506
561 374 755 422 nrrsrossn
778 364 923 422 33-35.
1317 360 1379 425 809

100 525 173 611 ptis
203 527 246 590 ad
274 526 457 610 episcopum
479 526 790 613 Nicopolitenum3),
824 528 898 612 quid
926 532 1033 592 vestra
1060 531 1254 612 promoverit
1281 549 1480 615 operealtl.

100 629 273 693 nuntiate.
311 627 342 692 Si
366 651 440 692 vero
463 630 643 693 obstinatus
671 630 769 695 fuerit
796 653 856 695 nee
879 631 919 694 ab
941 631 1141 696 insecutione
1162 632 1230 716 ejus
1253 655 1377 698 cessare

100 730 262 814 voluerit,
300 731 473 795 seeundum
500 732 640 816 litteras,
675 756 754 818 quas
777 733 816 798 nd
839 734 1121 798 clementissimum
1153 734 1376 818 imperatorem

100 833 256 897 misimus
264 883 273 915 ‚
297 834 381 918 apud
403 834 582 918 principem
605 858 733 899 causam
756 837 908 900 ecclesiae
930 835 1174 920 Nicopolitanae
1197 839 1242 901 sic
1266 839 1374 923 agitis,
1389 859 1482 924 apsi,

100 938 142 999 ut
167 935 301 999 dicatis:
324 941 454 1017 Alepsen
476 944 633 1017 episeopus
656 943 884 1018 Nicopolitanus
906 942 1055 1015 satisfecit
1074 944 1228 1004 Ecclesiae
1250 947 1376 1005 catholi-

100 1059 180 1114 cae,
219 1050 373 1117 susceptus
394 1051 437 1102 est
465 1052 493 1103 et
516 1046 559 1103 ad
578 1048 811 1105 cernrnnntenem
834 1047 985 1106 radicatus.
1025 1047 1127 1120 Hujus
1148 1063 1303 1108 successor
1324 1049 1377 1108 Je-

100 1145 229 1204 hannes
250 1148 416 1220 episeopus,
440 1152 469 1205 et
484 1148 576 1205 licum
600 1154 670 1206 ante
693 1149 794 1207 ocrrles
816 1149 928 1207 habens
949 1151 1030 1208 etde
1050 1152 1148 1209 salute
1168 1153 1378 1224 succepitans

100 1253 136 1306 et
153 1248 404 1323 praedecessoris
423 1251 472 1307 sui
492 1250 599 1308 bearem
621 1252 789 1324 enerrrplurn
811 1267 951 1324 sequens,
985 1253 1190 1313 cendemnatis
1217 1253 1378 1313 haereticis

100 1351 157 1410 vei
179 1350 454 1423 transpressoribus
481 1352 524 1409 ad
549 1353 647 1410 sedem
674 1353 756 1410 beati
776 1354 861 1413 Petri
888 1355 1019 1428 apostoli
1044 1356 1136 1426 misit,
1169 1361 1197 1413 et
1224 1362 1377 1430 susceptus

100 1457 163 1512 est.
206 1452 287 1511 Huic
308 1470 389 1511 nunc
414 1451 686 1514 Thessalonicensis
713 1457 871 1532 episcopus
896 1457 1061 1515 insidiatur
1088 1463 1205 1515 etcum
1233 1460 1374 1529 concutit,

101 1556 273 1615 centraria
300 1555 346 1613 his
373 1571 451 1628 puae
468 1554 546 1627 fecit
568 1557 606 1614 ab
633 1573 667 1616 eo
694 1560 818 1630 ccipere
843 1560 953 1616 nolens.
1000 1558 1081 1617 Hinc
1098 1565 1198 1632 *pater
1225 1566 1321 1619 nester
1349 1567 1377 1618 et

103 1672 212 1716 omnes
239 1657 405 1716 orthodoxi
430 1666 556 1731 repant,
593 1664 625 1718 ut
638 1660 825 1733 jussionibus
847 1662 953 1718 vestris
980 1666 1169 1719 remaneatur
1195 1661 1233 1719 ab
1260 1677 1295 1720 eo
1320 1663 1377 1721 isia

102 1759 263 1818 molestia:
287 1775 325 1817 ne
352 1760 492 1847 videatur
518 1761 686 1819 hominibus
705 1767 834 1836 propter
861 1762 918 1820 hoc
940 1763 1022 1821 illum
1041 1765 1278 1837 persecutionem
1295 1765 1374 1838 pati,

105 1862 182 1936 puin
206 1862 503 1921 adcommunienem
525 1864 811 1937 sedisapostolicae
839 1864 930 1922 rediit
936 1883 947 1930 ;
981 1871 1010 1921 et
1037 1867 1090 1937 qui
1116 1872 1293 1938 exspectant
1316 1883 1378 1940 per

107 1980 161 2023 vos
184 1965 327 2023 unitatem
346 1966 430 2041 fieri,
455 1966 542 2023 alind
563 1967 711 2039 incipiant
732 1966 865 2037 eredere,
889 1967 917 2024 si
931 1967 1075 2041 pietatem
1098 1972 1225 2025 vestram
1247 1969 1378 2026 uiderint

107 2061 199 2145 hoc⁴)
223 2066 430 2139 dissimulare,
454 2067 511 2127 hec
533 2069 720 2141 neplipenter
743 2070 892 2142 accipere.

195 2163 226 2226 3.
260 2162 374 2227 Visum
397 2167 446 2228 est
467 2165 559 2228 nobis
583 2164 746 2248 expedire,
779 2168 816 2228 ut
842 2163 982 2247 litteras,
1012 2187 1089 2249 quas
1113 2166 1153 2229 ad
1175 2166 1377 2230 Thessaloni-

110 2287 238 2330 censem
259 2266 295 2329 in
318 2287 413 2329 causa
435 2265 662 2350 Nicopolitana
685 2266 873 2351 direximus,
902 2266 1044 2351 quolibet
1069 2267 1180 2332 ordine
1207 2269 1377 2352 prudentia

109 2371 218 2432 vestra
239 2352 447 2456 diversislin
470 2368 582 2457 locis]
606 2370 705 2433 faeiat
720 2368 891 2452 publicari,
918 2359 1113 2454 mignopere
1128 2373 1237 2434 tamen
1252 2370 1287 2434 in
1304 2371 1377 2435 civi-

109 2473 177 2534 tate
199 2470 547 2554 Thessalonicensium,
572 2472 646 2555 quia
669 2473 729 2534 hoo
751 2471 837 2536 facto
860 2475 892 2537 et
915 2495 933 2535 a
953 2474 1173 2557 persecutione
1196 2476 1378 2537 nostrorum

110 2575 217 2658 potest
240 2573 367 2656 cessari,
392 2575 424 2636 et
439 2574 480 2638 ad
494 2573 604 2658 ipsine,
629 2572 656 2635 si
672 2574 854 2656 correxerit,
880 2575 1035 2639 credimus
1054 2575 1214 2659 pertinere
1230 2575 1376 2641 salutem.

611 2743 792 2847 Epistola
819 2745 876 2828 35.

109 2896 320 2964 Hormisdae
335 2913 444 2980 papae
467 2896 509 2962 ad
526 2895 725 2963 iohannem
740 2898 1026 2981 Nieopolitanunr
1045 2900 1083 2963 et
1097 2900 1270 2980 synodum
1285 2899 1374 2983 ejus.
1388 2924 1411 2959 a·
1422 2909 1470 2956 517
1484 2903 1509 2958 d.

1389 2985 1495 3053 talpa
1510 3023 1514 3032 .

100 3084 104 3087 .
142 3039 181 3088 lle
204 3039 341 3103 anqustiis,
366 3053 427 3103 qam
448 3039 579 3101 perpessi,
598 3040 744 3087 consolatur
762 3036 796 3100 (a.
812 3037 848 3101 l),
875 3055 903 3088 se
926 3040 1075 3104 lepatioaera
1097 3041 1134 3088 ad
1154 3041 1295 3103 principem
1318 3046 1342 3089 et

141 3125 289 3188 episcopum
311 3123 555 3172 Thessalonicensem
575 3139 626 3186 pro
644 3125 741 3173 illorum
758 3123 927 3173 sublevatione
949 3125 1045 3172 mismse
1064 3125 1162 3173 assaliat
1180 3122 1215 3187 (n.
1229 3125 1270 3189 2),·
1292 3126 1344 3190 ipsi

390 3210 426 3257 ad
446 3209 692 3258 Thessalonicensem
709 3210 808 3257 litteras
827 3224 857 3258 ne
875 3211 989 3271 diripani
1008 3209 1043 3268 (a.
1057 3209 1093 3272 3).

260 3339 472 3404 Hormisda
514 3340 690 3405 Johanni
734 3341 920 3425 episcopo
963 3341 1250 3425 Nicopolitano
1293 3365 1375 3408 cum

355 3443 514 3527 synodo

192 3547 222 3609 1.
258 3544 460 3628 OptaremnS,
485 3545 682 3608 dilectissimi
705 3546 832 3628 fratrea,
857 3546 897 3610 ab
920 3546 1067 3610 omnibus
1087 3569 1143 3610 vos
1158 3547 1375 3612 molestiarum

103 3645 258 3715 fluctibus
281 3646 401 3711 alienos
429 3648 528 3711 vitam
556 3646 614 3710 sub
642 3648 886 3732 tranquillitatis
916 3649 1089 3713 serenitate
1118 3650 1313 3735 transigere,
1344 3655 1376 3714 et

100 3744 171 3816 Deo
195 3751 308 3813 nostro
331 3752 452 3813 remota
467 3750 699 3814 mundanarum
714 3754 941 3835 tempestatum
956 3754 1079 3814 mentes
1090 3752 1113 3836 ¹)
1134 3752 1374 3835 perturbatione

100 3856 229 3919 vestras
254 3851 383 3915 devotas
406 3873 489 3915 esse:
513 3852 587 3936 quia
609 3876 690 3936 quae
712 3854 781 3916 fieri
802 3852 964 3936 nolumus,
988 3875 1117 3917 necesse
1141 3857 1204 3936 est,
1228 3857 1265 3916 ut
1286 3854 1374 3919 iacta

100 3952 280 4022 loleamus.
326 3952 387 4018 Sed
411 3952 553 4018 abundat
574 3956 710 4019 mundns
732 3955 940 4019 incommodis
968 3959 1000 4019 et
1027 3955 1274 4020 tentationibus:
1307 3979 1374 4020 sae-

100 4057 214 4123 sulum
236 4055 338 4138 istud,
368 4055 403 4119 in
430 4079 491 4140 quo
519 4057 776 4141 peregrinamur,
811 4058 990 4140 expositum
1019 4061 1068 4121 est
1093 4058 1246 4141 passim²)
1274 4058 1373 4122 veluti

100 4179 227 4243 magna
254 4156 352 4222 meles
380 4163 547 4222 ventorum
580 4159 738 4242 procellis.
794 4158 845 4221 lta
878 4159 1017 4223 fidelium
1051 4163 1175 4223 mentes
1209 4159 1373 4224 diabolicis

100 4311 210 4320 -„.‚..-.-.-‚
226 4309 283 4314 ---
313 4311 343 4314 μ.-

170 4349 193 4414 ³)
213 4345 282 4398 bec
299 4344 362 4398 add.
382 4349 486 4405 litteris,
506 4343 575 4398 eitra
591 4345 797 4411 necessitatem,
817 4363 901 4413 quum
915 4363 966 4399 vox
984 4352 1103 4414 seriptum
1121 4346 1224 4415 passim
1242 4346 1318 4416 apud
1329 4363 1374 4401 vc·

100 4449 177 4489 zares
196 4428 285 4483 etiam
303 4428 410 4482 litteras
428 4430 514 4487 sonet,
552 4429 673 4484 Subinde
691 4431 720 4484 in
739 4430 772 4484 G¹
794 4430 967 4484 desideratur
985 4451 1074 4498 opera.

170 4517 192 4583 ⁴)
214 4512 331 4583 Supple:
351 4520 419 4584 quod
434 4520 563 4569 dohanaes
582 4536 598 4567 a
616 4521 744 4569 dorothee
762 4523 868 4583 patitur.

100 4609 129 4657 35
171 4602 192 4667 ¹)
212 4599 257 4652 Ita
275 4599 309 4653 (θ’
328 4599 441 4668 (partim
460 4600 580 4654 secunda
592 4604 693 4664 manu).
731 4600 779 4653 Ed.
794 4617 856 4654 cum
869 4601 904 4655 G³
922 4607 1010 4654 taeniis
1026 4605 1219 4669 perturbatione
1237 4614 1372 4655 moranni.

100 4684 205 4743 deamo
225 4701 262 4736 an
278 4683 352 4738 hisce
370 4685 519 4738 Hormisda
541 4685 652 4740 alludat!
671 4685 705 4739 ad
729 4702 773 4750 ea,
799 4702 869 4751 quae
888 4687 1028 4742 lohannes
1046 4686 1074 4739 in
1092 4685 1192 4740 litteris
1210 4686 1373 4740 electionem

100 4789 180 4828 ruam
199 4768 388 4823 indicantibus
410 4769 606 4838 praemiserat:
634 4776 702 4823 Cura
724 4775 782 4823 aiibi
803 4777 903 4824 exstitit
920 4792 1019 4840 semper
1037 4776 1098 4824 nihil
1115 4778 1221 4839 amplius
1240 4791 1372 4841 quaerere,

100 4864 150 4912 risi
168 4875 250 4924 apere
268 4861 402 4922 propriam
420 4866 447 4909 et
460 4861 610 4921 familiarem
629 4861 842 4910 conversationem
861 4869 908 4911 etc.
928 4859 981 4925 (ep.
998 4863 1028 4910 15
1046 4875 1072 4910 n.
1094 4859 1127 4926 l).

169 4943 191 5010 ²)
212 4939 247 4994 G¹
267 4955 320 4993 see.
337 4957 422 4993 manu
439 4945 607 5008 passionibus.
643 4940 749 4996 Deinde
767 4940 809 4995 ed.
830 4962 882 5010 par
900 4948 949 4996 erit
967 4947 991 4995 ei
1007 4947 1184 5002 remuneratio.
