3204 5506
121 522 146 557 a¹
158 509 215 557 alo.

148 1388 212 1441 Luc.

147 1461 217 1521 nea.

231 323 294 387 896
674 336 701 383 s.
719 333 926 384 nouursnxn
949 334 1064 382 cuein

230 491 434 571 Trinitatem,
459 489 615 574 quomodo
637 489 796 573 praedixi,
819 511 917 552 unam
939 487 1118 571 Deitatem3
1142 493 1211 553 tres
1233 511 1399 573 personas,
1424 493 1484 576 qnia

231 615 291 657 nec
313 592 420 677 plures
444 591 518 654 deos
541 591 690 673 dicimus,
716 591 882 655 credentes
904 612 1003 654 unum
1020 590 1125 654 Deum
1148 613 1235 674 esse,
1259 591 1293 655 id
1315 595 1363 655 ast
1376 591 1485 657 Patrem

232 693 402 759 etlilium
425 696 459 757 et
481 693 633 776 Spiritum
656 697 818 775 sanctum,
842 714 903 757 nec
925 695 990 756 tres
1013 714 1167 776 personas
1191 715 1364 778 negamus,
1387 716 1424 757 ne
1443 694 1486 759 Sa·

231 796 320 859 bcllii
347 796 464 880 dogma
491 795 654 859 videamur
681 795 779 878 sequi.
825 793 944 858 Verum
973 798 1039 873 est,
1067 817 1240 879 personam
1269 795 1359 879 Filii,
1396 797 1487 861 idest

232 897 331 961 Verbi
354 897 414 960 Dei
421 948 429 979 ,
455 896 761 960 consubstantialem
784 896 874 960 Patri
883 897 920 982 ἢ)
973 896 1018 960 Et
1039 895 1110 980 ipsa
1133 919 1207 961 caro
1229 897 1320 961 facta
1342 901 1404 980 cst,
1431 899 1488 981 ipsa

232 1000 266 1062 in
288 1002 379 1062 utero
394 997 516 1062 Mariae
538 997 707 1080 habitavit,
732 998 801 1080 ipsa
823 1001 973 1061 naturam
996 997 1171 1063 humanam
1193 999 1336 1083 suscepit
1344 1000 1417 1068 sine
1430 1022 1488 1084 pec·

234 1104 315 1183 cato,
339 1102 408 1185 ipse
431 1099 530 1163 Filius
554 1099 613 1163 Dei
636 1099 729 1162 homo
752 1100 857 1162 factus
879 1104 976 1164 natus
999 1104 1047 1164 est
1069 1101 1108 1164 de
1130 1101 1260 1186 virgine
1280 1100 1392 1165 illaria.
1426 1101 1488 1165 Pro

232 1205 304 1287 pter
326 1201 409 1287 quod
432 1223 502 1265 cam
516 1200 576 1264 Dei
599 1202 789 1286 genitricem
805 1200 938 1266 dicimus
961 1204 994 1266 et
1009 1202 1176 1281 credimus,
1200 1204 1277 1287 quia
1293 1203 1399 1267 unitas
1414 1202 1486 1266 Diri·

231 1304 345 1368 nitatis
367 1306 399 1367 et
420 1303 646 1386 humanitatis,
671 1326 751 1388 quae
773 1304 841 1367 ficri
866 1306 978 1387 coepta
1000 1307 1059 1386 est,
1083 1325 1122 1367 ex
1143 1325 1207 1388 quo
1222 1303 1346 1369 Mariae
1368 1306 1485 1390 angelus

233 1405 363 1469 Gabriel
386 1405 593 1468 annuntiavit
614 1405 739 1469 dicens:
763 1411 833 1482 Aac,
854 1412 970 1484 Murio,
986 1413 1092 1484 qratia
1110 1413 1217 1486 plenu,
1234 1409 1371 1486 Spiritus
1384 1419 1489 1473 sauctus

231 1513 421 1587 superveniet
443 1515 474 1571 in
497 1519 525 1571 te
546 1520 614 1585 etc,
639 1529 705 1571 non
727 1510 854 1571 tantum
877 1507 912 1570 in
934 1511 1025 1570 utero
1047 1529 1113 1571 non
1131 1510 1180 1571 est
1196 1507 1347 1593 divisal),
1370 1509 1421 1573 sed
1440 1530 1489 1572 nec

232 1611 267 1673 in
289 1612 384 1693 partu
406 1631 466 1672 nec
487 1610 522 1672 in
544 1609 751 1673 nutrimentis
773 1631 832 1674 nec
854 1609 889 1673 in
911 1609 1058 1691 passione
1080 1630 1140 1673 nec
1162 1612 1197 1673 in
1219 1610 1368 1693 sepulcro
1389 1632 1443 1675 nec
1461 1611 1489 1673 iu

233 1711 465 1774 resurrectione
492 1733 552 1775 nee
579 1712 615 1775 in
643 1711 729 1775 coelo
757 1715 906 1795 separata
937 1713 1002 1774 est:
1036 1711 1111 1794 quia
1139 1733 1224 1775 unus
1253 1718 1303 1777 est
1324 1711 1421 1776 Filius
1440 1711 1488 1776 Dei

235 1811 390 1876 Dominus
412 1816 521 1876 noster
541 1812 635 1877 Jesus
659 1812 815 1894 Christus,
839 1834 904 1876 non
926 1813 961 1876 in
983 1812 1129 1896 personis
1151 1813 1283 1896 divisus,
1306 1835 1373 1878 non
1393 1814 1425 1877 in
1444 1835 1489 1877 na·

234 1915 314 1977 turis
343 1917 508 1998 separatus
537 1937 639 1998 neque
670 1915 705 1977 in
732 1915 877 1998 potentia
905 1913 1057 1977 diversus.
1118 1913 1207 1979 Idem
1236 1919 1286 1979 cst
1319 1916 1488 2000 namqucll)

235 2018 267 2080 ct
289 2016 451 2080 sustinens
473 2017 655 2100 passionem
662 2067 670 2097 ,
705 2017 780 2100 quia
802 2016 960 2100 omnes¹¹)
983 2016 1144 2100 homines,
1176 2019 1233 2080 aut
1255 2017 1400 2081 dividens
1427 2038 1489 2102 qno

234 2118 326 2181 modo
348 2117 526 2200 Nestorius,
551 2121 607 2182 aut
628 2139 753 2203 negans
775 2117 931 2202 quomodo
953 2116 1126 2202 Eutyches,
1151 2121 1208 2182 ant
1230 2120 1338 2183 minus
1360 2120 1490 2183 incarna-

233 2220 354 2284 tionem
384 2220 516 2284 credens
543 2220 698 2304 quomodo
726 2219 938 2303 Apollinaris,
978 2223 1033 2283 aut
1059 2220 1267 2303 phantasiam
1299 2220 1490 2284 introducam

234 2322 390 2405 quomodo
412 2321 541 2404 Manes,
572 2321 675 2386 afide
698 2321 856 2386 catholica
878 2324 953 2385 sunt
975 2320 1083 2404 incisi,
1117 2321 1264 2386 homines
1287 2323 1422 2406 operarii
1442 2323 1491 2386 ini-

235 2424 366 2507 quitatis
389 2426 421 2487 ct
443 2423 550 2488 hostes
569 2424 733 2500 doctrinae
757 2423 981 2508 apostolorum.
1032 2422 1100 2486 Ista
1122 2422 1236 2506 didici,
1271 2423 1337 2488 ista
1359 2424 1492 2489 audiria

234 2525 408 2609 majoribus
430 2527 564 2589 nostris:
588 2533 620 2589 et
642 2526 669 2589 si
691 2526 774 2590 forte
797 2529 887 2589 extra
910 2525 973 2589 ista
994 2525 1069 2609 quid
1085 2525 1258 2590 debeamus
1275 2527 1367 2611 sequi
1381 2527 1491 2612 ignoro,

235 2630 415 2710 exponente
438 2627 639 2692 beatitudine
661 2632 768 2692 vestra
790 2649 919 2693 necesse
942 2631 991 2692 cst
1012 2649 1062 2692 me
1085 2629 1185 2714 sequi.

318 2729 349 2793 4.
384 2728 567 2793 Maxentius
590 2733 710 2813 tamen,
734 2731 816 2815 quod
833 2730 892 2794 sub
908 2729 1034 2794 abbatis
1049 2731 1205 2794 vocabulo
1228 2730 1312 2796 dixit
1326 2753 1360 2796 se
1375 2751 1492 2816 congre

235 2833 398 2915 gationem
420 2829 557 2914 habere,
585 2832 611 2895 si
635 2833 867 2916 interrogetur,
898 2834 954 2895 aut
983 2853 1054 2895 cum
1082 2832 1196 2916 quibus
1225 2834 1393 2898 monachis
1413 2833 1491 2914 vixit,

235 2937 291 2997 aut
318 2934 353 2997 in
381 2955 443 3018 quo
471 2935 665 2998 monasterio
699 2938 755 2998 aut
785 2934 843 2998 sub
871 2955 933 3018 quo
963 2934 1078 2997 abbate
1105 2934 1283 3000 monachus
1312 2936 1416 3001 factus
1442 2937 1490 3016 cst,

235 3036 339 3100 dicere
354 3057 421 3100 non
436 3038 570 3119 potest.
587 3034 740 3101 Similiter
763 3039 795 3101 et
817 3037 843 3100 si
859 3036 899 3100 de
911 3035 1038 3099 Achille
1054 3036 1159 3100 dicere
1174 3038 1317 3121 voluero,
1340 3060 1408 3102 rem
1421 3036 1492 3101 facio

235 3160 479 3223 supervacuam:
503 3137 554 3201 cui
576 3137 697 3202 homini
721 3139 841 3203 sufficit
863 3160 988 3223 semper
1009 3138 1110 3202 latere
1127 3141 1260 3222 propter
1276 3140 1491 3204 conscientiam

235 3262 325 3303 suam
337 3241 378 3303 ab
390 3239 536 3303 omnibus
550 3238 717 3304 catholicis
727 3239 923 3304 damnatam.
946 3240 1033 3305 Data
1044 3239 1153 3304 Idibus
1160 3240 1323 3326 Octobris,
1331 3241 1491 3306 Eutharico

236 3343 376 3408 consule.
422 3344 566 3427 Accepta
588 3341 649 3405 XV
668 3341 825 3407 Calendas
847 3342 1050 3427 Decembris,
1075 3342 1205 3407 consule
1227 3342 1489 3428 suprascriptae).

235 3535 355 3584 Donatum
372 3538 440 3585 solus
457 3537 513 3585 dux
530 3535 586 3596 ejus
602 3533 664 3595 fuit.
683 3528 809 3597 adeoque
828 3529 913 3584 etiam
931 3529 1082 3585 secundum
1100 3528 1253 3584 hebraeam
1270 3531 1396 3601 lingnam
1412 3529 1488 3598 legen·

235 3616 301 3667 dum
320 3615 357 3667 sit
374 3620 489 3669 dircebut.

303 3703 323 3766 l)
343 3699 446 3769 Supplc
464 3720 534 3759 esse:
552 3717 715 3767 rursumque
733 3701 797 3768 post
815 3703 850 3752 Et
868 3705 925 3767 ipsa
938 3700 1055 3752 subaudi
1072 3721 1185 3768 persona
1198 3705 1267 3755 Filii.
1293 3701 1427 3770 Deinceps
1437 3697 1487 3751 [lio

235 3799 329 3837 socrus
346 3786 501 3853 praevertit
520 3785 698 3859 calmnniam,
722 3801 777 3851 qua
799 3784 852 3852 ipsi
871 3783 955 3837 etiam
977 3786 1076 3853 postea
1093 3786 1236 3841 iohannes
1253 3784 1407 3841 Maxentius
1427 3798 1484 3850 resp.

236 3869 333 3921 eontra
351 3868 431 3938 epist.
451 3870 616 3923 Hormisdao
635 3870 706 3922 hanc
724 3868 806 3921 fidem
825 3867 944 3921 affinxit:
968 3874 1035 3922 Luci
1051 3877 1231 3939 opportunitas
1248 3878 1342 3938 exirit,
1361 3882 1388 3923 ut
1405 3875 1485 3923 denar

234 3965 332 4007 stretin·
349 3975 365 4006 α
383 3959 466 4016 nobis,
490 3961 601 4023 crealiter
618 3966 642 4007 et
660 3975 705 4007 cur
723 3959 859 4018 lrnmetiei,
884 3974 919 4007 ex
937 3958 1025 4023 quibus
1043 3974 1106 4008 unica
1123 3966 1163 4007 est
1181 3961 1334 4015 Dioscorus,
1357 3975 1424 4009 anan
1437 3971 1483 4022 ptr

234 4059 321 4092 sonam
340 4044 463 4093 Christum
485 4045 667 4108 praedicantes
684 4059 719 4093 etc
741 4043 878 4097 Trinitate,
901 4060 973 4091 irritum
991 4059 1027 4093 em
1047 4043 1173 4093 Trinitatc
1191 4044 1302 4094 Cristina
1318 4045 1429 4108 monteri
1442 4041 1482 4089 nl·

234 4131 332 4178 luteuus
350 4131 520 4194 aequiescunt.
557 4129 696 4178 Personam
714 4129 792 4191 igitur
805 4127 855 4176 Dei
870 4127 949 4176 Verbi
965 4128 1059 4177 babere
1076 4136 1195 4177 cernunt
1208 4129 1344 4188 Christian,
1363 4146 1409 4179 noa
1419 4135 1483 4176 mte-

235 4216 303 4278 quod
318 4216 374 4278 ipse
392 4215 462 4264 Deus
484 4212 593 4262 Verbum
610 4219 643 4261 sit
664 4213 788 4276 Cbristus,
812 4197 878 4262 sicin
892 4228 1029 4275 personam
1047 4213 1099 4261 Dei
1114 4214 1247 4263 uidebatur
1264 4214 1357 4264 buben
1377 4211 1482 4279 propttlt

290 4300 350 4363 piria
370 4300 418 4347 Dei
439 4299 518 4347 Verbi
535 4301 560 4346 in
578 4314 606 4346 se
625 4297 761 4347 babiloniis
778 4313 914 4362 personum
933 4297 1038 4353 babeat,
1057 4313 1122 4362 quoe
1141 4304 1180 4346 cst
1199 4315 1250 4348 rma
1268 4314 1303 4349 ex
1323 4297 1481 4349 Trinitated

229 4384 286 4443 jum
303 4386 342 4433 sie
359 4386 466 4433 uicoriris
485 4384 665 4448 quodunuuodo
683 4385 735 4433 siue
752 4385 866 4432 minister
883 4384 917 4432 sit
936 4383 985 4432 Dei
1005 4382 1086 4431 Verbi
1104 4382 1226 4432 Christus.

302 4468 322 4532 ⁹)
342 4464 405 4517 Scil.
425 4471 509 4518 unitus
526 4470 671 4517 Diuinitntis
689 4476 714 4517 et
731 4469 904 4527 humanitatis,
924 4462 1042 4532 quaein
1061 4461 1162 4519 Christi
1180 4480 1301 4532 persona
1317 4463 1422 4518 munit

303 4550 334 4616 ¹⁰)
352 4549 404 4602 Hie
421 4549 595 4604 desideratur
608 4560 633 4603 et
645 4569 736 4602 ercam
748 4555 873 4612 ruendum,
892 4549 936 4603 vel
954 4546 1021 4618 quid
1039 4547 1141 4614 similo,
1159 4564 1215 4615 qno
1228 4548 1350 4618 ejusdem
1367 4556 1476 4619 penante

234 4632 261 4684 in
281 4632 389 4687 duabus
407 4635 514 4688 naturis
533 4635 625 4689 unitas
645 4634 814 4689 adstruatur.

304 4720 333 4785 ¹¹)
352 4719 403 4771 llic
425 4720 501 4774 locus
520 4721 666 4775 mendosus
689 4720 729 4774 ita
751 4722 793 4774 est
815 4720 1025 4774 restaurandus:
1057 4723 1121 4773 Ideo
1144 4739 1229 4773 amires
1252 4724 1368 4774 bominem
1388 4715 1475 4786 (seille

234 4806 345 4869 Christo)
364 4815 407 4856 urit
426 4811 565 4859 dividentes
635 4829 651 4859 n
666 4813 719 4873 fide
738 4812 862 4859 catholica
879 4816 936 4860 strui
955 4809 1048 4865 eccisi,
1068 4825 1152 4858 omnes
1170 4810 1287 4873 operarii
1301 4807 1435 4874 iniquitatis.

304 4890 334 4955 ¹²)
354 4889 396 4941 tiu
414 4892 456 4943 lu,
495 4890 543 4943 Ful.
565 4896 666 4945 liustieo
685 4914 706 4945 u.
727 4913 748 4945 e.
768 4900 876 4946 cornute.
