3204 5506
251 368 313 434 750
378 356 383 366 '
678 381 707 430 s.
723 380 930 428 nonnrsnnn
952 379 1067 426 eneis

120 568 155 617 ta.
167 553 236 618 515.)
244 548 370 617 patrum
392 557 453 601 non
475 546 720 614 corrumpantur,
744 546 777 599 ut
798 540 947 600 haeretici
967 539 1006 598 de
1023 539 1160 600 ecclesiis
1182 546 1388 610 removeantur:
1400 557 1462 616 pne·

250 652 296 703 ter
316 646 375 703 ista
397 645 510 717 leontio
532 647 635 703 nostra
657 641 734 700 nihil
754 643 896 702 continet.

333 741 364 804 4.
402 740 436 804 Si
458 739 590 803 dixerit:
613 744 691 807 Inde
711 750 741 802 et
763 744 806 802 ad
826 743 971 820 synodum
994 744 1123 804 incitavi
1141 751 1279 805 sanctim
1295 761 1405 821 popae,
1419 748 1468 805 usi

250 848 325 921 quid
350 853 395 905 est
421 848 606 919 antiquum,
636 847 793 905 tolleretur
813 847 852 904 de
872 846 988 915 medio:
1022 839 1279 924 respondendnm
1299 844 1359 906 eet:
1384 846 1471 920 domn

250 949 313 1008 Deo
333 951 452 1023 pratias
473 954 503 1008 et
522 950 633 1022 pietati
652 954 779 1016 vestrae,
803 949 875 1022 quia
890 948 972 1007 hunc
992 964 1045 1007 oos
1059 949 1206 1023 affectum
1220 954 1249 1007 et
1263 949 1474 1009 annuntius

248 1053 468 1124 coenoscimus,
498 1057 531 1109 ut
552 1066 590 1109 ea
612 1065 691 1123 quae
712 1064 733 1107 a
751 1049 894 1124 patritus
914 1051 1077 1109 constituta
1103 1057 1173 1109 sunt
1198 1051 1379 1124 pennulitas
1395 1056 1475 1110 snm:

250 1154 322 1228 quia
344 1160 416 1212 tunc
437 1168 511 1212 oeru
538 1159 568 1211 et
589 1158 697 1211 sancta
724 1152 826 1210 unitas
843 1156 944 1226 potest
970 1167 1033 1210 esse
1059 1153 1141 1210 inter
1166 1153 1310 1211 ecclesias
1332 1151 1437 1223 Christi,
1460 1153 1478 1209 si

249 1249 332 1334 oos⁷)
349 1255 412 1314 Deo
434 1254 604 1328 adserente
624 1254 692 1328 hoc,
716 1254 797 1328 quod
818 1254 989 1314 decessores
1004 1254 1097 1312 uestri
1110 1251 1294 1314 Marcianus
1306 1260 1335 1314 et
1346 1253 1398 1314 leo
1411 1261 1478 1314 custo

249 1357 384 1434 dierum,
407 1358 560 1431 eleperitis
580 1370 643 1414 esse
663 1355 857 1415 servormum.
903 1348 937 1415 Si
958 1348 1013 1413 ille
1036 1349 1169 1414 dixerit:
1199 1355 1241 1415 Et
1262 1363 1416 1430 quaenunt
1432 1358 1478 1425 istu,

249 1473 327 1532 quoe
349 1460 448 1518 dicis?
483 1452 672 1536 respondes:
703 1458 740 1517 llt
766 1457 898 1532 synodus
920 1456 1174 1516 Calchedonensis
1200 1465 1230 1516 et
1251 1459 1389 1533 epistolae
1410 1458 1481 1517 sensti

252 1559 356 1619 Leonis
375 1575 494 1637 papae,
518 1576 597 1634 quae
618 1559 752 1634 scriptae
772 1564 842 1618 sunt
862 1565 972 1618 contra
992 1559 1163 1619 haereticos
1183 1557 1354 1619 Nestorimn
1372 1566 1398 1619 et
1416 1558 1480 1633 fflt

145 1657 148 1663 '
248 1660 362 1720 chetem
384 1669 413 1721 ει
435 1662 628 1734 dioscorum,
653 1661 825 1720 nullatenus
846 1666 1094 1737 corrumpantur.
1140 1655 1174 1720 Si
1197 1655 1328 1720 dixerit:
1350 1659 1405 1720 iios
1421 1674 1481 1736 une

249 1763 319 1821 dum
335 1764 607 1823 Calchedonemem
628 1771 656 1822 et
671 1764 816 1837 epistolas
830 1778 937 1838 papoe
951 1762 1060 1823 Leonis
1080 1767 1110 1821 et
1132 1764 1302 1839 recepimus
1321 1769 1350 1823 et
1367 1769 1481 1825 tnnc:

250 1880 305 1923 vos
332 1882 405 1924 mox
433 1860 556 1944 gratias
585 1859 672 1943 agite
705 1862 738 1923 et
769 1862 882 1943 pectus
913 1859 981 1942 ejus
1009 1858 1200 1923 osculamini
1231 1859 1386 1924 dicentes:
1416 1862 1482 1922 nun

248 1969 439 2041 copnooimus
461 1968 554 2027 oeun
576 1967 662 2027 nohis
682 1983 746 2025 esse
765 1968 944 2041 propitium,
975 1966 1099 2041 quondo
1117 1966 1231 2039 fucere
1252 1968 1329 2028 talia
1345 1965 1482 2038 sestinottt
1521 2022 1523 2039 ,

249 2071 320 2144 quia
343 2071 401 2130 ista
423 2077 466 2129 εει
484 2071 561 2142 fides
574 2069 738 2141 catholica,
763 2070 821 2127 ιἐια
835 2075 889 2141 εει,
914 2083 1005 2143 qnam
1016 2069 1279 2143 praedicaverunt
1293 2068 1425 2144 apostoli,
1440 2067 1484 2125 she
1521 2086 1523 2097 ·

248 2187 309 2245 quo
336 2173 436 2232 nullus
459 2178 557 2246 potest
583 2187 646 2231 esse
672 2171 875 2230 orthodoxus:
908 2173 968 2230 isto
993 2171 1078 2230 dehet
1111 2172 1304 2232 sacerdotnm
1333 2169 1486 2245 emanue

248 2279 350 2332 tenere
370 2281 400 2333 et
415 2274 631 2349 praedicando
644 2288 778 2332 servare.
818 2267 852 2332 si
874 2267 1006 2332 dixerit:
1031 2271 1205 2334 Orthodoxi
1222 2280 1294 2333 sunl
1315 2268 1487 2348 episcopide

247 2377 414 2434 coristitutis
430 2383 555 2450 patrum
577 2391 636 2434 non
658 2376 820 2443 recedunt:
849 2369 1036 2453 respondes:
1061 2375 1147 2449 Erpa
1167 2377 1197 2434 si
1215 2376 1378 2436 constittda
1394 2380 1488 2449 pena

246 2483 417 2550 servamur,
442 2485 471 2536 et
493 2480 524 2536 in
546 2479 628 2536 nullo
649 2478 867 2555 corrumpitur,
890 2478 971 2553 quod
984 2479 1016 2536 in
1030 2484 1139 2536 sancta
1153 2477 1391 2537 Calchedonem
1401 2472 1491 2553 mnodo

244 2580 399 2648 firmatum
414 2585 458 2637 est
463 2598 475 2647 ;
498 2595 578 2653 quoe
591 2595 685 2638 carisa
700 2587 753 2652 est,
778 2586 895 2640 tantum
909 2582 990 2640 inter
1004 2581 1147 2641 ecclesias
1156 2580 1298 2654 partitum
1313 2580 1434 2639 istarum
1446 2589 1492 2635 ent

247 2679 441 2739 discordiae?
470 2681 524 2739 Vei
546 2697 625 2755 quoe
646 2697 740 2740 cosso
758 2679 851 2756 facit,
876 2683 907 2741 in
923 2699 983 2742 uno
997 2681 1129 2742 Orientis
1142 2684 1302 2757 episcopos
1315 2698 1376 2742 non
1391 2694 1494 2742 consen

247 2777 360 2862 tire⁸)?
383 2775 416 2841 Si
432 2776 563 2841 dixerit:
589 2781 686 2853 Quieti
699 2792 788 2843 eram
798 2786 941 2861 episcopi,
956 2786 1042 2843 nulla
1054 2786 1134 2843 inter
1148 2786 1230 2859 ipsos
1245 2784 1401 2844 discordia
1415 2796 1495 2841 tern-
1521 2762 1523 2771 ¹

246 2883 347 2943 hatur:
360 2884 499 2943 decessor
509 2887 720 2960 sanctipapae
732 2887 848 2945 animos
858 2902 961 2945 eorum
969 2888 1065 2946 missis
1075 2887 1186 2946 litteris
1196 2887 1345 2947 excitavit
1354 2891 1383 2945 et
1393 2885 1496 2944 adcon·

195 3000 199 3009 ·
243 2984 394 3058 fusionem
415 2982 641 3067 sollicitando⁹)
652 2989 818 3062 perduxit:
840 2983 1113 3065 respondendum:
1136 2988 1279 3061 Litteras,
1303 2992 1497 3064 quassanti&

245 3088 407 3147 memoriae
422 3104 510 3164 papa
529 3087 728 3165 Symmachus
748 3091 919 3163 destinauit,
941 3106 1020 3165 prae
1041 3091 1179 3151 manitus
1198 3090 1359 3160 hatenus:
1378 3092 1407 3149 si
1422 3094 1496 3149 atr·

245 3188 321 3249 haec
335 3193 524 3265 quaepietas
545 3197 645 3250 oestro
668 3193 757 3264 dixit,
781 3192 837 3251 hoc
858 3198 916 3251 est:
943 3192 1283 3265 „Calchedonense
1309 3193 1496 3253 concilient

244 3308 388 3366 sequor,
412 3293 594 3367 epistolas
612 3293 882 3367 papaeLeonis
905 3294 1096 3368 admitto“,
1119 3291 1495 3376 oliud¹⁰)quidqnancon·

244 3395 338 3452 tinent
351 3396 412 3453 nisi
423 3392 664 3453 exhortationem
680 3400 713 3453 ut
727 3396 787 3453 istu
800 3402 974 3466 serventur:
997 3413 1100 3457 ventm
1116 3404 1170 3470 est,
1194 3399 1268 3472 quia
1285 3413 1346 3473 per
1359 3398 1450 3473 ipsimi
1460 3398 1495 3452 est

240 3502 390 3570 pennata
411 3494 570 3567 confusio!
607 3496 647 3555 Αι
668 3498 696 3555 si
714 3497 772 3556 hoc
793 3499 964 3558 continetur
984 3501 1016 3558 in
1032 3500 1151 3574 litteris,
1175 3500 1260 3574 quod
1271 3506 1302 3558 et
1312 3502 1494 3575 paternoster

242 3603 346 3671 sperat
367 3604 396 3656 et
412 3599 514 3672 pietas
535 3603 636 3657 vestra
658 3601 814 3672 consentit,
839 3600 915 3673 quid
921 3596 960 3680 ¹¹)
983 3602 1034 3660 ille
1050 3599 1140 3675 fecit,
1164 3604 1241 3677 quid
1260 3604 1292 3661 in
1314 3618 1350 3661 eo
1371 3601 1493 3662 uidente*

242 3714 305 3757 esse
330 3700 503 3774 culpabile?
553 3692 614 3758 His
644 3695 773 3778 adjicite
801 3717 912 3779 preces
939 3700 972 3762 et
999 3697 1157 3782 lacrymas
1184 3702 1353 3784 rogantes:
1386 3700 1491 3762 Boniti

242 3802 425 3877 imperator,
453 3802 643 3860 considerate
664 3802 774 3876 Deum,
799 3805 906 3878 ponite
933 3812 1005 3864 unte
1024 3807 1126 3866 oculos
1148 3813 1261 3866 uestros
1279 3803 1417 3878 summurn
1438 3803 1490 3876 eju

234 3903 398 3975 judicium.
449 3901 556 3962 Sancti
577 3913 698 3979 patres,
734 3907 787 3979 qui
811 3907 869 3964 isto
895 3908 1130 3981 constituerunt,
1164 3909 1248 3968 heoti
1271 3907 1401 3983 apostoli
1423 3902 1491 3963 Petri

238 4006 328 4076 fidem
350 4007 448 4065 secuti
466 4013 545 4079 sunt,
565 4023 626 4081 per
647 4023 737 4082 quam
760 4007 923 4079 aedificata
945 4016 989 4068 est
1010 4009 1148 4070 Ecclesia
1171 4010 1293 4070 Christi.

308 4172 329 4239 ⁷)
346 4169 397 4223 Ed.
416 4169 506 4224 omitt.
523 4190 567 4225 voe
589 4173 617 4224 et
635 4175 685 4232 lit,-
703 4188 822 4240 moxque
840 4178 942 4227 dicite?
964 4179 1119 4243 respondete
1190 4178 1270 4228 om
1288 4193 1344 4230 esse
1359 4176 1423 4228 sums
1434 4188 1485 4240 prr

237 4259 327 4321 pilium
400 4261 473 4308 istam
491 4259 575 4309 dehet.

307 4343 328 4408 8)
348 4339 382 4393 G¹
400 4347 540 4401 continere.
560 4339 633 4394 unde
651 4343 678 4394 o¹
696 4351 800 4396 sentire.
824 4342 970 4398 Mallemus
987 4345 1072 4399 antee
1090 4351 1116 4399 tn
1133 4365 1215 4402 um

307 4427 328 4493 ⁹)
346 4425 413 4480 boo
430 4430 592 4480 excitandam
611 4426 639 4480 et
657 4425 745 4480 omitt.
768 4434 864 4497 paphie,
901 4426 1059 4497 Symmnohi
1077 4429 1226 4500 epistolam
1246 4437 1278 4486 ts
1297 4429 1343 4485 hio
1357 4420 1484 4483 memor&

239 4526 327 4578 prope
345 4509 534 4564 indubitatum
552 4511 601 4564 est.

308 4597 339 4663 ¹⁰)
357 4596 423 4650 boc
445 4600 516 4650 aliud
537 4601 703 4664 nequidquam
725 4603 854 4652 continent
877 4605 927 4652 nisi
944 4603 1147 4654 eaehortntionetn
1164 4612 1192 4654 ut
1209 4607 1260 4655 ista
1276 4611 1415 4661 muer.
1433 4612 1481 4665 t*

238 4685 311 4733 modo
328 4699 412 4734 venum
430 4690 468 4735 est
486 4692 533 4734 ete.
556 4683 669 4749 praeter
690 4685 813 4736 mentem
836 4682 981 4754 archetypi
999 4684 1028 4739 et
1044 4684 1224 4740 Hormindne:
1247 4688 1347 4755 utpote
1362 4681 1406 4753 qni
1419 4678 1481 4748 ⁸5⁰*

238 4762 379 4831 mochum,
397 4765 419 4818 si
437 4764 541 4834 scripta
559 4765 618 4834 ejus
636 4765 741 4834 aliquid
758 4768 872 4836 praeter
888 4768 1035 4839 proedicto
1052 4768 1210 4838 continent,
1228 4769 1392 4826 consitionis
1405 4765 1478 4822 toute

238 4862 297 4900 rem
315 4849 469 4903 constitisse
492 4849 531 4903 sic
552 4849 685 4919 largitur,
709 4855 740 4905 nt
761 4851 837 4906 nliud
859 4853 1012 4923 quidquem
1033 4852 1062 4907 in
1080 4855 1120 4910 eie
1139 4854 1278 4911 contineri
1295 4854 1390 4911 odite
1403 4848 1476 4919 negti·

307 4935 337 5000 ¹¹)
356 4933 374 4986 b
388 4951 422 4989 ce
440 4940 502 5004 quid
518 4940 559 4989 itte
575 4940 657 5002 fecit?
675 4944 737 5006 qnid
752 4943 816 4993 enin
833 4944 859 4993 in
877 4959 922 4998 eo:
938 4955 1058 5009 moxque
1076 4939 1166 4995 omitt
1187 4945 1270 4997 Petri.
