3204 5506
682 117 853 167 arrsrons
877 110 906 167 1.
1364 105 1425 170 647

771 270 812 335 V.
1160 225 1175 264 ⁹
1437 292 1530 342 aeos.

239 374 273 440 6.
304 374 465 458 „Propter
479 373 621 438 occultas
637 377 744 438 autem
758 373 886 439 fraudes
909 375 990 463 et3l)
1007 374 1266 460 conjurationum
1286 382 1426 443 secretas

144 474 308 560 insidias,
343 497 421 562 quas
444 474 539 558 hujus
562 475 724 540 sententia
751 474 960 541 districtionis
989 477 1209 562 consequitur,
1243 479 1270 542 si
1292 481 1363 564 quis
1385 482 1426 544 ad

144 578 407 646 ecclesiasticam
428 576 598 662 pertulerit
619 578 770 641 notitiam
798 577 931 642 consilia
958 601 1082 662 eormn,
1117 579 1172 663 qui
1202 583 1314 645 contra
1340 582 1425 646 hanc

139 681 315 767 synodum
347 681 385 746 de
418 678 596 764 pontificali
624 679 751 764 egerint
779 679 917 761 ambitu,
957 683 990 743 et
1022 681 1205 745 rationabili
1235 684 1424 766 probatione

141 783 334 848 convicerit
355 777 529 867 participes
538 782 577 868 ³⁷)
600 780 735 845 actionis
758 779 956 864 hujusmodi,
985 805 1050 847 non
1079 783 1181 847 solum
1203 789 1360 869 purgatus
1383 787 1423 849 ab

137 886 241 951 omni
273 884 368 970 culpa
395 885 453 967 sit,
491 883 546 949 sed
574 883 671 948 etiam
699 883 974 967 remuneratione,
1008 906 1089 968 quae
1117 907 1183 948 non
1205 886 1342 971 indigna
1370 888 1422 971 sit,
1519 951 1521 953 ,

139 987 377 1053 sublevetur.“

235 1088 398 1154 Universa
420 1087 558 1172 synodus
580 1109 716 1172 surgens
738 1087 942 1152 acclamavit:
965 1088 1138 1171 Placent³⁸)
1162 1097 1279 1155 omnia!
1311 1091 1356 1154 Et
1371 1092 1423 1156 ad-

129 1192 243 1279 ¹jacit:
270 1197 399 1256 Exaudi
420 1195 543 1268 Christe,
572 1193 758 1254 Theoderico
781 1196 860 1253 uita!
883 1188 1004 1253 dictum
1026 1189 1128 1254 XXX.
1166 1197 1204 1256 Ut
1218 1199 1421 1276 ita-seruetur,

131 1301 316 1375 ropertus!
348 1292 468 1357 dictum
490 1290 561 1355 XX.
608 1296 736 1357 Exaudi
756 1296 887 1368 Christe,
918 1295 1098 1372 Symmacho
1121 1300 1201 1358 uita!
1236 1294 1358 1359 dictum
1380 1296 1419 1361 X.

133 1403 181 1466 Ut
197 1403 294 1474 circa
309 1400 476 1461 Romanum
494 1401 666 1475 pontificem
687 1415 805 1474 semper
826 1398 902 1457 daec
923 1399 1077 1459 ordinatio
1091 1407 1235 1472 servetur,
1261 1407 1422 1475 ropamns!

128 1501 276 1567 dictum
299 1496 338 1562 X.
385 1502 423 1562 llt
443 1502 542 1561 nullus
564 1502 654 1559 aliter
675 1501 718 1560 ad
738 1502 944 1576 episcopatum
959 1501 1126 1562 Romanam
1149 1504 1290 1577 deinceps
1311 1508 1419 1578 ueniat,

72 1611 74 1615 '
122 1607 335 1686 precamur!
357 1598 477 1662 dietum
490 1597 529 1662 X.
562 1603 600 1663 Ut
615 1604 736 1662 decreta
751 1608 856 1662 nostra
870 1605 1037 1675 confirmes,
1060 1608 1221 1678 ropamns!
1243 1599 1364 1664 dictum
1379 1602 1419 1667 X.

232 1703 268 1766 7.
303 1699 510 1785 Symmachus
533 1700 700 1784 episcopus
723 1698 875 1763 ecclesiae
892 1698 1069 1764 catholicae
1084 1700 1172 1764 urbis
1187 1700 1308 1766 Romae
1324 1703 1420 1767 dixit:

124 1810 396 1873 Adclamationes
421 1816 538 1868 vestras
564 1807 730 1883 synodique
749 1807 901 1881 judicium
926 1808 1103 1881 praesentia
1133 1815 1220 1881 pcata
1245 1811 1419 1882 suscipient.

121 1911 179 1976 Et
206 1905 352 1990 adjecit:
382 1891 444 1982 Ed,
469 1925 548 1984 quae
569 1909 613 1967 nd
632 1909 791 1982 sopiendos
819 1914 994 1967 veternosae
1020 1911 1274 1984 praesumptionis
1300 1927 1420 1970 errores

120 2019 181 2081 ael
204 2006 406 2090 insensac³⁹)
428 2011 515 2071 rebus
529 2012 739 2071 ecclesiasticis
753 2010 953 2083 aepritndinis
966 2011 1092 2083 morbos,
1117 2012 1222 2086 quidus
1241 2014 1421 2073 uniuersalis

121 2115 349 2194 afficiebatur
370 2114 522 2185 Ecclesia,
562 2112 739 2172 deliberatio
765 2113 908 2185 relipioni
932 2128 1070 2186 conprua
1091 2115 1225 2189 pacique
1256 2118 1417 2187 constituit,

116 2222 323 2298 firmitatem
339 2224 495 2293 perpetem
516 2216 689 2286 sortientur,
715 2219 748 2273 ut
761 2219 937 2287 praestante
952 2214 1024 2287 Deo,
1049 2231 1135 2289 prtem
1150 2216 1302 2275 custodem
1317 2234 1418 2277 rerum

120 2324 281 2386 omnium
304 2324 420 2379 constat
440 2318 597 2388 bonarum,
626 2316 783 2393 synodalis
805 2318 960 2377 ordinatio
982 2319 1091 2391 uipeat,
1122 2322 1213 2392 atque
1236 2335 1336 2378 omnes
1357 2321 1420 2378 sine

112 2437 301 2506 personae
327 2421 460 2495 alicujus
487 2419 675 2479 distinctione
707 2420 907 2492 constrinpat.
960 2418 1073 2478 Contra
1102 2436 1192 2493 queam
1220 2422 1247 2478 si
1273 2423 1340 2494 quis
1365 2423 1418 2480 snb

120 2525 282 2606 qualibet
309 2525 465 2584 occasione
494 2523 597 2584 uenire
617 2523 875 2596 praesumpserit,
912 2522 1029 2581 indicta
1062 2524 1201 2596 superins
1233 2524 1419 2583 districtione

112 2632 300 2709 plectetur
308 2621 358 2706 10).

211 2897 250 2963 ⁸⁸)
269 2893 318 2948 Κ12
336 2904 360 2946 ct
377 2898 528 2960 corrjnratas
546 2897 658 2945 insidias.

212 2982 251 3049 ⁸⁷)
270 2978 307 3032 Η6
320 2975 451 3045 (secunda
467 2979 562 3044 manu)
574 2976 611 3029 Ηθ
629 2979 658 3030 et
675 2975 743 3030 editi
753 2982 895 3044 particeps.
923 2976 972 3029 llle
991 2976 1083 3042 etlam,
1103 2975 1149 3043 qui
1167 2975 1263 3029 titulos
1280 2975 1309 3030 in
1327 2977 1417 3032 fronte

127 3065 291 3140 praefixos
309 3060 470 3131 composuit,
489 3060 617 3129 quintum
635 3059 674 3114 sic
692 3060 834 3131 expressit,
854 3061 932 3128 quasi
949 3059 994 3115 hic
1012 3066 1035 3113 si
1050 3067 1182 3129 particeps
1197 3066 1279 3128 fucrit
1294 3061 1415 3131 legisset.

128 3151 246 3208 Potior
264 3149 360 3202 tamen
378 3148 420 3200 cst
435 3145 518 3200 lectio
538 3144 660 3199 omnium
673 3164 743 3210 mss,
762 3163 817 3213 qua
830 3144 942 3212 quidem
955 3146 1075 3214 synodus
1087 3163 1143 3200 non
1155 3145 1321 3216 participem
1333 3146 1417 3201 actio-

130 3237 186 3294 nis
207 3230 377 3304 ambitiosae
400 3231 435 3285 ab
455 3229 529 3283 omni
553 3230 634 3300 culpa
655 3230 773 3285 liberum
796 3232 825 3283 et
846 3231 1010 3299 purgatum,
1034 3230 1083 3283 sed
1105 3247 1180 3295 eum,
1211 3231 1258 3297 qui
1281 3232 1416 3300 ejusmodi

134 3321 233 3392 culpa
250 3315 384 3372 obnoxios
402 3315 533 3370 detulerit
554 3317 583 3368 ct
605 3315 767 3382 convicerit,
794 3315 879 3370 etiam
902 3314 1125 3369 remuneratione
1147 3315 1347 3369 sublevandum
1371 3317 1416 3372 de-

137 3407 246 3462 clarat.
277 3404 369 3471 Ipsam
386 3399 543 3454 mercedem
561 3399 686 3454 decernit
704 3401 733 3453 et
750 3399 925 3454 athalaricus
944 3417 992 3454 rex
1011 3400 1085 3470 apud
1097 3401 1252 3455 Iohannem
1265 3402 1291 3454 ll
1309 3401 1414 3470 epistt

136 3511 170 3547 n
185 3498 213 3557 4,
232 3487 306 3543 unde
324 3488 353 3540 et
369 3480 433 3539 huic
450 3484 495 3538 lux
515 3486 701 3555 comparatur.

216 3576 249 3643 ⁸⁸)
268 3570 389 3627 118111]ἲ
405 3577 491 3639 placet
508 3582 533 3624 ct
550 3575 657 3638 adjecit.
692 3570 811 3639 Moxque
830 3587 864 3624 ex
881 3572 913 3624 Β1
933 3573 1040 3624 textum
1058 3571 1241 3638 restituimus,
1265 3589 1350 3640 quum
1368 3572 1415 3626 alii

142 3678 212 3716 mss.
233 3660 263 3714 et
280 3655 359 3714 editi:
378 3658 485 3709 Exaudi
502 3659 602 3709 Christe
620 3660 774 3725 Spmnraclto'
785 3656 842 3724 (11¹²
852 3658 879 3710 aa
902 3660 1069 3724 Iheodorico)
1087 3662 1154 3710 nita!
1171 3662 1313 3710 dictumest
1326 3661 1413 3710 XXX.

147 3752 183 3803 Ut
201 3752 240 3801 ita
256 3753 390 3799 sanentur
406 3761 536 3810 reparans,
563 3746 653 3794 dictum
672 3746 707 3796 X.
744 3745 777 3795 llt
796 3747 875 3794 nultus
897 3742 948 3794 etc.
991 3741 1050 3795 Hac
1073 3741 1185 3809 quidem
1207 3742 1414 3807 acclamatione,

146 3848 205 3901 qua
221 3828 344 3900 primurn
362 3826 565 3882 Theodericum
582 3826 697 3892 salutat,
720 3825 839 3894 synodus
862 3825 1066 3894 quodammodo
1088 3826 1258 3880 sollemniter
1276 3827 1417 3896 approbat

145 3918 174 3973 et
193 3913 343 3970 confirmat
360 3910 534 3977 sententiam,
552 3928 609 3978 qua
624 3909 671 3964 ille
689 3910 835 3965 novissime
847 3911 1039 3980 pontificatum
1052 3909 1217 3980 Symmacho
1231 3911 1413 3980 adjudicaret.

143 4035 177 4044 -
195 3990 427 4067 Mox-sequentis
445 4014 462 4051 a
479 3995 572 4050 verbis
588 4007 614 4048 nt
633 4002 738 4050 decreta
755 4007 844 4051 nostru
861 4002 993 4063 confirmes
1015 4013 1101 4064 usque
1125 3996 1160 4049 ad
1178 3997 1261 4050 finem
1279 3995 1363 4050 etiam
1381 3996 1415 4048 Fd

142 4087 203 4157 (iol
217 4089 264 4146 74)
282 4083 409 4153 praebet.

211 4174 249 4240 δ’)
267 4169 302 4224 F‘
320 4174 435 4236 inpense,
453 4167 480 4219 h¹
494 4167 524 4220 h²
542 4171 656 4234 infensos
728 4173 861 4236 perpetim,
880 4183 998 4233 moxque
1017 4184 1079 4219 cum
1091 4166 1128 4219 H⁶
1139 4165 1177 4219 Hs
1189 4171 1349 4219 distinctione
1368 4165 1415 4232 (11θ

136 4257 318 4321 districtione)
336 4257 421 4306 uenire
439 4258 651 4320 praesumpserit,
675 4258 756 4306 indita
779 4254 832 4306 etc.
876 4250 1050 4305 Correximus
1070 4268 1131 4304 cunr
1148 4251 1182 4304 B¹
1195 4251 1228 4303 E²
1241 4250 1274 4303 Fr
1289 4253 1314 4303 ο8
1327 4266 1414 4319 seqq,

133 4344 193 4403 m'ni
212 4338 295 4410 quod
311 4337 343 4391 Β1
365 4343 531 4398 districtione,
550 4337 584 4390 F(¹
603 4343 778 4391 distrinctiane
796 4336 867 4404 (loco
887 4339 1069 4404 distinctione).

208 4429 247 4495 ⁴⁰)
265 4423 294 4478 Η
307 4422 328 4477 0
342 4422 370 4476 h¹
385 4426 408 4476 c'
425 4421 472 4482 hic
490 4421 597 4476 addunt
615 4426 649 4474 Et
666 4425 879 4490 subscripserant,
898 4420 942 4476 cui
958 4420 1044 4475 verbo
1062 4420 1091 4474 in
1109 4419 1171 4474 aliis
1189 4420 1270 4475 editis
1288 4419 1415 4490 adjungi·

128 4521 183 4574 tur
202 4513 328 4582 episcopi
350 4527 450 4562 numero
473 4511 611 4561 LXXIII.
653 4507 806 4574 Utrumque
829 4507 912 4561 abest
933 4506 999 4559 aB¹
1014 4507 1073 4573 K¹²,
1104 4523 1188 4574 quum
1210 4507 1244 4558 B¹
1266 4505 1356 4559 solum
1379 4505 1415 4560 ad

123 4616 232 4669 marg.
254 4594 338 4649 notat
355 4595 559 4661 Srdscriptiones
577 4598 760 4660 episcoporum.
795 4591 831 4645 Hi
849 4592 942 4645 autem
961 4590 1076 4658 codices,
1101 4594 1132 4646 ut
1149 4609 1234 4661 supra
1251 4589 1414 4657 monuimus,

122 4687 291 4768 gatos-um
308 4676 388 4735 initio
406 4694 473 4755 prae
492 4693 521 4731 se
532 4677 626 4738 ferunt
637 4683 770 4747 episcopos
782 4681 863 4735 LXV
874 4679 903 4731 et
912 4681 1078 4747 presbyteros
1091 4697 1191 4732 numero
1204 4680 1336 4731 LXXIII
1352 4677 1414 4729 sub-
