<?xml version="1.0" encoding="UTF-8"?>
<!DOCTYPE html PUBLIC "-//W3C//DTD XHTML 1.0 Transitional//EN"
    "http://www.w3.org/TR/xhtml1/DTD/xhtml1-transitional.dtd">
<html xmlns="http://www.w3.org/1999/xhtml" xml:lang="en" lang="en">
 <head>
  <title>
</title>
<meta http-equiv="Content-Type" content="text/html;charset=utf-8" />
  <meta name='ocr-system' content='tesseract 3.04.00' />
  <meta name='ocr-capabilities' content='ocr_page ocr_carea ocr_par ocr_line ocrx_word'/>
</head>
<body>
  <div class='ocr_page' id='page_1' title='image "./epistolaeromano00thiegoog/epistolaeromano00thiegoog_0679.png"; bbox 0 0 3204 5506; ppageno 0'>
   <div class='ocr_carea' id='block_1_1' title="bbox 251 333 1091 398">
    <p class='ocr_par' dir='ltr' id='par_1_1' title="bbox 251 333 1091 398">
     <span class='ocr_line' id='line_1_1' title="bbox 251 333 1091 398; baseline -0.012 -1"><span class='ocrx_word' id='word_1_1' title='bbox 251 333 314 398; x_wconf 78' lang='lat'>630</span> <span class='ocrx_word' id='word_1_2' title='bbox 677 345 704 393; x_wconf 93' lang='lat' dir='ltr'>s.</span> <span class='ocrx_word' id='word_1_3' title='bbox 723 343 907 392; x_wconf 77' lang='lat' dir='ltr'>snasrnsn</span> <span class='ocrx_word' id='word_1_4' title='bbox 929 342 956 389; x_wconf 94' lang='lat'>11</span> <span class='ocrx_word' id='word_1_5' title='bbox 977 341 1091 388; x_wconf 75' lang='lat' dir='ltr'>aaran</span> 
     </span>
    </p>
   </div>
   <div class='ocr_carea' id='block_1_2' title="bbox 122 495 1551 1501">
    <p class='ocr_par' dir='ltr' id='par_1_2' title="bbox 122 495 1545 1196">
     <span class='ocr_line' id='line_1_2' title="bbox 122 495 1540 582; baseline -0.006 -14"><span class='ocrx_word' id='word_1_6' title='bbox 122 517 158 582; x_wconf 89' lang='lat' dir='ltr'>(a.</span> <span class='ocrx_word' id='word_1_7' title='bbox 169 515 239 579; x_wconf 73' lang='lat'>497.)</span> <span class='ocrx_word' id='word_1_8' title='bbox 253 504 381 568; x_wconf 86' lang='lat' dir='ltr'>Marcus</span> <span class='ocrx_word' id='word_1_9' title='bbox 404 500 581 564; x_wconf 71' lang='lat' dir='ltr'>beatissimi</span> <span class='ocrx_word' id='word_1_10' title='bbox 605 498 817 580; x_wconf 86' lang='lat' dir='ltr'>crediderunt,</span> <span class='ocrx_word' id='word_1_11' title='bbox 842 500 875 561; x_wconf 88' lang='lat' dir='ltr'>et</span> <span class='ocrx_word' id='word_1_12' title='bbox 896 496 1099 581; x_wconf 88' lang='lat' dir='ltr'>postmodum</span> <span class='ocrx_word' id='word_1_13' title='bbox 1121 495 1268 560; x_wconf 76' lang='lat' dir='ltr'><strong>trecenti</strong></span> <span class='ocrx_word' id='word_1_14' title='bbox 1287 495 1406 560; x_wconf 91' lang='lat' dir='ltr'>decem</span> <span class='ocrx_word' id='word_1_15' title='bbox 1428 499 1462 559; x_wconf 86' lang='lat' dir='ltr'>et</span> <span class='ocrx_word' id='word_1_16' title='bbox 1475 498 1540 560; x_wconf 89' lang='lat' dir='ltr'>octo</span> 
     </span>
     <span class='ocr_line' id='line_1_3' title="bbox 252 597 1541 684; baseline -0.005 -16"><span class='ocrx_word' id='word_1_17' title='bbox 252 603 451 669; x_wconf 86' lang='lat' dir='ltr'>venerabiles</span> <span class='ocrx_word' id='word_1_18' title='bbox 475 601 600 665; x_wconf 79' lang='lat' dir='ltr'>edidere</span> <span class='ocrx_word' id='word_1_19' title='bbox 623 600 803 684; x_wconf 76' lang='lat' dir='ltr'>pontificeS,</span> <span class='ocrx_word' id='word_1_20' title='bbox 827 599 952 684; x_wconf 82' lang='lat' dir='ltr'>legatos</span> <span class='ocrx_word' id='word_1_21' title='bbox 975 598 1015 661; x_wconf 88' lang='lat' dir='ltr'>ad</span> <span class='ocrx_word' id='word_1_22' title='bbox 1037 598 1148 662; x_wconf 88' lang='lat' dir='ltr'>urbem</span> <span class='ocrx_word' id='word_1_23' title='bbox 1163 597 1315 663; x_wconf 82' lang='lat' dir='ltr'><strong>Romam</strong></span> <span class='ocrx_word' id='word_1_24' title='bbox 1339 599 1457 663; x_wconf 90' lang='lat' dir='ltr'>nostra</span> <span class='ocrx_word' id='word_1_25' title='bbox 1473 597 1541 662; x_wconf 89' lang='lat' dir='ltr'>diri·</span> 
     </span>
     <span class='ocr_line' id='line_1_4' title="bbox 253 701 1542 798; baseline -0.005 -28"><span class='ocrx_word' id='word_1_26' title='bbox 253 727 330 792; x_wconf 85' lang='lat' dir='ltr'>gere</span> <span class='ocrx_word' id='word_1_27' title='bbox 358 705 483 769; x_wconf 86' lang='lat' dir='ltr'>curavit</span> <span class='ocrx_word' id='word_1_28' title='bbox 496 703 654 798; x_wconf 70' lang='lat' dir='ltr'>ecclesia.</span> <span class='ocrx_word' id='word_1_29' title='bbox 701 702 762 766; x_wconf 85' lang='lat' dir='ltr'>Sed</span> <span class='ocrx_word' id='word_1_30' title='bbox 790 702 835 765; x_wconf 93' lang='lat' dir='ltr'>ibi</span> <span class='ocrx_word' id='word_1_31' title='bbox 862 701 1025 786; x_wconf 61' lang='lat' dir='ltr'>quidamt)</span> <span class='ocrx_word' id='word_1_32' title='bbox 1055 701 1197 765; x_wconf 80' lang='lat' dir='ltr'>civitatis</span> <span class='ocrx_word' id='word_1_33' title='bbox 1226 703 1373 765; x_wconf 87' lang='lat' dir='ltr'>nostrae</span> <span class='ocrx_word' id='word_1_34' title='bbox 1402 702 1542 785; x_wconf 78' lang='lat' dir='ltr'>repertus</span> 
     </span>
     <span class='ocr_line' id='line_1_5' title="bbox 255 801 1543 888; baseline -0.005 -16"><span class='ocrx_word' id='word_1_35' title='bbox 255 813 303 872; x_wconf 89' lang='lat' dir='ltr'>est</span> <span class='ocrx_word' id='word_1_36' title='bbox 326 830 344 870; x_wconf 91' lang='lat' dir='ltr'>a</span> <span class='ocrx_word' id='word_1_37' title='bbox 367 811 455 871; x_wconf 86' lang='lat' dir='ltr'>recta</span> <span class='ocrx_word' id='word_1_38' title='bbox 476 806 538 869; x_wconf 91' lang='lat' dir='ltr'>fide</span> <span class='ocrx_word' id='word_1_39' title='bbox 562 806 754 869; x_wconf 81' lang='lat' dir='ltr'>dissentiens</span> <span class='ocrx_word' id='word_1_40' title='bbox 783 806 877 888; x_wconf 88' lang='lat' dir='ltr'>atque</span> <span class='ocrx_word' id='word_1_41' title='bbox 906 803 946 866; x_wconf 89' lang='lat' dir='ltr'>ab</span> <span class='ocrx_word' id='word_1_42' title='bbox 975 825 1012 866; x_wconf 89' lang='lat' dir='ltr'>ea</span> <span class='ocrx_word' id='word_1_43' title='bbox 1040 825 1079 867; x_wconf 82' lang='lat' dir='ltr'>ex</span> <span class='ocrx_word' id='word_1_44' title='bbox 1108 802 1214 867; x_wconf 89' lang='lat' dir='ltr'>causis</span> <span class='ocrx_word' id='word_1_45' title='bbox 1243 823 1385 887; x_wconf 87' lang='lat' dir='ltr'>quoque</span> <span class='ocrx_word' id='word_1_46' title='bbox 1415 801 1543 867; x_wconf 79' lang='lat' dir='ltr'>dirersis</span> 
     </span>
     <span class='ocr_line' id='line_1_6' title="bbox 255 903 1544 991; baseline -0.004 -17"><span class='ocrx_word' id='word_1_47' title='bbox 255 910 378 974; x_wconf 88' lang='lat' dir='ltr'>alienus</span> <span class='ocrx_word' id='word_1_48' title='bbox 401 909 570 990; x_wconf 80' lang='lat' dir='ltr'>exsistens,</span> <span class='ocrx_word' id='word_1_49' title='bbox 594 907 648 991; x_wconf 92' lang='lat' dir='ltr'>qui</span> <span class='ocrx_word' id='word_1_50' title='bbox 671 906 730 970; x_wconf 90' lang='lat' dir='ltr'>hoc</span> <span class='ocrx_word' id='word_1_51' title='bbox 753 905 838 969; x_wconf 85' lang='lat' dir='ltr'>visus</span> <span class='ocrx_word' id='word_1_52' title='bbox 862 910 910 969; x_wconf 92' lang='lat' dir='ltr'>est</span> <span class='ocrx_word' id='word_1_53' title='bbox 932 908 1127 988; x_wconf 88' lang='lat' dir='ltr'>perpetrare,</span> <span class='ocrx_word' id='word_1_54' title='bbox 1151 926 1194 968; x_wconf 89' lang='lat' dir='ltr'>ne</span> <span class='ocrx_word' id='word_1_55' title='bbox 1216 903 1292 968; x_wconf 88' lang='lat' dir='ltr'>ulla</span> <span class='ocrx_word' id='word_1_56' title='bbox 1315 903 1354 968; x_wconf 91' lang='lat' dir='ltr'>in</span> <span class='ocrx_word' id='word_1_57' title='bbox 1370 905 1544 989; x_wconf 88' lang='lat' dir='ltr'>suscipien-</span> 
     </span>
     <span class='ocr_line' id='line_1_7' title="bbox 255 1005 1545 1096; baseline -0.003 -21"><span class='ocrx_word' id='word_1_58' title='bbox 255 1012 303 1076; x_wconf 87' lang='lat' dir='ltr'>dis</span> <span class='ocrx_word' id='word_1_59' title='bbox 326 1011 442 1096; x_wconf 85' lang='lat' dir='ltr'>legatis</span> <span class='ocrx_word' id='word_1_60' title='bbox 465 1011 556 1095; x_wconf 90' lang='lat' dir='ltr'>copia</span> <span class='ocrx_word' id='word_1_61' title='bbox 579 1009 799 1093; x_wconf 83' lang='lat' dir='ltr'>praeberetur:</span> <span class='ocrx_word' id='word_1_62' title='bbox 830 1008 883 1091; x_wconf 89' lang='lat' dir='ltr'>qui</span> <span class='ocrx_word' id='word_1_63' title='bbox 911 1028 971 1070; x_wconf 92' lang='lat' dir='ltr'>nec</span> <span class='ocrx_word' id='word_1_64' title='bbox 1000 1005 1180 1072; x_wconf 88' lang='lat' dir='ltr'>adfaciem</span> <span class='ocrx_word' id='word_1_65' title='bbox 1201 1027 1311 1091; x_wconf 89' lang='lat' dir='ltr'>usque</span> <span class='ocrx_word' id='word_1_66' title='bbox 1336 1005 1545 1071; x_wconf 66' lang='lat' dir='ltr'>salutationis</span> 
     </span>
     <span class='ocr_line' id='line_1_8' title="bbox 256 1109 1007 1196; baseline -0.007 -18"><span class='ocrx_word' id='word_1_67' title='bbox 256 1114 396 1196; x_wconf 81' lang='lat' dir='ltr'>admissi,</span> <span class='ocrx_word' id='word_1_68' title='bbox 421 1113 490 1177; x_wconf 91' lang='lat' dir='ltr'>sine</span> <span class='ocrx_word' id='word_1_69' title='bbox 514 1112 619 1196; x_wconf 87' lang='lat' dir='ltr'>ahquo</span> <span class='ocrx_word' id='word_1_70' title='bbox 642 1110 757 1173; x_wconf 81' lang='lat' dir='ltr'>ellectu</span> <span class='ocrx_word' id='word_1_71' title='bbox 780 1109 897 1174; x_wconf 89' lang='lat' dir='ltr'>reversi</span> <span class='ocrx_word' id='word_1_72' title='bbox 921 1112 1007 1173; x_wconf 90' lang='lat' dir='ltr'>sunt.</span> 
     </span>
    </p>

    <p class='ocr_par' dir='ltr' id='par_1_3' title="bbox 257 1210 1551 1501">
     <span class='ocr_line' id='line_1_9' title="bbox 340 1210 1549 1297; baseline -0.002 -19"><span class='ocrx_word' id='word_1_73' title='bbox 340 1216 371 1279; x_wconf 82' lang='lat'>4.</span> <span class='ocrx_word' id='word_1_74' title='bbox 415 1214 496 1290; x_wconf 84' lang='lat' dir='ltr'>Quia</span> <span class='ocrx_word' id='word_1_75' title='bbox 525 1235 599 1280; x_wconf 82' lang='lat' dir='ltr'>vero</span> <span class='ocrx_word' id='word_1_76' title='bbox 629 1214 705 1276; x_wconf 87' lang='lat' dir='ltr'>ante</span> <span class='ocrx_word' id='word_1_77' title='bbox 737 1234 803 1275; x_wconf 92' lang='lat' dir='ltr'>non</span> <span class='ocrx_word' id='word_1_78' title='bbox 831 1211 967 1274; x_wconf 89' lang='lat' dir='ltr'>multum</span> <span class='ocrx_word' id='word_1_79' title='bbox 995 1210 1147 1294; x_wconf 90' lang='lat' dir='ltr'>temporis</span> <span class='ocrx_word' id='word_1_80' title='bbox 1175 1210 1347 1276; x_wconf 80' lang='lat' dir='ltr'>Photinus</span> <span class='ocrx_word' id='word_1_81' title='bbox 1378 1211 1549 1297; x_wconf 84' lang='lat' dir='ltr'>religiosus</span> 
     </span>
     <span class='ocr_line' id='line_1_10' title="bbox 257 1312 1550 1398; baseline -0.002 -17"><span class='ocrx_word' id='word_1_82' title='bbox 257 1318 409 1381; x_wconf 88' lang='lat' dir='ltr'>diaconus</span> <span class='ocrx_word' id='word_1_83' title='bbox 432 1320 563 1381; x_wconf 89' lang='lat' dir='ltr'>sanctae</span> <span class='ocrx_word' id='word_1_84' title='bbox 586 1313 881 1378; x_wconf 79' lang='lat' dir='ltr'>Thessalonicensis</span> <span class='ocrx_word' id='word_1_85' title='bbox 904 1312 1055 1376; x_wconf 86' lang='lat' dir='ltr'>ecelesiae</span> <span class='ocrx_word' id='word_1_86' title='bbox 1081 1313 1253 1377; x_wconf 89' lang='lat' dir='ltr'>nobiseum</span> <span class='ocrx_word' id='word_1_87' title='bbox 1277 1313 1320 1378; x_wconf 92' lang='lat' dir='ltr'>de</span> <span class='ocrx_word' id='word_1_88' title='bbox 1344 1335 1434 1398; x_wconf 87' lang='lat' dir='ltr'>pace</span> <span class='ocrx_word' id='word_1_89' title='bbox 1455 1313 1550 1378; x_wconf 77' lang='lat' dir='ltr'>eccle</span> 
     </span>
     <span class='ocr_line' id='line_1_11' title="bbox 258 1414 1551 1501; baseline -0.002 -18"><span class='ocrx_word' id='word_1_90' title='bbox 258 1420 375 1484; x_wconf 87' lang='lat' dir='ltr'>siarum</span> <span class='ocrx_word' id='word_1_91' title='bbox 410 1417 505 1481; x_wconf 84' lang='lat' dir='ltr'>verba</span> <span class='ocrx_word' id='word_1_92' title='bbox 540 1416 701 1481; x_wconf 79' lang='lat' dir='ltr'>conseruit</span> <span class='ocrx_word' id='word_1_93' title='bbox 728 1414 885 1498; x_wconf 83' lang='lat' dir='ltr'>dixitque,</span> <span class='ocrx_word' id='word_1_94' title='bbox 924 1436 957 1478; x_wconf 91' lang='lat' dir='ltr'>se</span> <span class='ocrx_word' id='word_1_95' title='bbox 987 1418 1061 1478; x_wconf 90' lang='lat' dir='ltr'>ante</span> <span class='ocrx_word' id='word_1_96' title='bbox 1089 1415 1233 1498; x_wconf 88' lang='lat' dir='ltr'>spatium</span> <span class='ocrx_word' id='word_1_97' title='bbox 1263 1416 1367 1501; x_wconf 88' lang='lat' dir='ltr'>parvi</span> <span class='ocrx_word' id='word_1_98' title='bbox 1397 1416 1551 1501; x_wconf 88' lang='lat' dir='ltr'>temporis</span> 
     </span>
    </p>
   </div>
   <div class='ocr_carea' id='block_1_3' title="bbox 258 1516 1550 1703">
    <p class='ocr_par' dir='ltr' id='par_1_4' title="bbox 258 1516 1550 1703">
     <span class='ocr_line' id='line_1_12' title="bbox 258 1516 1550 1603; baseline -0.002 -18"><span class='ocrx_word' id='word_1_99' title='bbox 258 1520 488 1603; x_wconf 67' lang='lat' dir='ltr'>destinatmnt)</span> <span class='ocrx_word' id='word_1_100' title='bbox 512 1544 530 1581; x_wconf 87' lang='lat' dir='ltr'>a</span> <span class='ocrx_word' id='word_1_101' title='bbox 552 1519 754 1582; x_wconf 87' lang='lat' dir='ltr'>sanctissimo</span> <span class='ocrx_word' id='word_1_102' title='bbox 778 1516 1018 1601; x_wconf 86' lang='lat' dir='ltr'>archiepiscopo</span> <span class='ocrx_word' id='word_1_103' title='bbox 1039 1516 1218 1601; x_wconf 66' lang='lat' dir='ltr'>Andreae)</span> <span class='ocrx_word' id='word_1_104' title='bbox 1235 1516 1550 1584; x_wconf 78' lang='lat' dir='ltr'>Thessalonicensis</span> 
     </span>
     <span class='ocr_line' id='line_1_13' title="bbox 259 1618 1550 1703; baseline -0.001 -17"><span class='ocrx_word' id='word_1_105' title='bbox 259 1622 412 1687; x_wconf 88' lang='lat' dir='ltr'>ecclesiae</span> <span class='ocrx_word' id='word_1_106' title='bbox 435 1621 475 1684; x_wconf 90' lang='lat' dir='ltr'>ad</span> <span class='ocrx_word' id='word_1_107' title='bbox 497 1620 678 1684; x_wconf 83' lang='lat' dir='ltr'>Romanum</span> <span class='ocrx_word' id='word_1_108' title='bbox 700 1619 886 1703; x_wconf 88' lang='lat' dir='ltr'>pontificem</span> <span class='ocrx_word' id='word_1_109' title='bbox 902 1618 1123 1702; x_wconf 87' lang='lat' dir='ltr'>Anastasium,</span> <span class='ocrx_word' id='word_1_110' title='bbox 1147 1622 1180 1683; x_wconf 89' lang='lat' dir='ltr'>et</span> <span class='ocrx_word' id='word_1_111' title='bbox 1202 1619 1410 1685; x_wconf 79' lang='lat' dir='ltr'>affirmabat</span> <span class='ocrx_word' id='word_1_112' title='bbox 1432 1619 1473 1685; x_wconf 90' lang='lat' dir='ltr'>de</span> <span class='ocrx_word' id='word_1_113' title='bbox 1493 1619 1550 1703; x_wconf 85' lang='lat' dir='ltr'>his,</span> 
     </span>
    </p>
   </div>
   <div class='ocr_carea' id='block_1_4' title="bbox 203 1839 1594 4965">
    <p class='ocr_par' dir='ltr' id='par_1_5' title="bbox 260 1839 1594 3179">
     <span class='ocr_line' id='line_1_14' title="bbox 327 1839 1552 1910; baseline 0.001 -15"><span class='ocrx_word' id='word_1_114' title='bbox 327 1847 348 1901; x_wconf 48' lang='grc' dir='ltr'>ᾗ“)</span> <span class='ocrx_word' id='word_1_115' title='bbox 367 1843 428 1895; x_wconf 86' lang='lat' dir='ltr'>Non</span> <span class='ocrx_word' id='word_1_116' title='bbox 447 1841 516 1895; x_wconf 90' lang='lat' dir='ltr'>alius</span> <span class='ocrx_word' id='word_1_117' title='bbox 533 1840 579 1894; x_wconf 93' lang='lat' dir='ltr'>ille</span> <span class='ocrx_word' id='word_1_118' title='bbox 598 1846 698 1909; x_wconf 81' lang='lat' dir='ltr'>quidum</span> <span class='ocrx_word' id='word_1_119' title='bbox 721 1839 774 1893; x_wconf 88' lang='lat' dir='ltr'>nisi</span> <span class='ocrx_word' id='word_1_120' title='bbox 791 1839 933 1893; x_wconf 77' lang='lat' dir='ltr'>lohannes</span> <span class='ocrx_word' id='word_1_121' title='bbox 956 1844 1141 1907; x_wconf 87' lang='lat' dir='ltr'>cognomento</span> <span class='ocrx_word' id='word_1_122' title='bbox 1160 1839 1280 1908; x_wconf 65' lang='lat' dir='ltr'>Tainia,</span> <span class='ocrx_word' id='word_1_123' title='bbox 1305 1841 1362 1910; x_wconf 91' lang='lat' dir='ltr'>qui</span> <span class='ocrx_word' id='word_1_124' title='bbox 1383 1839 1552 1896; x_wconf 77' lang='lat' dir='ltr'>Alexandria</span> 
     </span>
     <span class='ocr_line' id='line_1_15' title="bbox 260 1922 1551 1996; baseline -0.001 -15"><span class='ocrx_word' id='word_1_125' title='bbox 260 1928 354 1996; x_wconf 87' lang='lat' dir='ltr'>pulsus</span> <span class='ocrx_word' id='word_1_126' title='bbox 377 1927 494 1980; x_wconf 88' lang='lat' dir='ltr'>Romam</span> <span class='ocrx_word' id='word_1_127' title='bbox 525 1924 662 1993; x_wconf 78' lang='lat' dir='ltr'>confugit:</span> <span class='ocrx_word' id='word_1_128' title='bbox 691 1942 773 1993; x_wconf 86' lang='lat' dir='ltr'>quem</span> <span class='ocrx_word' id='word_1_129' title='bbox 803 1924 869 1977; x_wconf 89' lang='lat' dir='ltr'>dum</span> <span class='ocrx_word' id='word_1_130' title='bbox 897 1922 1069 1977; x_wconf 88' lang='lat' dir='ltr'>haereticum</span> <span class='ocrx_word' id='word_1_131' title='bbox 1094 1926 1206 1990; x_wconf 86' lang='lat' dir='ltr'>vocant,</span> <span class='ocrx_word' id='word_1_132' title='bbox 1235 1941 1268 1978; x_wconf 89' lang='lat' dir='ltr'>se</span> <span class='ocrx_word' id='word_1_133' title='bbox 1292 1925 1362 1996; x_wconf 70' lang='lat' dir='ltr'>ipsis</span> <span class='ocrx_word' id='word_1_134' title='bbox 1381 1924 1551 1981; x_wconf 78' lang='lat' dir='ltr'>contrariam</span> 
     </span>
     <span class='ocr_line' id='line_1_16' title="bbox 261 2008 1552 2080; baseline 0 -14"><span class='ocrx_word' id='word_1_135' title='bbox 261 2011 414 2066; x_wconf 89' lang='lat' dir='ltr'>catholicas</span> <span class='ocrx_word' id='word_1_136' title='bbox 433 2010 498 2065; x_wconf 87' lang='lat' dir='ltr'>fidei</span> <span class='ocrx_word' id='word_1_137' title='bbox 516 2009 672 2065; x_wconf 77' lang='lat' dir='ltr'>doctrinam</span> <span class='ocrx_word' id='word_1_138' title='bbox 690 2009 763 2063; x_wconf 88' lang='lat' dir='ltr'>tueri</span> <span class='ocrx_word' id='word_1_139' title='bbox 780 2008 911 2078; x_wconf 88' lang='lat' dir='ltr'>produnt.</span> <span class='ocrx_word' id='word_1_140' title='bbox 946 2008 1044 2077; x_wconf 84' lang='lat' dir='ltr'>Neque</span> <span class='ocrx_word' id='word_1_141' title='bbox 1063 2008 1110 2063; x_wconf 92' lang='lat' dir='ltr'>alii</span> <span class='ocrx_word' id='word_1_142' title='bbox 1127 2009 1214 2079; x_wconf 86' lang='lat' dir='ltr'>legati</span> <span class='ocrx_word' id='word_1_143' title='bbox 1234 2009 1378 2080; x_wconf 83' lang='lat' dir='ltr'>proxime</span> <span class='ocrx_word' id='word_1_144' title='bbox 1399 2009 1552 2071; x_wconf 83' lang='lat' dir='ltr'>memorali,</span> 
     </span>
     <span class='ocr_line' id='line_1_17' title="bbox 261 2093 1550 2164; baseline 0.001 -16"><span class='ocrx_word' id='word_1_145' title='bbox 261 2095 313 2149; x_wconf 91' lang='lat' dir='ltr'>nisi</span> <span class='ocrx_word' id='word_1_146' title='bbox 331 2095 379 2164; x_wconf 91' lang='lat' dir='ltr'>qni</span> <span class='ocrx_word' id='word_1_147' title='bbox 397 2095 540 2164; x_wconf 90' lang='lat' dir='ltr'>aliquanto</span> <span class='ocrx_word' id='word_1_148' title='bbox 559 2097 630 2164; x_wconf 86' lang='lat' dir='ltr'>post,</span> <span class='ocrx_word' id='word_1_149' title='bbox 649 2096 680 2147; x_wconf 91' lang='lat' dir='ltr'>ut</span> <span class='ocrx_word' id='word_1_150' title='bbox 697 2094 725 2147; x_wconf 92' lang='lat' dir='ltr'>iu</span> <span class='ocrx_word' id='word_1_151' title='bbox 742 2094 845 2148; x_wconf 89' lang='lat' dir='ltr'>notitia</span> <span class='ocrx_word' id='word_1_152' title='bbox 863 2093 1042 2162; x_wconf 88' lang='lat' dir='ltr'>epistolarum</span> <span class='ocrx_word' id='word_1_153' title='bbox 1060 2111 1115 2147; x_wconf 90' lang='lat' dir='ltr'>uon</span> <span class='ocrx_word' id='word_1_154' title='bbox 1134 2093 1312 2147; x_wconf 84' lang='lat' dir='ltr'>exstantium</span> <span class='ocrx_word' id='word_1_155' title='bbox 1327 2094 1475 2149; x_wconf 79' lang='lat' dir='ltr'>Felicisll</span> <span class='ocrx_word' id='word_1_156' title='bbox 1493 2102 1550 2149; x_wconf 83' lang='lat' dir='ltr'>ull</span> 
     </span>
     <span class='ocr_line' id='line_1_18' title="bbox 262 2178 1551 2248; baseline 0 -13"><span class='ocrx_word' id='word_1_157' title='bbox 262 2179 481 2241; x_wconf 82' lang='lat' dir='ltr'>observavimus,</span> <span class='ocrx_word' id='word_1_158' title='bbox 504 2198 521 2233; x_wconf 90' lang='lat' dir='ltr'>a</span> <span class='ocrx_word' id='word_1_159' title='bbox 539 2180 622 2233; x_wconf 89' lang='lat' dir='ltr'>Petro</span> <span class='ocrx_word' id='word_1_160' title='bbox 640 2179 744 2248; x_wconf 82' lang='lat' dir='ltr'>Mongo</span> <span class='ocrx_word' id='word_1_161' title='bbox 766 2180 795 2232; x_wconf 91' lang='lat' dir='ltr'>in</span> <span class='ocrx_word' id='word_1_162' title='bbox 817 2179 908 2233; x_wconf 90' lang='lat' dir='ltr'>locum</span> <span class='ocrx_word' id='word_1_163' title='bbox 926 2178 1061 2232; x_wconf 78' lang='lat' dir='ltr'>lobannis</span> <span class='ocrx_word' id='word_1_164' title='bbox 1079 2178 1195 2231; x_wconf 87' lang='lat' dir='ltr'>suffecto</span> <span class='ocrx_word' id='word_1_165' title='bbox 1219 2178 1301 2232; x_wconf 85' lang='lat' dir='ltr'>missi</span> <span class='ocrx_word' id='word_1_166' title='bbox 1322 2180 1456 2235; x_wconf 82' lang='lat' dir='ltr'>Romam</span> <span class='ocrx_word' id='word_1_167' title='bbox 1478 2196 1551 2235; x_wconf 71' lang='lat' dir='ltr'>reue</span> 
     </span>
     <span class='ocr_line' id='line_1_19' title="bbox 261 2261 1551 2335; baseline 0.001 -17"><span class='ocrx_word' id='word_1_168' title='bbox 261 2267 334 2331; x_wconf 92' lang='lat' dir='ltr'>runt,</span> <span class='ocrx_word' id='word_1_169' title='bbox 353 2274 384 2318; x_wconf 85' lang='lat' dir='ltr'>ut·</span> <span class='ocrx_word' id='word_1_170' title='bbox 401 2265 486 2333; x_wconf 89' lang='lat' dir='ltr'>ipsius</span> <span class='ocrx_word' id='word_1_171' title='bbox 504 2263 598 2331; x_wconf 74' lang='lat' dir='ltr'>Mougi</span> <span class='ocrx_word' id='word_1_172' title='bbox 616 2263 826 2333; x_wconf 86' lang='lat' dir='ltr'>usurpationem</span> <span class='ocrx_word' id='word_1_173' title='bbox 850 2263 1020 2333; x_wconf 89' lang='lat' dir='ltr'>apostolicae</span> <span class='ocrx_word' id='word_1_174' title='bbox 1043 2261 1116 2317; x_wconf 89' lang='lat' dir='ltr'>sedis</span> <span class='ocrx_word' id='word_1_175' title='bbox 1136 2262 1316 2318; x_wconf 82' lang='lat' dir='ltr'>auctoritate</span> <span class='ocrx_word' id='word_1_176' title='bbox 1340 2265 1458 2321; x_wconf 83' lang='lat' dir='ltr'>firmari</span> <span class='ocrx_word' id='word_1_177' title='bbox 1480 2269 1551 2335; x_wconf 69' lang='lat' dir='ltr'>pete</span> 
     </span>
     <span class='ocr_line' id='line_1_20' title="bbox 262 2347 1553 2420; baseline 0.003 -18"><span class='ocrx_word' id='word_1_178' title='bbox 262 2352 332 2403; x_wconf 89' lang='lat' dir='ltr'>rent.</span> <span class='ocrx_word' id='word_1_179' title='bbox 362 2349 475 2402; x_wconf 88' lang='lat' dir='ltr'>Minime</span> <span class='ocrx_word' id='word_1_180' title='bbox 494 2352 588 2402; x_wconf 90' lang='lat' dir='ltr'>autem</span> <span class='ocrx_word' id='word_1_181' title='bbox 607 2348 708 2402; x_wconf 90' lang='lat' dir='ltr'>mirum</span> <span class='ocrx_word' id='word_1_182' title='bbox 726 2350 770 2402; x_wconf 90' lang='lat' dir='ltr'>est</span> <span class='ocrx_word' id='word_1_183' title='bbox 787 2348 920 2402; x_wconf 90' lang='lat' dir='ltr'>haeretici</span> <span class='ocrx_word' id='word_1_184' title='bbox 935 2348 996 2416; x_wconf 90' lang='lat' dir='ltr'>jam</span> <span class='ocrx_word' id='word_1_185' title='bbox 1013 2347 1096 2401; x_wconf 89' lang='lat' dir='ltr'>toties</span> <span class='ocrx_word' id='word_1_186' title='bbox 1117 2347 1247 2402; x_wconf 88' lang='lat' dir='ltr'>damnati</span> <span class='ocrx_word' id='word_1_187' title='bbox 1265 2349 1390 2419; x_wconf 83' lang='lat' dir='ltr'>legatos</span> <span class='ocrx_word' id='word_1_188' title='bbox 1409 2367 1505 2420; x_wconf 82' lang='lat' dir='ltr'>neque</span> <span class='ocrx_word' id='word_1_189' title='bbox 1521 2349 1553 2405; x_wconf 75' lang='lat' dir='ltr'>sd</span> 
     </span>
     <span class='ocr_line' id='line_1_21' title="bbox 262 2431 1553 2503; baseline 0.002 -16"><span class='ocrx_word' id='word_1_190' title='bbox 262 2432 436 2488; x_wconf 83' lang='lat' dir='ltr'>salutationis</span> <span class='ocrx_word' id='word_1_191' title='bbox 459 2433 580 2487; x_wconf 83' lang='lat' dir='ltr'>officium</span> <span class='ocrx_word' id='word_1_192' title='bbox 603 2432 739 2486; x_wconf 88' lang='lat' dir='ltr'>admissos</span> <span class='ocrx_word' id='word_1_193' title='bbox 762 2449 829 2487; x_wconf 91' lang='lat' dir='ltr'>esse.</span> <span class='ocrx_word' id='word_1_194' title='bbox 868 2432 944 2486; x_wconf 84' lang='lat' dir='ltr'>Felix</span> <span class='ocrx_word' id='word_1_195' title='bbox 967 2433 1046 2501; x_wconf 85' lang='lat' dir='ltr'>epist.</span> <span class='ocrx_word' id='word_1_196' title='bbox 1061 2438 1077 2485; x_wconf 80' lang='grc'><strong>6</strong></span> <span class='ocrx_word' id='word_1_197' title='bbox 1094 2439 1149 2485; x_wconf 92' lang='lat' dir='ltr'>n.1</span> <span class='ocrx_word' id='word_1_198' title='bbox 1173 2431 1251 2487; x_wconf 84' lang='lat' dir='ltr'>iuter</span> <span class='ocrx_word' id='word_1_199' title='bbox 1269 2432 1377 2503; x_wconf 80' lang='lat' dir='ltr'>justas</span> <span class='ocrx_word' id='word_1_200' title='bbox 1403 2432 1553 2489; x_wconf 61' lang='lat' dir='ltr'>amandi</span> 
     </span>
     <span class='ocr_line' id='line_1_22' title="bbox 264 2516 1554 2587; baseline 0 -15"><span class='ocrx_word' id='word_1_201' title='bbox 264 2516 357 2572; x_wconf 83' lang='lat' dir='ltr'>Aeacii</span> <span class='ocrx_word' id='word_1_202' title='bbox 377 2534 473 2570; x_wconf 89' lang='lat' dir='ltr'>causas</span> <span class='ocrx_word' id='word_1_203' title='bbox 492 2518 564 2571; x_wconf 83' lang='lat' dir='ltr'>lianc</span> <span class='ocrx_word' id='word_1_204' title='bbox 581 2519 715 2578; x_wconf 88' lang='lat' dir='ltr'>recenset,</span> <span class='ocrx_word' id='word_1_205' title='bbox 734 2517 809 2585; x_wconf 91' lang='lat' dir='ltr'>quod</span> <span class='ocrx_word' id='word_1_206' title='bbox 826 2517 851 2570; x_wconf 92' lang='lat' dir='ltr'>ei</span> <span class='ocrx_word' id='word_1_207' title='bbox 869 2517 952 2585; x_wconf 81' lang='lat' dir='ltr'>hujm</span> <span class='ocrx_word' id='word_1_208' title='bbox 969 2516 1055 2587; x_wconf 90' lang='lat' dir='ltr'>ipsius</span> <span class='ocrx_word' id='word_1_209' title='bbox 1069 2522 1143 2570; x_wconf 78' lang='lat' dir='ltr'>Petri</span> <span class='ocrx_word' id='word_1_210' title='bbox 1157 2527 1237 2586; x_wconf 76' lang='lat' dir='ltr'>prato</span> <span class='ocrx_word' id='word_1_211' title='bbox 1252 2538 1382 2586; x_wconf 77' lang='lat' dir='ltr'>persona</span> <span class='ocrx_word' id='word_1_212' title='bbox 1402 2531 1432 2572; x_wconf 78' lang='lat' dir='ltr'>et</span> <span class='ocrx_word' id='word_1_213' title='bbox 1449 2524 1554 2573; x_wconf 57' lang='lat' dir='ltr'>marra</span> 
     </span>
     <span class='ocr_line' id='line_1_23' title="bbox 263 2600 1594 2671; baseline 0.001 -15"><span class='ocrx_word' id='word_1_214' title='bbox 263 2608 321 2669; x_wconf 80' lang='lat' dir='ltr'>ejus</span> <span class='ocrx_word' id='word_1_215' title='bbox 338 2608 439 2669; x_wconf 74' lang='lat' dir='ltr'>accepti</span> <span class='ocrx_word' id='word_1_216' title='bbox 455 2608 517 2662; x_wconf 81' lang='lat' dir='ltr'>siut,</span> <span class='ocrx_word' id='word_1_217' title='bbox 534 2616 566 2655; x_wconf 76' lang='lat' dir='ltr'>et</span> <span class='ocrx_word' id='word_1_218' title='bbox 584 2608 767 2669; x_wconf 73' lang='lat' dir='ltr'>apocrisiaria-s</span> <span class='ocrx_word' id='word_1_219' title='bbox 791 2609 848 2669; x_wconf 83' lang='lat' dir='ltr'>ejus</span> <span class='ocrx_word' id='word_1_220' title='bbox 870 2606 1006 2667; x_wconf 75' lang='lat' dir='ltr'>confovere</span> <span class='ocrx_word' id='word_1_221' title='bbox 1029 2600 1266 2671; x_wconf 77' lang='lat' dir='ltr'>deprehendatur.</span> <span class='ocrx_word' id='word_1_222' title='bbox 1308 2602 1461 2668; x_wconf 76' lang='lat' dir='ltr'>Quocirca</span> <span class='ocrx_word' id='word_1_223' title='bbox 1483 2602 1551 2657; x_wconf 77' lang='lat' dir='ltr'>iden</span> <span class='ocrx_word' id='word_1_224' title='bbox 1592 2646 1594 2667; x_wconf 78' lang='lat'>,</span> 
     </span>
     <span class='ocr_line' id='line_1_24' title="bbox 263 2685 1594 2756; baseline 0.002 -16"><span class='ocrx_word' id='word_1_225' title='bbox 263 2703 339 2756; x_wconf 88' lang='lat' dir='ltr'>papa</span> <span class='ocrx_word' id='word_1_226' title='bbox 356 2687 436 2754; x_wconf 89' lang='lat' dir='ltr'>epist.</span> <span class='ocrx_word' id='word_1_227' title='bbox 453 2692 484 2738; x_wconf 71' lang='lat' dir='ltr'>lt</span> <span class='ocrx_word' id='word_1_228' title='bbox 502 2693 557 2738; x_wconf 78' lang='lat' dir='ltr'>nb</span> <span class='ocrx_word' id='word_1_229' title='bbox 576 2687 628 2739; x_wconf 90' lang='lat' dir='ltr'>hoe</span> <span class='ocrx_word' id='word_1_230' title='bbox 645 2686 770 2740; x_wconf 86' lang='lat' dir='ltr'>Flavitae</span> <span class='ocrx_word' id='word_1_231' title='bbox 793 2685 958 2740; x_wconf 90' lang='lat' dir='ltr'>nominatim</span> <span class='ocrx_word' id='word_1_232' title='bbox 980 2686 1129 2756; x_wconf 85' lang='lat' dir='ltr'>praecipit:</span> <span class='ocrx_word' id='word_1_233' title='bbox 1154 2691 1208 2740; x_wconf 75' lang='lat' dir='ltr'>,t&#39;ec</span> <span class='ocrx_word' id='word_1_234' title='bbox 1226 2693 1426 2756; x_wconf 69' lang='lat' dir='ltr'>apocr-armas</span> <span class='ocrx_word' id='word_1_235' title='bbox 1444 2693 1553 2742; x_wconf 68' lang='lat' dir='ltr'>damari</span> <span class='ocrx_word' id='word_1_236' title='bbox 1592 2686 1594 2691; x_wconf 80' lang='lat'>&#39;</span> 
     </span>
     <span class='ocr_line' id='line_1_25' title="bbox 264 2769 1550 2842; baseline 0.002 -18"><span class='ocrx_word' id='word_1_237' title='bbox 264 2776 339 2825; x_wconf 77' lang='lat' dir='ltr'>Pari</span> <span class='ocrx_word' id='word_1_238' title='bbox 355 2777 502 2823; x_wconf 81' lang='lat' dir='ltr'>rnisccarmrr</span> <span class='ocrx_word' id='word_1_239' title='bbox 519 2783 564 2824; x_wconf 73' lang='lat' dir='ltr'>arat</span> <span class='ocrx_word' id='word_1_240' title='bbox 581 2777 682 2825; x_wconf 77' lang='lat' dir='ltr'>litteris.</span> <span class='ocrx_word' id='word_1_241' title='bbox 713 2769 774 2835; x_wconf 82' lang='lat' dir='ltr'>Qua</span> <span class='ocrx_word' id='word_1_242' title='bbox 790 2770 818 2824; x_wconf 86' lang='lat' dir='ltr'>in</span> <span class='ocrx_word' id='word_1_243' title='bbox 835 2788 865 2825; x_wconf 88' lang='lat' dir='ltr'>re</span> <span class='ocrx_word' id='word_1_244' title='bbox 878 2771 955 2825; x_wconf 82' lang='lat' dir='ltr'>Felix</span> <span class='ocrx_word' id='word_1_245' title='bbox 973 2786 1079 2824; x_wconf 82' lang='lat' dir='ltr'>morem</span> <span class='ocrx_word' id='word_1_246' title='bbox 1097 2771 1185 2839; x_wconf 76' lang='lat' dir='ltr'>gessit</span> <span class='ocrx_word' id='word_1_247' title='bbox 1202 2771 1325 2826; x_wconf 76' lang='lat' dir='ltr'>monitis</span> <span class='ocrx_word' id='word_1_248' title='bbox 1345 2771 1441 2842; x_wconf 72' lang='lat' dir='ltr'>ipsius</span> <span class='ocrx_word' id='word_1_249' title='bbox 1453 2770 1550 2834; x_wconf 75' lang='lat' dir='ltr'>Asadi</span> 
     </span>
     <span class='ocr_line' id='line_1_26' title="bbox 265 2855 1550 2926; baseline 0.002 -18"><span class='ocrx_word' id='word_1_250' title='bbox 265 2855 321 2924; x_wconf 90' lang='lat' dir='ltr'>qui,</span> <span class='ocrx_word' id='word_1_251' title='bbox 339 2855 370 2908; x_wconf 89' lang='lat' dir='ltr'>ut</span> <span class='ocrx_word' id='word_1_252' title='bbox 388 2855 463 2924; x_wconf 88' lang='lat' dir='ltr'>apud</span> <span class='ocrx_word' id='word_1_253' title='bbox 483 2855 625 2910; x_wconf 87' lang='lat' dir='ltr'>Gelasium</span> <span class='ocrx_word' id='word_1_254' title='bbox 643 2856 749 2909; x_wconf 86' lang='lat' dir='ltr'>tracti</span> <span class='ocrx_word' id='word_1_255' title='bbox 768 2874 794 2908; x_wconf 92' lang='lat' dir='ltr'>n.</span> <span class='ocrx_word' id='word_1_256' title='bbox 814 2864 843 2908; x_wconf 66' lang='grc' dir='ltr'>ι’.)</span> <span class='ocrx_word' id='word_1_257' title='bbox 867 2860 895 2910; x_wconf 90' lang='lat' dir='ltr'>et</span> <span class='ocrx_word' id='word_1_258' title='bbox 917 2856 992 2926; x_wconf 89' lang='lat' dir='ltr'>apud</span> <span class='ocrx_word' id='word_1_259' title='bbox 1009 2856 1171 2911; x_wconf 87' lang='lat' dir='ltr'>Liberatum</span> <span class='ocrx_word' id='word_1_260' title='bbox 1189 2872 1213 2909; x_wconf 87' lang='lat' dir='ltr'>c.</span> <span class='ocrx_word' id='word_1_261' title='bbox 1230 2861 1262 2909; x_wconf 84' lang='lat'>18</span> <span class='ocrx_word' id='word_1_262' title='bbox 1282 2860 1442 2924; x_wconf 85' lang='lat' dir='ltr'>narratur,</span> <span class='ocrx_word' id='word_1_263' title='bbox 1466 2857 1502 2913; x_wconf 86' lang='lat' dir='ltr'>de</span> <span class='ocrx_word' id='word_1_264' title='bbox 1517 2857 1550 2911; x_wconf 81' lang='lat' dir='ltr'>al</span> 
     </span>
     <span class='ocr_line' id='line_1_27' title="bbox 263 2939 1549 3013; baseline 0.004 -19"><span class='ocrx_word' id='word_1_265' title='bbox 263 2944 325 2994; x_wconf 90' lang='lat' dir='ltr'>tero</span> <span class='ocrx_word' id='word_1_266' title='bbox 343 2939 435 3006; x_wconf 85' lang='lat' dir='ltr'>Petro,</span> <span class='ocrx_word' id='word_1_267' title='bbox 458 2940 505 3008; x_wconf 92' lang='lat' dir='ltr'>qui</span> <span class='ocrx_word' id='word_1_268' title='bbox 524 2939 552 2993; x_wconf 90' lang='lat' dir='ltr'>in</span> <span class='ocrx_word' id='word_1_269' title='bbox 570 2940 771 2994; x_wconf 80' lang='lat' dir='ltr'>Antiochenam</span> <span class='ocrx_word' id='word_1_270' title='bbox 789 2942 883 2996; x_wconf 90' lang='lat' dir='ltr'>sedem</span> <span class='ocrx_word' id='word_1_271' title='bbox 900 2942 1048 3007; x_wconf 85' lang='lat' dir='ltr'>invaserat,</span> <span class='ocrx_word' id='word_1_272' title='bbox 1072 2942 1102 2995; x_wconf 90' lang='lat' dir='ltr'>et</span> <span class='ocrx_word' id='word_1_273' title='bbox 1123 2939 1158 2994; x_wconf 89' lang='lat' dir='ltr'>de</span> <span class='ocrx_word' id='word_1_274' title='bbox 1177 2940 1307 3009; x_wconf 87' lang='lat' dir='ltr'>quodam</span> <span class='ocrx_word' id='word_1_275' title='bbox 1327 2942 1466 2998; x_wconf 73' lang='lat' dir='ltr'>iohanne</span> <span class='ocrx_word' id='word_1_276' title='bbox 1483 2945 1549 3013; x_wconf 67' lang='lat' dir='ltr'>Aps</span> 
     </span>
     <span class='ocr_line' id='line_1_28' title="bbox 265 3023 1594 3098; baseline 0.003 -20"><span class='ocrx_word' id='word_1_277' title='bbox 265 3024 352 3079; x_wconf 91' lang='lat' dir='ltr'>menis</span> <span class='ocrx_word' id='word_1_278' title='bbox 371 3023 499 3078; x_wconf 88' lang='lat' dir='ltr'>ordinato</span> <span class='ocrx_word' id='word_1_279' title='bbox 518 3025 554 3079; x_wconf 86' lang='lat' dir='ltr'>ad</span> <span class='ocrx_word' id='word_1_280' title='bbox 567 3023 739 3094; x_wconf 86' lang='lat' dir='ltr'>Simplicium</span> <span class='ocrx_word' id='word_1_281' title='bbox 757 3026 889 3091; x_wconf 89' lang='lat' dir='ltr'>scribens,</span> <span class='ocrx_word' id='word_1_282' title='bbox 907 3043 1009 3095; x_wconf 88' lang='lat' dir='ltr'>eosque</span> <span class='ocrx_word' id='word_1_283' title='bbox 1027 3026 1129 3080; x_wconf 88' lang='lat' dir='ltr'>iterum</span> <span class='ocrx_word' id='word_1_284' title='bbox 1147 3024 1301 3079; x_wconf 77' lang='lat' dir='ltr'>damnatos</span> <span class='ocrx_word' id='word_1_285' title='bbox 1315 3026 1467 3093; x_wconf 79' lang='lat' dir='ltr'>nuntians,</span> <span class='ocrx_word' id='word_1_286' title='bbox 1483 3026 1550 3098; x_wconf 79' lang='lat' dir='ltr'>petit</span> <span class='ocrx_word' id='word_1_287' title='bbox 1592 3070 1594 3083; x_wconf 91' lang='lat'><em>.</em></span> 
     </span>
     <span class='ocr_line' id='line_1_29' title="bbox 265 3114 1425 3179; baseline 0.003 -15"><span class='ocrx_word' id='word_1_288' title='bbox 265 3115 297 3164; x_wconf 84' lang='lat' dir='ltr'>ab</span> <span class='ocrx_word' id='word_1_289' title='bbox 315 3117 457 3179; x_wconf 78' lang='lat' dir='ltr'>apostolica</span> <span class='ocrx_word' id='word_1_290' title='bbox 474 3116 544 3170; x_wconf 79' lang='lat' dir='ltr'>sede,</span> <span class='ocrx_word' id='word_1_291' title='bbox 563 3114 714 3173; x_wconf 73' lang='lat' dir='ltr'>atriferis</span> <span class='ocrx_word' id='word_1_292' title='bbox 733 3116 769 3163; x_wconf 83' lang='lat' dir='ltr'>ad</span> <span class='ocrx_word' id='word_1_293' title='bbox 786 3131 839 3164; x_wconf 81' lang='lat' dir='ltr'>earn</span> <span class='ocrx_word' id='word_1_294' title='bbox 857 3116 1031 3179; x_wconf 71' lang='lat' dir='ltr'>confrrpereal,</span> <span class='ocrx_word' id='word_1_295' title='bbox 1052 3131 1098 3165; x_wconf 84' lang='lat' dir='ltr'>nec</span> <span class='ocrx_word' id='word_1_296' title='bbox 1115 3117 1167 3164; x_wconf 82' lang='lat' dir='ltr'>nisu</span> <span class='ocrx_word' id='word_1_297' title='bbox 1185 3116 1279 3179; x_wconf 74' lang='lat' dir='ltr'>dipnoa</span> <span class='ocrx_word' id='word_1_298' title='bbox 1299 3116 1425 3167; x_wconf 73' lang='lat' dir='ltr'>haberet.</span> 
     </span>
    </p>

    <p class='ocr_par' dir='ltr' id='par_1_6' title="bbox 264 3193 1555 4520">
     <span class='ocr_line' id='line_1_30' title="bbox 332 3193 1548 3266; baseline 0.001 -18"><span class='ocrx_word' id='word_1_299' title='bbox 332 3199 353 3264; x_wconf 76' lang='grc' dir='ltr'>Ι’)</span> <span class='ocrx_word' id='word_1_300' title='bbox 372 3195 448 3248; x_wconf 87' lang='lat' dir='ltr'>Haec</span> <span class='ocrx_word' id='word_1_301' title='bbox 466 3194 576 3247; x_wconf 89' lang='lat' dir='ltr'>Photini</span> <span class='ocrx_word' id='word_1_302' title='bbox 594 3193 698 3262; x_wconf 81' lang='lat' dir='ltr'>legatio</span> <span class='ocrx_word' id='word_1_303' title='bbox 717 3193 844 3247; x_wconf 86' lang='lat' dir='ltr'>absurdis</span> <span class='ocrx_word' id='word_1_304' title='bbox 861 3194 915 3248; x_wconf 88' lang='lat' dir='ltr'>illis</span> <span class='ocrx_word' id='word_1_305' title='bbox 933 3194 1096 3249; x_wconf 88' lang='lat' dir='ltr'>commentis</span> <span class='ocrx_word' id='word_1_306' title='bbox 1115 3193 1293 3249; x_wconf 73' lang='lat' dir='ltr'>occadonem</span> <span class='ocrx_word' id='word_1_307' title='bbox 1313 3195 1413 3264; x_wconf 85' lang='lat' dir='ltr'>dedit,</span> <span class='ocrx_word' id='word_1_308' title='bbox 1433 3196 1548 3266; x_wconf 81' lang='lat' dir='ltr'>quaein</span> 
     </span>
     <span class='ocr_line' id='line_1_31' title="bbox 264 3278 1547 3349; baseline 0.002 -16"><span class='ocrx_word' id='word_1_309' title='bbox 264 3280 337 3334; x_wconf 92' lang='lat' dir='ltr'>libro</span> <span class='ocrx_word' id='word_1_310' title='bbox 356 3280 389 3334; x_wconf 89' lang='lat' dir='ltr'>de</span> <span class='ocrx_word' id='word_1_311' title='bbox 408 3280 493 3348; x_wconf 78' lang='lat' dir='ltr'>gestis</span> <span class='ocrx_word' id='word_1_312' title='bbox 510 3278 673 3348; x_wconf 89' lang='lat' dir='ltr'>pontificum</span> <span class='ocrx_word' id='word_1_313' title='bbox 690 3279 731 3332; x_wconf 86' lang='lat' dir='ltr'>ita</span> <span class='ocrx_word' id='word_1_314' title='bbox 749 3280 890 3347; x_wconf 83' lang='lat' dir='ltr'>leguntur:</span> <span class='ocrx_word' id='word_1_315' title='bbox 909 3287 977 3333; x_wconf 70' lang='lat' dir='ltr'>aculei</span> <span class='ocrx_word' id='word_1_316' title='bbox 993 3287 1081 3333; x_wconf 79' lang='lat' dir='ltr'>clerici</span> <span class='ocrx_word' id='word_1_317' title='bbox 1097 3291 1121 3333; x_wconf 80' lang='lat' dir='ltr'>ee</span> <span class='ocrx_word' id='word_1_318' title='bbox 1138 3282 1364 3349; x_wconf 69' lang='lat' dir='ltr'>presbyterissae</span> <span class='ocrx_word' id='word_1_319' title='bbox 1378 3289 1547 3337; x_wconf 64' lang='lat' dir='ltr'>commone</span> 
     </span>
     <span class='ocr_line' id='line_1_32' title="bbox 266 3370 1551 3436; baseline 0.002 -18"><span class='ocrx_word' id='word_1_320' title='bbox 266 3372 345 3434; x_wconf 79' lang='lat' dir='ltr'>ipsius</span> <span class='ocrx_word' id='word_1_321' title='bbox 364 3370 498 3418; x_wconf 77' lang='lat' dir='ltr'>Anrralasr&#39;i</span> <span class='ocrx_word' id='word_1_322' title='bbox 518 3376 700 3429; x_wconf 75' lang='lat' dir='ltr'>retraxerunt,</span> <span class='ocrx_word' id='word_1_323' title='bbox 723 3385 753 3417; x_wconf 88' lang='lat' dir='ltr'>co</span> <span class='ocrx_word' id='word_1_324' title='bbox 777 3371 845 3433; x_wconf 83' lang='lat' dir='ltr'>quod</span> <span class='ocrx_word' id='word_1_325' title='bbox 866 3371 1070 3418; x_wconf 79' lang='lat' dir='ltr'>cnmrnnnr&#39;cusset</span> <span class='ocrx_word' id='word_1_326' title='bbox 1091 3371 1146 3425; x_wconf 77' lang='lat' dir='ltr'>aine</span> <span class='ocrx_word' id='word_1_327' title='bbox 1169 3370 1278 3418; x_wconf 76' lang='lat' dir='ltr'>coasilio</span> <span class='ocrx_word' id='word_1_328' title='bbox 1303 3371 1493 3436; x_wconf 75' lang='lat' dir='ltr'>episcopam</span> <span class='ocrx_word' id='word_1_329' title='bbox 1516 3374 1551 3421; x_wconf 78' lang='lat' dir='ltr'>set</span> 
     </span>
     <span class='ocr_line' id='line_1_33' title="bbox 264 3440 1550 3518; baseline 0.004 -16"><span class='ocrx_word' id='word_1_330' title='bbox 264 3455 471 3518; x_wconf 70' lang='lat' dir='ltr'>presbyterorum</span> <span class='ocrx_word' id='word_1_331' title='bbox 490 3455 608 3503; x_wconf 74' lang='lat' dir='ltr'>veteteri</span> <span class='ocrx_word' id='word_1_332' title='bbox 629 3460 733 3502; x_wconf 70' lang='lat' dir='ltr'>cornetae</span> <span class='ocrx_word' id='word_1_333' title='bbox 753 3440 884 3503; x_wconf 69' lang='lat' dir='ltr'>Edclesioe</span> <span class='ocrx_word' id='word_1_334' title='bbox 902 3454 1042 3503; x_wconf 73' lang='lat' dir='ltr'>catholicae</span> <span class='ocrx_word' id='word_1_335' title='bbox 1065 3455 1172 3503; x_wconf 81' lang='lat' dir='ltr'>diacono</span> <span class='ocrx_word' id='word_1_336' title='bbox 1195 3452 1433 3505; x_wconf 68' lang='lat' dir='ltr'>Thes-salonicensi</span> <span class='ocrx_word' id='word_1_337' title='bbox 1459 3458 1550 3507; x_wconf 60' lang='grc' dir='ltr'>ποιεῖν</span> 
     </span>
     <span class='ocr_line' id='line_1_34' title="bbox 268 3538 1551 3608; baseline 0.005 -21"><span class='ocrx_word' id='word_1_338' title='bbox 268 3540 376 3588; x_wconf 79' lang='lat' dir='ltr'>Plotina</span> <span class='ocrx_word' id='word_1_339' title='bbox 396 3538 468 3608; x_wconf 72' lang='lat' dir='ltr'>(pisa.</span> <span class='ocrx_word' id='word_1_340' title='bbox 490 3538 603 3599; x_wconf 74' lang='lat' dir='ltr'>Plotio),</span> <span class='ocrx_word' id='word_1_341' title='bbox 628 3540 671 3603; x_wconf 80' lang='lat' dir='ltr'>qui</span> <span class='ocrx_word' id='word_1_342' title='bbox 687 3540 864 3587; x_wconf 70' lang='lat' dir='ltr'>contraditionis</span> <span class='ocrx_word' id='word_1_343' title='bbox 882 3547 939 3587; x_wconf 80' lang='lat' dir='ltr'>erut</span> <span class='ocrx_word' id='word_1_344' title='bbox 957 3539 1061 3589; x_wconf 43' lang='lat' dir='ltr'>ulcerosi,</span> <span class='ocrx_word' id='word_1_345' title='bbox 1085 3539 1186 3602; x_wconf 81' lang='lat' dir='ltr'>etquis</span> <span class='ocrx_word' id='word_1_346' title='bbox 1205 3540 1307 3588; x_wconf 72' lang='lat' dir='ltr'>orviette</span> <span class='ocrx_word' id='word_1_347' title='bbox 1326 3543 1412 3590; x_wconf 71' lang='lat' dir='ltr'>volarit</span> <span class='ocrx_word' id='word_1_348' title='bbox 1431 3556 1551 3593; x_wconf 71' lang='lat' dir='ltr'>renem</span> 
     </span>
     <span class='ocr_line' id='line_1_35' title="bbox 268 3616 1550 3685; baseline 0.002 -12"><span class='ocrx_word' id='word_1_349' title='bbox 268 3625 389 3673; x_wconf 79' lang='lat' dir='ltr'>Acacium</span> <span class='ocrx_word' id='word_1_350' title='bbox 408 3631 432 3671; x_wconf 78' lang='lat' dir='ltr'>et</span> <span class='ocrx_word' id='word_1_351' title='bbox 451 3640 500 3671; x_wconf 81' lang='lat' dir='ltr'>nori</span> <span class='ocrx_word' id='word_1_352' title='bbox 517 3624 607 3685; x_wconf 76' lang='lat' dir='ltr'>poterit.</span> <span class='ocrx_word' id='word_1_353' title='bbox 645 3617 705 3681; x_wconf 80' lang='lat' dir='ltr'>Qua</span> <span class='ocrx_word' id='word_1_354' title='bbox 723 3620 817 3673; x_wconf 77' lang='lat' dir='ltr'>autem</span> <span class='ocrx_word' id='word_1_355' title='bbox 836 3618 889 3670; x_wconf 86' lang='lat' dir='ltr'>fide</span> <span class='ocrx_word' id='word_1_356' title='bbox 907 3623 1082 3672; x_wconf 81' lang='lat' dir='ltr'>communionis</span> <span class='ocrx_word' id='word_1_357' title='bbox 1100 3622 1192 3671; x_wconf 79' lang='lat' dir='ltr'>Aeacii</span> <span class='ocrx_word' id='word_1_358' title='bbox 1213 3616 1329 3673; x_wconf 80' lang='lat' dir='ltr'>dicatur</span> <span class='ocrx_word' id='word_1_359' title='bbox 1351 3618 1497 3677; x_wconf 66' lang='lat' dir='ltr'>diaeonus</span> <span class='ocrx_word' id='word_1_360' title='bbox 1517 3622 1550 3675; x_wconf 70' lang='lat' dir='ltr'>ab</span> 
     </span>
     <span class='ocr_line' id='line_1_36' title="bbox 267 3701 1550 3772; baseline 0.005 -16"><span class='ocrx_word' id='word_1_361' title='bbox 267 3703 379 3757; x_wconf 72' lang='lat' dir='ltr'>Audrm</span> <span class='ocrx_word' id='word_1_362' title='bbox 397 3702 433 3757; x_wconf 86' lang='lat' dir='ltr'>ad</span> <span class='ocrx_word' id='word_1_363' title='bbox 452 3702 635 3772; x_wconf 88' lang='lat' dir='ltr'>apostolicam</span> <span class='ocrx_word' id='word_1_364' title='bbox 653 3703 748 3756; x_wconf 89' lang='lat' dir='ltr'>sedem</span> <span class='ocrx_word' id='word_1_365' title='bbox 766 3702 871 3767; x_wconf 90' lang='lat' dir='ltr'>missus,</span> <span class='ocrx_word' id='word_1_366' title='bbox 889 3704 1038 3771; x_wconf 86' lang='lat' dir='ltr'>postquam</span> <span class='ocrx_word' id='word_1_367' title='bbox 1050 3702 1124 3757; x_wconf 91' lang='lat' dir='ltr'>idem</span> <span class='ocrx_word' id='word_1_368' title='bbox 1135 3701 1264 3756; x_wconf 84' lang='lat' dir='ltr'>Andreas</span> <span class='ocrx_word' id='word_1_369' title='bbox 1276 3703 1393 3759; x_wconf 79' lang='lat' dir='ltr'>Gelusii</span> <span class='ocrx_word' id='word_1_370' title='bbox 1411 3712 1447 3761; x_wconf 77' lang='lat' dir='ltr'>de</span> <span class='ocrx_word' id='word_1_371' title='bbox 1464 3726 1550 3761; x_wconf 64' lang='lat' dir='ltr'>esces</span> 
     </span>
     <span class='ocr_line' id='line_1_37' title="bbox 267 3786 1552 3862; baseline 0.002 -21"><span class='ocrx_word' id='word_1_372' title='bbox 267 3793 335 3842; x_wconf 75' lang='lat' dir='ltr'>ribus</span> <span class='ocrx_word' id='word_1_373' title='bbox 354 3793 445 3841; x_wconf 76' lang='lat' dir='ltr'>Aeacii</span> <span class='ocrx_word' id='word_1_374' title='bbox 463 3788 672 3857; x_wconf 87' lang='lat' dir='ltr'>comprobasset</span> <span class='ocrx_word' id='word_1_375' title='bbox 689 3788 810 3853; x_wconf 86' lang='lat' dir='ltr'>litteras,</span> <span class='ocrx_word' id='word_1_376' title='bbox 834 3804 935 3856; x_wconf 86' lang='lat' dir='ltr'>easque</span> <span class='ocrx_word' id='word_1_377' title='bbox 952 3787 982 3840; x_wconf 89' lang='lat' dir='ltr'>in</span> <span class='ocrx_word' id='word_1_378' title='bbox 1000 3787 1115 3842; x_wconf 86' lang='lat' dir='ltr'>ecclesia</span> <span class='ocrx_word' id='word_1_379' title='bbox 1132 3804 1182 3842; x_wconf 88' lang='lat' dir='ltr'>sua</span> <span class='ocrx_word' id='word_1_380' title='bbox 1199 3786 1317 3842; x_wconf 85' lang='lat' dir='ltr'>recitari</span> <span class='ocrx_word' id='word_1_381' title='bbox 1334 3791 1552 3862; x_wconf 79' lang='lat' dir='ltr'>praecepisset?</span> 
     </span>
     <span class='ocr_line' id='line_1_38' title="bbox 268 3871 1555 3944; baseline 0.005 -18"><span class='ocrx_word' id='word_1_382' title='bbox 268 3873 365 3941; x_wconf 89' lang='lat' dir='ltr'>Neque</span> <span class='ocrx_word' id='word_1_383' title='bbox 384 3872 474 3925; x_wconf 89' lang='lat' dir='ltr'>minus</span> <span class='ocrx_word' id='word_1_384' title='bbox 493 3872 643 3925; x_wconf 89' lang='lat' dir='ltr'>absurdum</span> <span class='ocrx_word' id='word_1_385' title='bbox 656 3889 714 3926; x_wconf 88' lang='lat' dir='ltr'>esse</span> <span class='ocrx_word' id='word_1_386' title='bbox 730 3873 792 3942; x_wconf 87' lang='lat' dir='ltr'>jum</span> <span class='ocrx_word' id='word_1_387' title='bbox 804 3872 949 3927; x_wconf 83' lang='lat' dir='ltr'>observavi</span> <span class='ocrx_word' id='word_1_388' title='bbox 962 3873 1014 3926; x_wconf 85' lang='lat' dir='ltr'>hoc</span> <span class='ocrx_word' id='word_1_389' title='bbox 1026 3871 1102 3926; x_wconf 87' lang='lat' dir='ltr'>aliud</span> <span class='ocrx_word' id='word_1_390' title='bbox 1114 3874 1316 3940; x_wconf 86' lang='lat' dir='ltr'>commentum,</span> <span class='ocrx_word' id='word_1_391' title='bbox 1334 3892 1399 3944; x_wconf 89' lang='lat' dir='ltr'>quo</span> <span class='ocrx_word' id='word_1_392' title='bbox 1412 3876 1555 3941; x_wconf 67' lang='lat' dir='ltr'>desdam,</span> 
     </span>
     <span class='ocr_line' id='line_1_39' title="bbox 270 3955 1554 4032; baseline 0.008 -24"><span class='ocrx_word' id='word_1_393' title='bbox 270 3955 316 4023; x_wconf 92' lang='lat' dir='ltr'>qui</span> <span class='ocrx_word' id='word_1_394' title='bbox 328 3955 427 4010; x_wconf 87' lang='lat' dir='ltr'>Felicis</span> <span class='ocrx_word' id='word_1_395' title='bbox 439 3957 463 4009; x_wconf 93' lang='lat' dir='ltr'>ll</span> <span class='ocrx_word' id='word_1_396' title='bbox 482 3955 655 4026; x_wconf 85' lang='lat' dir='ltr'>temporibus</span> <span class='ocrx_word' id='word_1_397' title='bbox 669 3957 731 4025; x_wconf 88' lang='lat' dir='ltr'>jam</span> <span class='ocrx_word' id='word_1_398' title='bbox 749 3957 865 4022; x_wconf 85' lang='lat' dir='ltr'>obierat,</span> <span class='ocrx_word' id='word_1_399' title='bbox 883 3957 1044 4012; x_wconf 81' lang='lat' dir='ltr'>Anastasius</span> <span class='ocrx_word' id='word_1_400' title='bbox 1061 3971 1191 4011; x_wconf 82' lang='lat' dir='ltr'>revocare</span> <span class='ocrx_word' id='word_1_401' title='bbox 1210 3956 1334 4014; x_wconf 84' lang='lat' dir='ltr'>voluisse</span> <span class='ocrx_word' id='word_1_402' title='bbox 1353 3961 1488 4032; x_wconf 77' lang='lat' dir='ltr'>tingitur.</span> <span class='ocrx_word' id='word_1_403' title='bbox 1516 3962 1554 4017; x_wconf 72' lang='lat' dir='ltr'>nx</span> 
     </span>
     <span class='ocr_line' id='line_1_40' title="bbox 267 4041 1553 4110; baseline 0.008 -16"><span class='ocrx_word' id='word_1_404' title='bbox 267 4041 321 4095; x_wconf 90' lang='lat' dir='ltr'>hoc</span> <span class='ocrx_word' id='word_1_405' title='bbox 339 4043 433 4095; x_wconf 89' lang='lat' dir='ltr'>autem</span> <span class='ocrx_word' id='word_1_406' title='bbox 450 4042 510 4096; x_wconf 86' lang='lat' dir='ltr'>loco</span> <span class='ocrx_word' id='word_1_407' title='bbox 529 4045 639 4110; x_wconf 88' lang='lat' dir='ltr'>tempus</span> <span class='ocrx_word' id='word_1_408' title='bbox 657 4041 809 4110; x_wconf 84' lang='lat' dir='ltr'>colligitur,</span> <span class='ocrx_word' id='word_1_409' title='bbox 837 4059 891 4110; x_wconf 92' lang='lat' dir='ltr'>quo</span> <span class='ocrx_word' id='word_1_410' title='bbox 914 4042 1023 4097; x_wconf 90' lang='lat' dir='ltr'>libellus</span> <span class='ocrx_word' id='word_1_411' title='bbox 1044 4041 1096 4095; x_wconf 89' lang='lat' dir='ltr'>iste</span> <span class='ocrx_word' id='word_1_412' title='bbox 1114 4041 1196 4095; x_wconf 86' lang='lat' dir='ltr'>dutus</span> <span class='ocrx_word' id='word_1_413' title='bbox 1213 4041 1277 4096; x_wconf 80' lang='lat' dir='ltr'>fuit.</span> <span class='ocrx_word' id='word_1_414' title='bbox 1315 4044 1461 4102; x_wconf 85' lang='lat' dir='ltr'>Nondum</span> <span class='ocrx_word' id='word_1_415' title='bbox 1482 4046 1553 4103; x_wconf 74' lang='lat' dir='ltr'>enin</span> 
     </span>
     <span class='ocr_line' id='line_1_41' title="bbox 269 4125 1554 4197; baseline 0.004 -18"><span class='ocrx_word' id='word_1_416' title='bbox 269 4127 388 4180; x_wconf 83' lang='lat' dir='ltr'>Romam</span> <span class='ocrx_word' id='word_1_417' title='bbox 406 4125 559 4181; x_wconf 81' lang='lat' dir='ltr'>advenerat</span> <span class='ocrx_word' id='word_1_418' title='bbox 577 4126 724 4192; x_wconf 88' lang='lat' dir='ltr'>Photinus,</span> <span class='ocrx_word' id='word_1_419' title='bbox 752 4145 837 4195; x_wconf 92' lang='lat' dir='ltr'>quum</span> <span class='ocrx_word' id='word_1_420' title='bbox 855 4127 1016 4180; x_wconf 84' lang='lat' dir='ltr'>Anastasius</span> <span class='ocrx_word' id='word_1_421' title='bbox 1033 4125 1204 4195; x_wconf 88' lang='lat' dir='ltr'>superiorem</span> <span class='ocrx_word' id='word_1_422' title='bbox 1222 4126 1414 4197; x_wconf 73' lang='lat' dir='ltr'>epnmnms</span> <span class='ocrx_word' id='word_1_423' title='bbox 1431 4131 1472 4187; x_wconf 80' lang='lat' dir='ltr'>ad</span> <span class='ocrx_word' id='word_1_424' title='bbox 1488 4132 1554 4187; x_wconf 74' lang='lat' dir='ltr'>hu</span> 
     </span>
     <span class='ocr_line' id='line_1_42' title="bbox 269 4211 1553 4289; baseline 0.005 -25"><span class='ocrx_word' id='word_1_425' title='bbox 269 4211 389 4266; x_wconf 86' lang='lat' dir='ltr'>rentium</span> <span class='ocrx_word' id='word_1_426' title='bbox 408 4212 526 4281; x_wconf 85' lang='lat' dir='ltr'>scripsit,</span> <span class='ocrx_word' id='word_1_427' title='bbox 546 4212 595 4265; x_wconf 85' lang='lat' dir='ltr'>sed</span> <span class='ocrx_word' id='word_1_428' title='bbox 612 4212 685 4264; x_wconf 90' lang='lat' dir='ltr'>hunc</span> <span class='ocrx_word' id='word_1_429' title='bbox 702 4215 810 4273; x_wconf 86' lang='lat' dir='ltr'>tamen,</span> <span class='ocrx_word' id='word_1_430' title='bbox 830 4217 860 4264; x_wconf 88' lang='lat' dir='ltr'>ut</span> <span class='ocrx_word' id='word_1_431' title='bbox 878 4219 980 4265; x_wconf 85' lang='lat' dir='ltr'>uum.3</span> <span class='ocrx_word' id='word_1_432' title='bbox 998 4211 1099 4277; x_wconf 88' lang='lat' dir='ltr'>innuit,</span> <span class='ocrx_word' id='word_1_433' title='bbox 1125 4211 1204 4265; x_wconf 79' lang='lat' dir='ltr'>brevi</span> <span class='ocrx_word' id='word_1_434' title='bbox 1226 4213 1388 4270; x_wconf 79' lang='lat' dir='ltr'>venturum</span> <span class='ocrx_word' id='word_1_435' title='bbox 1411 4218 1553 4289; x_wconf 59' lang='lat' dir='ltr'>speram</span> 
     </span>
     <span class='ocr_line' id='line_1_43' title="bbox 270 4294 1553 4366; baseline 0.005 -17"><span class='ocrx_word' id='word_1_436' title='bbox 270 4295 341 4350; x_wconf 88' lang='lat' dir='ltr'>Huic</span> <span class='ocrx_word' id='word_1_437' title='bbox 363 4295 448 4365; x_wconf 78' lang='lat' dir='ltr'>igitur</span> <span class='ocrx_word' id='word_1_438' title='bbox 470 4297 603 4366; x_wconf 88' lang='lat' dir='ltr'>tempori,</span> <span class='ocrx_word' id='word_1_439' title='bbox 631 4315 686 4364; x_wconf 91' lang='lat' dir='ltr'>quo</span> <span class='ocrx_word' id='word_1_440' title='bbox 705 4297 822 4350; x_wconf 86' lang='lat' dir='ltr'>ltornarn</span> <span class='ocrx_word' id='word_1_441' title='bbox 840 4296 981 4365; x_wconf 84' lang='lat' dir='ltr'>ingressus</span> <span class='ocrx_word' id='word_1_442' title='bbox 999 4298 1052 4362; x_wconf 88' lang='lat' dir='ltr'>est,</span> <span class='ocrx_word' id='word_1_443' title='bbox 1082 4294 1272 4365; x_wconf 83' lang='lat' dir='ltr'>adjiciendum</span> <span class='ocrx_word' id='word_1_444' title='bbox 1297 4300 1344 4353; x_wconf 84' lang='lat' dir='ltr'>est</span> <span class='ocrx_word' id='word_1_445' title='bbox 1362 4299 1553 4361; x_wconf 71' lang='lat' dir='ltr'>interi-allusu.</span> 
     </span>
     <span class='ocr_line' id='line_1_44' title="bbox 272 4379 1553 4457; baseline 0.005 -25"><span class='ocrx_word' id='word_1_446' title='bbox 272 4397 326 4446; x_wconf 94' lang='lat' dir='ltr'>quo</span> <span class='ocrx_word' id='word_1_447' title='bbox 345 4380 476 4449; x_wconf 82' lang='lat' dir='ltr'>delegata</span> <span class='ocrx_word' id='word_1_448' title='bbox 494 4382 607 4450; x_wconf 79' lang='lat' dir='ltr'>negotia</span> <span class='ocrx_word' id='word_1_449' title='bbox 625 4381 664 4434; x_wconf 90' lang='lat' dir='ltr'>ibi</span> <span class='ocrx_word' id='word_1_450' title='bbox 682 4398 831 4451; x_wconf 84' lang='lat' dir='ltr'>peragere,</span> <span class='ocrx_word' id='word_1_451' title='bbox 855 4380 1081 4435; x_wconf 84' lang='lat' dir='ltr'>Thessalonicam</span> <span class='ocrx_word' id='word_1_452' title='bbox 1102 4379 1205 4445; x_wconf 85' lang='lat' dir='ltr'>redire,</span> <span class='ocrx_word' id='word_1_453' title='bbox 1227 4379 1359 4451; x_wconf 86' lang='lat' dir='ltr'>indeque</span> <span class='ocrx_word' id='word_1_454' title='bbox 1385 4386 1427 4441; x_wconf 80' lang='lat' dir='ltr'>ud</span> <span class='ocrx_word' id='word_1_455' title='bbox 1449 4388 1553 4457; x_wconf 76' lang='lat' dir='ltr'>regiam</span> 
     </span>
     <span class='ocr_line' id='line_1_45' title="bbox 271 4465 704 4520; baseline 0.005 -3"><span class='ocrx_word' id='word_1_456' title='bbox 271 4465 368 4518; x_wconf 89' lang='lat' dir='ltr'>urbem</span> <span class='ocrx_word' id='word_1_457' title='bbox 388 4483 416 4518; x_wconf 89' lang='lat' dir='ltr'>sc</span> <span class='ocrx_word' id='word_1_458' title='bbox 436 4468 560 4520; x_wconf 89' lang='lat' dir='ltr'>conferre</span> <span class='ocrx_word' id='word_1_459' title='bbox 578 4467 704 4520; x_wconf 87' lang='lat' dir='ltr'>valuerit.</span> 
     </span>
    </p>

    <p class='ocr_par' dir='ltr' id='par_1_7' title="bbox 341 4549 1553 4629">
     <span class='ocr_line' id='line_1_46' title="bbox 341 4549 1553 4629; baseline 0.007 -28"><span class='ocrx_word' id='word_1_460' title='bbox 341 4552 370 4617; x_wconf 81' lang='lat'>¹⁰)</span> <span class='ocrx_word' id='word_1_461' title='bbox 389 4550 452 4603; x_wconf 75' lang='lat' dir='ltr'>‚lam</span> <span class='ocrx_word' id='word_1_462' title='bbox 470 4551 685 4617; x_wconf 82' lang='lat' dir='ltr'>observavimus,</span> <span class='ocrx_word' id='word_1_463' title='bbox 703 4552 739 4605; x_wconf 89' lang='lat' dir='ltr'>ad</span> <span class='ocrx_word' id='word_1_464' title='bbox 758 4553 830 4605; x_wconf 89' lang='lat' dir='ltr'>hunc</span> <span class='ocrx_word' id='word_1_465' title='bbox 848 4552 989 4607; x_wconf 79' lang='lat' dir='ltr'>Andream</span> <span class='ocrx_word' id='word_1_466' title='bbox 1007 4550 1140 4620; x_wconf 88' lang='lat' dir='ltr'>scriptam</span> <span class='ocrx_word' id='word_1_467' title='bbox 1157 4565 1217 4605; x_wconf 87' lang='lat' dir='ltr'>esse</span> <span class='ocrx_word' id='word_1_468' title='bbox 1235 4549 1344 4607; x_wconf 76' lang='lat' dir='ltr'>Felicis</span> <span class='ocrx_word' id='word_1_469' title='bbox 1364 4556 1395 4611; x_wconf 91' lang='lat'>11</span> <span class='ocrx_word' id='word_1_470' title='bbox 1418 4558 1502 4629; x_wconf 77' lang='lat' dir='ltr'>epist</span> <span class='ocrx_word' id='word_1_471' title='bbox 1516 4562 1553 4621; x_wconf 75' lang='lat'>1⁸,</span> 
     </span>
    </p>

    <p class='ocr_par' dir='ltr' id='par_1_8' title="bbox 203 4634 1553 4965">
     <span class='ocr_line' id='line_1_47' title="bbox 203 4634 1553 4706; baseline 0.007 -18"><span class='ocrx_word' id='word_1_472' title='bbox 203 4644 207 4653; x_wconf 92' lang='grc'><strong>“</strong></span> <span class='ocrx_word' id='word_1_473' title='bbox 273 4634 397 4703; x_wconf 85' lang='lat' dir='ltr'>adeoque</span> <span class='ocrx_word' id='word_1_474' title='bbox 416 4653 478 4688; x_wconf 92' lang='lat' dir='ltr'>eum</span> <span class='ocrx_word' id='word_1_475' title='bbox 497 4635 587 4705; x_wconf 92' lang='lat' dir='ltr'>ipsum</span> <span class='ocrx_word' id='word_1_476' title='bbox 605 4654 673 4697; x_wconf 87' lang='lat' dir='ltr'>esse,</span> <span class='ocrx_word' id='word_1_477' title='bbox 693 4655 775 4704; x_wconf 88' lang='lat' dir='ltr'>quem</span> <span class='ocrx_word' id='word_1_478' title='bbox 794 4637 921 4691; x_wconf 89' lang='lat' dir='ltr'>Gelasius</span> <span class='ocrx_word' id='word_1_479' title='bbox 940 4636 1021 4706; x_wconf 88' lang='lat' dir='ltr'>epist.</span> <span class='ocrx_word' id='word_1_480' title='bbox 1035 4641 1065 4689; x_wconf 87' lang='lat'>18</span> <span class='ocrx_word' id='word_1_481' title='bbox 1083 4642 1139 4688; x_wconf 76' lang='lat' dir='ltr'>nl</span> <span class='ocrx_word' id='word_1_482' title='bbox 1156 4635 1346 4706; x_wconf 86' lang='lat' dir='ltr'>reprehendit</span> <span class='ocrx_word' id='word_1_483' title='bbox 1366 4640 1403 4695; x_wconf 86' lang='lat' dir='ltr'>ut</span> <span class='ocrx_word' id='word_1_484' title='bbox 1420 4639 1553 4697; x_wconf 67' lang='lat' dir='ltr'>inludi</span> 
     </span>
     <span class='ocr_line' id='line_1_48' title="bbox 274 4719 1553 4797; baseline 0.006 -26"><span class='ocrx_word' id='word_1_485' title='bbox 274 4719 482 4788; x_wconf 85' lang='lat' dir='ltr'>ceterorumque</span> <span class='ocrx_word' id='word_1_486' title='bbox 499 4721 668 4790; x_wconf 90' lang='lat' dir='ltr'>perfidorum</span> <span class='ocrx_word' id='word_1_487' title='bbox 687 4723 879 4776; x_wconf 86' lang='lat' dir='ltr'>comnnmioue</span> <span class='ocrx_word' id='word_1_488' title='bbox 899 4723 1080 4792; x_wconf 87' lang='lat' dir='ltr'>pertinacem.</span> <span class='ocrx_word' id='word_1_489' title='bbox 1122 4720 1201 4775; x_wconf 86' lang='lat' dir='ltr'>Hunc</span> <span class='ocrx_word' id='word_1_490' title='bbox 1223 4723 1323 4777; x_wconf 69' lang='lat' dir='ltr'>aulem</span> <span class='ocrx_word' id='word_1_491' title='bbox 1350 4742 1372 4779; x_wconf 75' lang='lat' dir='ltr'>a</span> <span class='ocrx_word' id='word_1_492' title='bbox 1394 4742 1488 4797; x_wconf 76' lang='lat' dir='ltr'>prm</span> <span class='ocrx_word' id='word_1_493' title='bbox 1507 4724 1553 4779; x_wconf 76' lang='lat' dir='ltr'>ills</span> 
     </span>
     <span class='ocr_line' id='line_1_49' title="bbox 274 4803 1552 4876; baseline 0.007 -22"><span class='ocrx_word' id='word_1_494' title='bbox 274 4804 464 4858; x_wconf 89' lang='lat' dir='ltr'>communione</span> <span class='ocrx_word' id='word_1_495' title='bbox 482 4805 594 4859; x_wconf 87' lang='lat' dir='ltr'>tandem</span> <span class='ocrx_word' id='word_1_496' title='bbox 614 4805 782 4871; x_wconf 89' lang='lat' dir='ltr'>discessisse,</span> <span class='ocrx_word' id='word_1_497' title='bbox 805 4806 945 4860; x_wconf 85' lang='lat' dir='ltr'>Laurentii</span> <span class='ocrx_word' id='word_1_498' title='bbox 963 4804 1138 4875; x_wconf 82' lang='lat' dir='ltr'>Lignidensis</span> <span class='ocrx_word' id='word_1_499' title='bbox 1159 4803 1288 4876; x_wconf 85' lang='lat' dir='ltr'>episcopi</span> <span class='ocrx_word' id='word_1_500' title='bbox 1305 4807 1419 4865; x_wconf 80' lang='lat' dir='ltr'>littoris</span> <span class='ocrx_word' id='word_1_501' title='bbox 1434 4812 1552 4865; x_wconf 63' lang='lat' dir='ltr'>Annia</span> 
     </span>
     <span class='ocr_line' id='line_1_50' title="bbox 274 4886 1550 4965; baseline 0.009 -27"><span class='ocrx_word' id='word_1_502' title='bbox 274 4886 330 4940; x_wconf 82' lang='lat' dir='ltr'>sius</span> <span class='ocrx_word' id='word_1_503' title='bbox 347 4890 451 4953; x_wconf 87' lang='lat' dir='ltr'>noster,</span> <span class='ocrx_word' id='word_1_504' title='bbox 469 4889 509 4943; x_wconf 88' lang='lat' dir='ltr'>nti</span> <span class='ocrx_word' id='word_1_505' title='bbox 528 4889 653 4958; x_wconf 86' lang='lat' dir='ltr'>superior</span> <span class='ocrx_word' id='word_1_506' title='bbox 672 4891 757 4960; x_wconf 86' lang='lat' dir='ltr'>ipsius</span> <span class='ocrx_word' id='word_1_507' title='bbox 776 4891 922 4960; x_wconf 85' lang='lat' dir='ltr'>epistola3</span> <span class='ocrx_word' id='word_1_508' title='bbox 941 4910 965 4944; x_wconf 95' lang='lat' dir='ltr'>n.</span> <span class='ocrx_word' id='word_1_509' title='bbox 983 4899 994 4943; x_wconf 92' lang='lat' dir='ltr'>l</span> <span class='ocrx_word' id='word_1_510' title='bbox 1014 4891 1093 4944; x_wconf 84' lang='lat' dir='ltr'>testis</span> <span class='ocrx_word' id='word_1_511' title='bbox 1111 4891 1161 4957; x_wconf 64' lang='lat' dir='ltr'>esi,</span> <span class='ocrx_word' id='word_1_512' title='bbox 1178 4890 1417 4959; x_wconf 75' lang='lat' dir='ltr'>gratulabundus</span> <span class='ocrx_word' id='word_1_513' title='bbox 1433 4893 1550 4965; x_wconf 67' lang='lat' dir='ltr'>mus</span> 
     </span>
    </p>
   </div>
   <div class='ocr_carea' id='block_1_5' title="bbox 0 0 1617 5506">
    <p class='ocr_par' dir='ltr' id='par_1_9' title="bbox 0 0 1617 5506">
     <span class='ocr_line' id='line_1_51' title="bbox 0 0 1617 5506; baseline 0 0"><span class='ocrx_word' id='word_1_514' title='bbox 0 0 1617 5506; x_wconf 95' lang='lat' dir='ltr'> </span> 
     </span>
    </p>
   </div>
  </div>
 </body>
</html>
