3204 5506
644 355 671 403 S.
689 356 830 404 GELASII
851 355 966 403 Papiri

682 543 864 646 Epistola
891 544 945 627 14.

43 695 68 730 a.
82 683 130 730 tot
143 676 194 730 d

47 745 166 800 ,le
185 695 318 765 Gelasii
343 713 453 781 papae
475 696 517 762 sd
542 698 732 763 universos
763 697 945 780 episcopos
974 712 1039 781 per
1060 646 1283 778 bammum,
1313 694 1472 809 Bruttus

578 800 617 865 ei
640 795 803 865 Siciliam
825 799 1055 866 constitutos.

503 961 610 1019 Tituli
631 963 847 1018 decretorum
869 960 999 1018 Gelasii
1019 974 1137 1029 papae.

217 1080 236 1126 n
254 1079 291 1126 ns
309 1077 459 1126 couneus·
477 1077 663 1125 consenuisse
681 1089 726 1138 pro
743 1077 865 1138 unna·
883 1064 1013 1137 quante
1031 1075 1201 1125 neamus
1479 1074 1522 1140 ps

202 1164 235 1212 11
253 1163 286 1211 ut
308 1163 353 1211 ubi
374 1162 448 1210 nulla
469 1166 593 1225 perurget
614 1163 768 1219 necessitas,
794 1163 935 1210 constituta
956 1165 1060 1223 patrum
1081 1160 1211 1210 inviolata
1238 1161 1404 1221 nusum
1429 1160 1474 1209 vsi

251 1246 354 1311 quum)
373 1248 501 1296 defuerint
518 1247 615 1306 cleriei,
634 1248 665 1295 de
682 1247 812 1295 monachis
830 1247 968 1308 eligantur.

191 1335 236 1381 m
254 1331 312 1394 ὕπ’)
332 1333 355 1381 si
372 1333 418 1393 qui
435 1332 466 1380 de
484 1332 560 1381 laicis
578 1332 710 1394 engmm
727 1332 759 1379 ad
777 1322 886 1390 elernn's,
909 1332 989 1381 multo
1011 1330 1150 1383 nulnum
1166 1331 1194 1379 in
1211 1330 1256 1379 isis
1273 1343 1322 1391 aa,
1351 1343 1425 1392 qaas
1441 1331 1472 1380 ds

252 1419 383 1466 monachis
400 1417 560 1474 dictasunt,
578 1417 750 1478 inquirantur

191 1504 234 1551 IV.
252 1503 286 1551 Vt
292 1502 311 1553 ¹)
329 1504 363 1551 ab
381 1502 507 1564 episcopis
524 1503 702 1564 praeceptione
719 1514 802 1563 papae
819 1514 901 1550 nosse
919 1502 1045 1551 basidosa
1062 1502 1219 1551 dedicantur.

204 1589 234 1635 V.
251 1588 285 1636 Vt
311 1587 383 1636 nulls
408 1587 494 1649 pretia
521 1589 551 1636 de
573 1588 735 1648 baptisandis
757 1587 989 1649 consignandisque
1011 1586 1130 1635 fidelibus
1151 1586 1306 1648 eximens.
1343 1585 1470 1649 tinew)

1513 1474 1522 1501 Ι

253 1673 298 1733 qui
315 1673 363 1721 hoe
379 1673 595 1734 perpetraverint,
614 1672 716 1721 honoris
733 1673 775 1721 sui
792 1673 905 1732 perienlo
923 1672 1101 1734 subjacebunt

193 1758 235 1806 π
251 1756 313 1824 ΠΨ)
330 1758 475 1819 presbyteri
493 1757 592 1807 modum
608 1757 722 1806 debiturn
740 1761 853 1816 servent,
870 1770 919 1806 non
936 1757 1050 1806 chrisma
1067 1758 1211 1817 coniciant,
1232 1769 1286 1806 non
1304 1759 1474 1821 condunt,

252 1855 298 1890 neo
316 1848 451 1905 praesente
469 1844 583 1904 quolibet
600 1837 729 1904 episeopo)
759 1843 810 1891 nisi
828 1842 972 1904 jubeantur
996 1843 1029 1891 ab
1051 1842 1119 1905 ipso,
1147 1842 1191 1891 sei
1212 1854 1291 1892 aare
1312 1842 1364 1892 vai
1381 1843 1472 1893 udus

253 1932 432 1990 praesumant,
450 1941 497 1976 neo
515 1929 662 1989 acolythum
680 1927 723 1975 vel
739 1928 920 1976 subdiaconum
937 1928 1043 1976 neunt

185 2015 240 2063 m
257 2014 380 2062 Similiter
398 2017 424 2061 et
442 2013 542 2061 diaconi
558 2025 702 2061 messmam
719 2013 849 2074 propriam
864 2011 942 2073 juxta
958 2016 1061 2073 patrum
1079 2013 1184 2061 decreta
1200 2012 1365 2062 mstodiant

184 2100 251 2148 Vm
270 2099 340 2154 Quod
357 2099 458 2157 dinami
475 2099 504 2145 in
520 2098 680 2159 presbyterio
698 2098 811 2146 residere
834 2097 1010 2158 nonpossint,
1032 2095 1106 2160 naci)
1128 2097 1198 2146 sauri
1220 2098 1342 2159 corporis
1365 2110 1473 2160 passe

252 2185 384 2246 nationem
400 2183 579 2245 praesentibus
596 2182 706 2231 debeant
724 2195 849 2244 usurpare
867 2183 1033 2250 presbyteria

193 2271 238 2318 ix.
257 2269 328 2324 Quod
345 2269 486 2331 apostolius
503 2268 576 2316 sedes
594 2272 714 2329 paternos
733 2280 840 2317 oenones
857 2268 899 2330 pio
918 2268 1002 2316 studio
1020 2264 1188 2329 devotoqus')
1207 2266 1354 2318 custodiat.

205 2356 237 2403 x.
255 2355 289 2403 Vt
304 2357 409 2417 praeter
426 2353 548 2415 paschale
566 2357 666 2415 ternpus
689 2356 716 2401 et
732 2340 901 2402 Pentecosten
922 2365 994 2402 nenio
1012 2352 1146 2415 baptisare
1163 2356 1329 2414 praesumat,
1351 2353 1409 2404 nisi
1429 2366 1474 2403 su

253 2444 367 2498 tantum,
386 2450 448 2500 quos
466 2439 602 2500 aegritudo
619 2442 736 2487 extrema
753 2438 911 2500 compulerit.

194 2527 238 2575 XL
254 2527 464 2586 Presbyteroruns
482 2527 508 2571 et
524 2524 685 2572 ffiwonorusn
703 2523 875 2572 ordinationes
893 2524 972 2572 eertis
990 2523 1117 2572 celebrari
1134 2534 1208 2585 posse
1225 2523 1405 2586 tenporibus

186 2612 243 2659 m
262 2609 320 2673 itti)
339 2610 462 2671 praefixis
481 2609 570 2656 diebus
587 2608 706 2671 virgines
723 2612 910 2657 consecrentur.

186 2696 256 2744 xm
274 2692 346 2759 Vt¹⁰)
365 2695 459 2743 viduae
478 2706 526 2742 non
544 2694 670 2743 velentur.
921 2712 924 2717 ·

187 2781 254 2828 x1v.
271 2775 341 2842 Vt¹¹)
364 2779 451 2827 nulius
481 2779 584 2840 praesul
615 2779 658 2827 sel
684 2779 809 2827 ecclesiae
836 2779 880 2826 sel
902 2779 1051 2828 monaterii
1077 2791 1181 2828 servum
1207 2782 1257 2829 sut
1284 2780 1475 2843 originaria,

258 2967 276 3031 ¹)
295 2963 317 3018 O
336 2965 400 3033 posi
417 2964 434 3016 J
440 2953 454 3027 ,’
465 2964 518 3017 hoc
535 2962 617 3016 iiiulo
635 2961 663 3014 in
683 2961 751 3014 duos
769 2961 870 3027 diviso,
890 2962 991 3016 abhinc
1009 2961 1124 3016 tertium
1141 2960 1266 3016 inchoat.

254 3051 275 3115 ¹)
294 3050 325 3102 ln
342 3049 379 3102 D¹
390 3049 427 3101 Hi
445 3049 488 3102 hic
507 3049 544 3101 ΙΙΙ
563 3047 659 3100 liliolus
677 3047 717 3100 iio
735 3047 849 3113 legii-ur:
874 3052 906 3101 tls
924 3054 948 3102 si
965 3054 1008 3118 qui
1025 3054 1057 3102 de
1075 3053 1149 3102 iaicis
1165 3054 1297 3116 etipssntur
1315 3054 1358 3103 esd
1370 3057 1475 3111 dm

186 3141 261 3188 nustto
278 3139 409 3187 sollicitius
427 3138 501 3194 iaec,
521 3153 585 3201 quae
602 3138 720 3201 superius
738 3139 889 3199 dictasunt,
908 3138 1080 3203 inquirantur,
1099 3143 1125 3186 et
1141 3152 1220 3201 super
1232 3144 1352 3189 statutos
1364 3141 1475 3205 produ,

187 3223 277 3288 quibus
291 3240 377 3272 sosianus
396 3218 442 3285 (D¹
455 3222 545 3285 annus)
564 3224 696 3286 expletur,
715 3236 764 3270 seso
781 3238 878 3271 roienses
895 3223 1039 3285 adjiciendi
1054 3228 1124 3279 sunt,
1143 3227 1170 3271 ut
1185 3229 1247 3287 post
1264 3239 1366 3273 anm
1382 3232 1411 3275 et
1425 3240 1477 3276 se:

187 3325 283 3358 sueones
299 3309 449 3372 presbyteri
467 3310 498 3356 de
517 3309 603 3365 laicis,
622 3309 645 3355 si
664 3309 803 3356 necessitas
821 3309 951 3372 exaperit,
970 3309 1128 3358 ordinentur.
1164 3302 1188 3357 Ο
1208 3306 1244 3356 th
1263 3309 1289 3358 si
1307 3311 1357 3375 qai
1374 3311 1409 3361 de
1426 3311 1474 3361 ui·

187 3395 224 3442 cis
242 3396 367 3458 ctipuntnr
384 3394 420 3441 nd
436 3397 541 3447 clerum,
561 3399 678 3457 qssnsstuns
696 3393 818 3456 temporis
836 3392 992 3443 observetur.
1029 3388 1100 3441 Tum
1117 3387 1244 3456 sequitur
1263 3405 1360 3445 novus
1378 3377 1489 3446 nudus*

188 3473 270 3527 Vlie
293 3477 406 3542 bipartitis
429 3478 534 3542 aliisque
557 3479 689 3541 persorsis,
719 3493 782 3542 puae
811 3479 847 3526 ad
869 3479 1033 3527 ministerium
1055 3478 1191 3527 clericatus
1214 3479 1369 3531 nuliatenus
1392 3482 1478 3547 alipii-

189 3570 289 3611 cantur.

257 3645 277 3710 ¹)
296 3642 347 3696 J0
369 3647 402 3696 aa
418 3648 473 3696 aine
489 3649 674 3711 praeceptione
691 3663 776 3711 papae
796 3663 875 3700 nouae
893 3648 1014 3698 basilicae
1032 3664 1082 3698 non
1099 3648 1263 3698 dedicentur.
1332 3703 1339 3709 ,

257 3729 278 3795 ¹)
296 3726 414 3794 Reliqua
435 3727 517 3795 hujus
539 3726 614 3780 iiisrli
632 3727 718 3782 verbe
735 3726 902 3782 omitiomiur
922 3727 951 3781 in
969 3746 1023 3782 mss
1040 3728 1057 3781 J
1063 3727 1100 3794 03
1123 3727 1152 3782 in
1169 3727 1208 3781 H¹
1225 3727 1386 3799 leguntur:
1410 3736 1480 3804 qaod

188 3819 212 3865 si
229 3818 272 3881 qui
287 3823 442 3880 perpetrare
458 3817 558 3876 suerint
576 3816 738 3879 deprehensi,
758 3818 861 3867 donorio
878 3819 984 3867 sicinini
1002 3819 1116 3881 periculo
1134 3816 1255 3869 subituri.

257 3900 277 3963 ¹‘)
296 3886 485 3951 Brevius'tti:
517 3902 555 3949 lie
573 3902 739 3967 presbyteris,
759 3911 785 3950 nt
804 3903 864 3951 nibil
881 3904 912 3951 de
932 3904 975 3959 iis,
995 3909 1129 3968 potnerunt
1141 3903 1344 3969 episcoporum,
1364 3925 1476 3975 mm-

189 3992 264 4035 soant.
296 3980 326 4035 (3¹
339 3981 373 4034 E¹
392 3983 432 4048 (ab
450 3981 524 4050 spond
543 3981 576 4034 Εἳ
594 3984 636 4035 cst
654 4000 714 4052 cap.
728 3984 764 4049 Il)
783 4004 813 4036 ne
830 3987 978 4051 presbyteri
993 3987 1043 4036 sibi
1060 3987 1135 4037 uelint
1153 3987 1257 4038 inlicita
1275 3993 1428 4048 nitidius-e,

257 4071 277 4135 ¹)
296 4065 447 4135 Sequentia
464 4070 677 4136 suppresserunt
694 4068 711 4121 J
714 4068 748 4142 Ι0.
780 4069 816 4121 Νε
835 4071 899 4136 posi
917 4090 966 4122 non
983 4073 1084 4136 possint
1102 4066 1192 4122 additi
1210 4090 1261 4124 nec
1273 4092 1334 4129 m
1349 4087 1479 4131 msam

189 4158 296 4207 babetur
314 4157 513 4206 ecclesiasticus:
533 4173 578 4205 nec
595 4161 673 4207 sacri.

257 4242 278 4305 ⁷)
296 4238 333 4291 H¹
351 4243 499 4307 devoteque.
1506 4278 1512 4287 .

258 4327 278 4391 ¹)
296 4324 313 4377 J
319 4324 341 4377 0
366 4329 404 4376 De
423 4326 633 4393 presbyterorum
715 4328 916 4379 ordinationibus
939 4331 1018 4378 certis
1039 4327 1201 4380 celebrandis
1223 4334 1404 4398 temporibus.
1443 4332 1479 4388 N·

191 4413 402 4477 presbyterorum
421 4414 596 4463 ordinationes
614 4415 692 4462 ces-tis
710 4413 842 4463 celebrare
860 4414 1021 4478 temporibus.
1506 4414 1509 4419 '

258 4497 279 4560 ¹)
297 4494 314 4546 J
320 4493 342 4547 Ο
362 4499 401 4548 lie
419 4498 555 4562 cirpinibus
573 4500 668 4557 scocris,
689 4499 789 4564 qstassdo
808 4502 929 4548 velentur.
961 4498 983 4549 0¹
999 4498 1038 4550 lie
1050 4500 1171 4550 oetnnne
1189 4505 1345 4566 puellarem
1363 4508 1426 4567 Dei,
1442 4502 1479 4558 Π·

193 4581 227 4631 tls
243 4585 370 4645 praefixis
388 4583 475 4633 diebus
494 4586 604 4647 cirpines
621 4599 713 4633 sanae
731 4586 852 4634 velentur.

262 4665 293 4728 ¹⁰)
312 4662 341 4716 θ’
361 4668 513 4731 Decidius,
533 4685 563 4719 ne
581 4671 691 4719 uelamen
709 4670 808 4719 suemus
827 4672 963 4734 accipiant.

261 4747 291 4813 ¹)
310 4747 326 4799 J
332 4746 354 4800 Ο
375 4751 408 4802 Ut
424 4755 493 4803 seros'
509 4754 554 4804 sub
572 4754 674 4804 obtentu
692 4757 822 4821 religionis
840 4770 889 4804 non
907 4757 1079 4820 suscipiantur
1095 4756 1122 4804 in
1140 4757 1239 4808 elersen
1251 4765 1322 4814 oet
1312 4779 1341 4814 ιη
1354 4772 1480 4817 we·

191 4838 263 4886 num.
301 4831 330 4885 C'
352 4838 390 4886 De
407 4839 487 4888 seruis
505 4842 544 4888 uel
560 4841 721 4904 oriptnariis,
746 4849 773 4889 ut
791 4855 870 4905 neque
894 4843 919 4889 in
938 4842 1045 4890 ecclesia
1063 4856 1143 4906 neque
1162 4843 1191 4893 s'ss
1208 4853 1384 4924 nemetes-tis
1400 4852 1480 4903 sssses'·

190 4922 304 4987 piantur.
