3204 5506
560 346 758 394 PRAEFATIO
782 349 958 397 EDITORIS.
1320 355 1392 400 XXV

147 512 310 584 ditioribus
337 511 569 601 Dionysiacos
595 508 819 579 instructum
846 506 1036 580 Ballen’nii
1063 509 1086 579 l.
1116 532 1144 581 c.
1174 534 1207 602 p.
1236 509 1287 580 III
1315 535 1345 584 c.
1368 515 1389 583 3

142 655 174 702 n.
200 632 217 700 2
240 630 347 701 ctiam
379 628 643 722 perantiquum
671 627 830 699 codicem
858 626 1164 708 Vercellansis
1192 630 1391 723 capituli

133 752 205 843 jam
220 749 355 820 saeculo
375 747 407 817 X
426 747 474 818 ab
491 745 629 818 Attonc
647 747 814 840 episcopo
833 751 1054 840 usurpatum
1073 747 1238 819 laudant.
1269 748 1389 832 Quum

134 869 170 938 iu
193 868 255 938 illis
277 867 459 939 codicibus
478 865 652 938 Romanis
679 865 848 937 tabidam
867 866 1031 958 capitum
1051 864 1160 936 CXLI
1187 867 1386 962 inscriptio

65 980 71 989 “
132 987 298 1081 praefatio
331 989 368 1057 et
412 985 520 1057 index
553 985 801 1078 capitulorum
833 982 913 1055 oco
947 985 1121 1056 breviarii
1155 984 1387 1058 Cresconiani

130 1106 316 1199 excipiant,
349 1105 545 1177 cardinalis
578 1104 758 1176 Baronius
789 1102 1070 1175 Vallicellanum
1104 1108 1273 1175 nostrum
1300 1105 1384 1195 Ab,

129 1223 273 1296 Romani
299 1224 457 1296 editores
484 1224 726 1316 epistolarum
759 1221 1032 1316 pontificiarum
1061 1226 1189 1294 autem
1215 1224 1388 1297 similiter

128 1341 338 1416 Vaticanum
361 1344 457 1414 1353
483 1343 630 1413 nomine
651 1344 898 1413 Clcsconinnuc
917 1343 1120 1412 collectionis
1145 1342 1280 1435 ubique
1305 1344 1384 1414 lau-

125 1462 224 1549 dant,
261 1462 297 1532 id
337 1462 433 1555 quod
466 1459 683 1533 Constantio
715 1462 782 1533 hoc
816 1461 992 1533 nescienti
1029 1461 1166 1532 multos
1197 1462 1385 1555 scrupulos

124 1581 229 1652 movit
256 1580 364 1670 (conf.
383 1580 503 1652 Praei.
524 1581 585 1652 cit.
605 1603 640 1649 n.
668 1581 734 1649 125
754 1584 792 1651 et
816 1582 883 1649 127
913 1583 951 1650 et
977 1603 1076 1673 saep.
1105 1580 1143 1649 in
1170 1580 1257 1651 edit.
1277 1581 1384 1674 ipsa).

122 1699 210 1772 Alios
243 1701 383 1772 codices
422 1700 530 1792 hujus
564 1698 728 1770 familiae
763 1723 785 1769 a
818 1698 1026 1770 Balleriniis
1052 1699 1075 1769 l.
1102 1721 1131 1770 c.
1157 1722 1192 1791 p.
1217 1697 1270 1769 III
1304 1723 1332 1770 c.
1361 1701 1382 1770 2

121 1842 151 1888 u.
173 1821 195 1888 5
221 1819 409 1904 laudatos,
439 1817 716 1889 Vaticanum
744 1821 859 1889 4666
889 1820 927 1888 ct
955 1815 1227 1888 Vaticanum
1254 1818 1382 1889 Pala-

120 1937 233 2015 tinum
262 1940 366 2024 nus,
400 1959 472 2008 non
507 1936 657 2029 inspexi.
711 1935 1043 2007 Vallicellanus
1078 1934 1222 2005 XVIII
1255 1940 1382 2009 autem

118 2056 243 2128 ibidem
271 2056 466 2143 adductus,
495 2055 554 2127 fol.
574 2079 672 2126 rnax.
702 2055 842 2126 formae
862 2055 935 2126 ‘280
963 2078 1007 2126 ex
1025 2053 1219 2126 sacerdoli
1247 2059 1314 2125 aut
1333 2055 1383 2125 XI

117 2176 206 2247 inter
230 2176 336 2247 varia
363 2179 605 2246 monumenta
630 2173 806 2247 canonica
833 2173 940 2265 (conf.
970 2173 1067 2244 infra
1093 2197 1128 2244 n.
1152 2175 1238 2263 lle)
1265 2174 1380 2245 ctiam

118 2299 275 2367 nostram
302 2294 552 2366 collectionem
579 2293 703 2365 habet.

209 2411 280 2486 Sed
306 2418 455 2507 practer
480 2413 578 2501 illos,
606 2413 678 2482 duo
704 2413 794 2483 alios
820 2411 1027 2483 Hadrianus
1054 2412 1280 2504 perlustrare
1297 2435 1379 2484 con-

118 2533 211 2626 tigit,
239 2533 302 2625 qui
327 2555 416 2604 sane
442 2532 540 2604 inter
565 2532 701 2625 primos
728 2531 901 2624 ponendi:
930 2530 1069 2602 scilicet
1088 2527 1379 2604 Sessorianus

120 2649 248 2722 LXIII
275 2652 579 2723 membranaceus
606 2650 666 2721 fol.
696 2673 793 2745 max,
822 2649 962 2720 formae
983 2651 1054 2718 232
1083 2653 1209 2721 aetate
1236 2651 1379 2723 auctori

119 2792 177 2839 suo
201 2793 337 2864 suppar
363 2770 474 2860 (sicut
493 2770 685 2864 catalogus
712 2768 928 2863 pontificum
948 2768 985 2838 in
1004 2768 1193 2839 Hadriano
1211 2769 1378 2841 desinens

121 2887 229 2959 innuit
262 2894 302 2961 et
334 2890 592 2961 characterum
633 2889 752 2960 forma
786 2887 1012 2977 confirmat),
1054 2891 1091 2960 ct
1125 2886 1378 2960 Vaticanus

122 3009 226 3077 uiis
261 3008 321 3079 fol.
349 3031 446 3078 max.
474 3008 615 3079 fcnmae
647 3009 732 3094 1⁶24,
768 3006 888 3099 priore
920 3006 980 3077 vix
1015 3007 1212 3093 recentior,
1249 3007 1377 3078 multis

122 3126 275 3217 partibus
301 3130 430 3198 tamen
457 3127 622 3197 mutilus.

210 3248 242 3316 Il.
295 3244 398 3317 Inter
429 3246 536 3339 longe
569 3245 782 3338 praecipuos
823 3245 1062 3338 epistolarum
1103 3243 1376 3336 pontificiarum

123 3366 227 3436 butes
253 3365 422 3458 ponenda
447 3367 505 3436 est
530 3364 595 3434 illa
621 3364 801 3450 collectio,
835 3387 931 3456 quae
958 3388 981 3434 a
1007 3362 1200 3456 principali
1226 3385 1292 3434 suo
1319 3387 1375 3435 co·

121 3480 187 3554 dice
216 3483 430 3555 monasterii
463 3506 489 3555 s,
518 3481 642 3555 Crucis
675 3481 802 3554 Fontis
830 3482 1029 3554 Avellanae
1064 3482 1101 3553 in
1128 3481 1282 3554 Umbria-
1313 3483 1376 3554 siti

122 3599 328 3674 Avellana
361 3606 576 3695 nuncupata
610 3605 676 3674 cst.
732 3599 832 3684 Quae
866 3605 905 3673 et
939 3601 1243 3674 documentorum
1270 3602 1374 3674 uber-

122 3723 189 3791 tate
206 3723 254 3810 (n.
275 3722 363 3811 246)
392 3726 429 3792 et
456 3724 582 3793 textus
608 3722 801 3815 genuitate
828 3721 904 3793 fere
921 3744 1048 3792 omues
1068 3721 1268 3809 antecellit,
1297 3722 1374 3791 fon·

122 3837 207 3910 tibus
237 3862 328 3933 quos
355 3845 482 3912 secuta
509 3844 565 3912 est
598 3840 775 3934 primario
801 3840 961 3932 quodam
989 3840 1073 3932 jrue
1099 3840 1237 3933 gaudet
1264 3840 1372 3928 (conf.

122 3957 342 4030 Constantius
367 3959 391 4030 l.
419 3982 449 4031 c.
478 3983 513 4029 n.
540 3962 625 4047 166,
653 3958 841 4031 Ballerinii
866 3959 889 4030 l.
910 3982 939 4030 c.
968 3956 1056 4052 ul]
1084 3984 1112 4030 c.
1137 3961 1207 4046 12).
1253 3957 1373 4040 (lirum

122 4077 208 4148 nulla
223 4078 445 4151 documenta
462 4077 596 4173 Vigilio
614 4102 711 4172 papa
724 4078 874 4171 juniora
892 4078 1084 4172 praebeat,
1114 4077 1270 4149 forsitan
1291 4077 1372 4169 jam

123 4196 248 4267 saeculo
274 4195 325 4267 VI
351 4197 530 4291 originem
557 4197 664 4291 cepit.
710 4197 882 4290 Princeps
910 4197 987 4288 ejus
1014 4197 1125 4269 codex
1151 4200 1278 4267 autem
1306 4196 1372 4285 (fo-

121 4310 237 4386 liorum
255 4339 353 4388 max.
382 4316 523 4388 formae
545 4318 646 4407 loo),
674 4318 737 4409 qui
765 4340 809 4388 ex
836 4315 934 4389 (licto
953 4316 1177 4387 monasterio
1196 4314 1372 4387 Avellano

121 4430 252 4506 demum
279 4439 437 4507 excunte
463 4436 608 4508 saeculo
635 4434 719 4504 XVI
746 4436 784 4506 in
811 4435 1072 4508 bibliothecam
1099 4434 1372 4506 Vaticanum

121 4555 309 4626 translatus
336 4555 507 4642 (notatur
525 4555 563 4624 in
581 4577 663 4648 pag.
688 4557 718 4624 1:
740 4556 883 4625 Elatum
901 4578 941 4626 cr
959 4556 1057 4626 libris
1077 4556 1277 4624 (lenticulis
1297 4554 1371 4625 sa-

119 4669 180 4761 lcb]
204 4672 327 4765 ibique
353 4671 423 4743 Nr.
444 4675 556 4743 496]
588 4673 757 4767 signatus
784 4677 858 4760 est,
885 4674 1054 4767 quamvis
1080 4673 1259 4767 singrdari
1286 4673 1370 4744 scii-

118 4792 236 4879 pturae
261 4791 454 4885 diligentia
479 4792 650 4869 excellat,
684 4792 745 4862 vix
778 4793 922 4865 saeculo
949 4792 982 4862 X
1009 4795 1075 4863 aut
1102 4792 1208 4863 initio
1235 4792 1369 4862 saeculi

117 4902 160 4976 Xl
183 4909 370 5003 antiquior·
388 4914 454 4981 cst.
500 4910 609 5003 Cujus
629 4912 841 5006 apographa
859 4915 947 4982 sunt
964 4911 1212 4982 Vaticanus
1240 4911 1368 4994 slat,
