3224 5506
10 40 67 443 Ι
361 341 497 390 nemra
519 339 672 388 reanum
697 341 734 388 ur
757 339 939 391 sununcur
962 332 1205 388 emorousae
1382 327 1423 390 85

179 512 264 559 contra
283 505 374 561 baronii
393 512 422 560 et
443 501 522 575 lrnjus
543 503 681 577 archetypi
703 503 816 577 vestigia
836 502 938 558 incuria
960 500 1059 557 librarii
1083 504 1176 557 mutati
1193 501 1325 558 videntur.
1367 504 1421 559 Nos

167 592 236 642 nors
250 590 308 648 dicti
320 588 415 646 codicis
422 589 541 646 Vaticani
555 588 701 644 collatione
716 588 786 644 iacta
802 588 867 644 haec
883 587 977 642 menda
992 588 1164 650 removimus.
1181 589 1232 644 etsi
1244 589 1271 644 in
1284 589 1342 644 aliis
1353 588 1420 645 alius

157 674 315 749 exemptam
328 683 372 732 aut
386 676 480 751 graeci
494 680 585 732 textus
599 673 727 731 auxilium
743 671 950 730 desiderandum
966 680 1016 728 est.

683 897 885 907 --—-

611 1080 764 1155 hinnite
788 1079 950 1174 praevie

443 1330 444 1334 Ἴ
486 1252 532 1324 in
557 1249 812 1361 Symmachi
846 1248 1079 1346 epistolas,

305 1460 342 1521 In
361 1457 539 1535 Symmachi
559 1455 722 1535 epistotam
741 1444 768 1516 1'
779 1451 883 1535 („Posl
899 1459 1079 1514 consectum
1094 1453 1257 1537 Puutr'rri“).

225 1580 265 1638 1.
295 1581 333 1638 tt
354 1582 539 1655 iutegritatem
561 1578 729 1635 collectionis
750 1585 860 1634 nostrae
880 1579 1016 1651 pertinere
1037 1576 1212 1641 arbitramur,
1239 1577 1558 1654 Romanarum[a³.l]d.l

67 1659 322 1729 sinodorum.
343 1683 412 1740 quae
426 1664 479 1721 snb
493 1664 652 1739 Symmacho
668 1662 774 1720 habitae
789 1670 862 1725 sunt.
884 1669 961 1737 gesta
977 1678 1032 1717 non
1048 1663 1182 1726 omittere,
1204 1665 1316 1721 maxime
1332 1684 1415 1740 quum

66 1739 103 1792 5¹¹
135 1751 308 1827 antiquis
322 1768 458 1808 mnonnm
480 1747 675 1824 exemplaribus
696 1765 752 1804 non
767 1750 838 1805 inter
853 1747 964 1804 coucilia
985 1747 1033 1802 sed
1058 1748 1129 1803 inter
1143 1765 1309 1806 summorum
1325 1754 1416 1825 ponti·

67 1819 210 1885 [ΜΠ]
247 1837 376 1912 epistolas
391 1844 420 1893 et
435 1835 543 1892 decreta
557 1834 648 1891 locum
669 1832 817 1897 obtineant,
837 1841 864 1888 et
884 1834 911 1889 in
932 1833 971 1887 eis
992 1832 1033 1888 vel
1050 1849 1177 1889 carnones
1192 1834 1359 1906 Symmachi
1371 1837 1413 1894 vel

66 1907 265 1979 decr-eeu
281 1920 449 1997 Symmachi
460 1918 651 1983 inscribantur,
667 1917 781 1993 ejusque
797 1919 905 1974 nomine
920 1917 1029 1974 laudare
1044 1917 1103 1973 illas
1119 1919 1271 1983 huselmns,
1293 1920 1339 1977 lvo
1356 1921 1414 1978 alii·

67 2001 157 2068 ¹1¹¹e
189 2017 345 2065 &nonum
360 2006 553 2081 compilatores
568 2004 642 2061 soliti
657 2005 720 2060 sint.

216 2090 258 2150 2.
289 2090 415 2149 Subuesa
437 2099 514 2166 gesta
534 2087 642 2146 exhibet
663 2097 740 2146 vetus
756 2088 891 2151 collectio.
914 2104 992 2161 quam
1008 2087 1181 2144 Hadriannsl
1203 2089 1299 2146 Carolo
1314 2091 1412 2167 llagno

67 2161 213 2229 aedis,
252 2177 274 2234 li
289 2176 459 2235 collectionis
475 2176 555 2232 huius
571 2174 766 2249 exemplaribus
781 2175 895 2248 repetita
910 2181 974 2228 sunt
989 2174 1131 2229 summaria
1146 2175 1262 2247 capitula
1277 2177 1304 2232 in
1317 2193 1412 2234 eorum

72 2252 228 2318 imme
253 2260 385 2338 praelium
409 2247 479 2336 quae'
501 2261 589 2317 omnia
609 2259 672 2317 licet
693 2261 871 2321 retineamus,
892 2265 1059 2332 postremum
1082 2267 1244 2316 tamennon
1266 2261 1411 2334 probamus

75 2344 261 2412 omnino,
284 2355 384 2422 utpote
400 2347 427 2403 iu
443 2361 498 2421 quo
514 2344 585 2402 aliod
601 2343 633 2401 ab
646 2346 732 2420 ipsius
747 2344 850 2400 decreti
866 2342 953 2399 verbis
969 2344 1247 2402 curantiaririrleatur.
1271 2345 1409 2405 Praeterea

79 2418 263 2495 ejusdem
278 2432 451 2490 collectionis
467 2429 627 2505 compilator
640 2432 841 2504 episcoporum.
857 2430 903 2503 qui
918 2427 1024 2501 synodo
1040 2428 1232 2492 interfuerunt.
1256 2433 1363 2489 nomina
1378 2433 1410 2489 ab

84 2514 253 2577 exordio
268 2519 394 2582 resumit,
410 2525 492 2591 atque
507 2516 573 2572 hacc
587 2523 666 2590 gesta
679 2516 720 2571 sic
734 2514 858 2571 absolute
874 2530 953 2569 orsus
969 2523 1024 2569 est:
1049 2515 1120 2571 Post
1135 2519 1315 2573 consulatum
1331 2518 1409 2575 Pau-

88 2597 169 2659 lt'm‘
191 2619 229 2660 v.
249 2621 276 2661 c.
298 2605 346 2661 die
359 2602 563 2661 Kalendarum
578 2602 753 2658 Martiarum
773 2603 803 2656 in
825 2600 945 2656 basilica
968 2600 1047 2655 beati
1059 2601 1142 2656 Petri
1161 2605 1286 2673 apostoli
1299 2595 1348 2674 (llss
1362 2620 1408 2677 sy-

96 2685 205 2744 nodo
218 2686 417 2761 praesidenti]
430 2687 618 2760 praesidente
633 2687 795 2743 beatissimo
811 2683 982 2758 Symmacho
997 2685 1167 2758 Fulgentius
1182 2688 1410 2746 archidiaconus

102 2768 207 2829 dr’oem
225 2782 301 2838 θεας
317 2788 425 2830 necnon
440 2770 574 2843 subjectas
589 2770 706 2828 decretis
728 2768 903 2845 synodalibus
918 2768 1131 2842 subscriptiones
1147 2771 1408 2846 compendiosiorem
1519 2832 1528 2840 ,

107 2859 145 2915 'tn
165 2858 294 2916 modum
308 2859 454 2916 contraxit.
484 2855 583 2913 Eadem
603 2857 707 2913 ratione
728 2863 805 2930 gesta
825 2854 870 2911 illa
891 2863 919 2910 et
934 2851 966 2909 ab
981 2853 1085 2910 isidoro
1101 2854 1248 2913 llercatore
1264 2857 1406 2933 descripta,

115 2943 152 2997 et.
170 2956 190 2996 a
209 2941 325 3001 hierliao
339 2945 368 3000 ln
389 2942 508 2999 editione
529 2941 705 2998 conciliorum
725 2940 833 3015 vulgata
848 2948 923 2995 sunt.
954 2938 1073 2996 Subinde
1094 2938 1322 3015 subscriptionum
1339 2944 1407 3001 ordo

122 3032 261 3085 munaus
275 3038 302 3086 et
316 3026 502 3103 alphabeticus
516 3025 642 3084 inductus
659 3025 724 3090 luit,
748 3034 778 3081 ut
793 3024 863 3098 apud
877 3024 988 3080 Petrum
1003 3024 1104 3082 Crabbe
1119 3043 1150 3082 ac
1164 3026 1292 3101 deinceps
1308 3029 1335 3083 in
1352 3029 1407 3085 edt-

132 3106 265 3170 tiou'tbus
283 3113 461 3171 conciliorum
481 3111 597 3168 videtur.
627 3110 781 3186 Stephanus
797 3109 920 3195 Ralpzius
942 3125 1004 3165 nov.
1022 3109 1084 3166 coll.
1102 3127 1178 3167 conc.
1196 3129 1258 3186 pag.
1278 3111 1358 3171 1459
1374 3131 1407 3170 er

141 3195 257 3271 antiqno
276 3198 368 3256 codice
388 3195 544 3254 Colbertino
569 3206 628 3255 not.
647 3196 728 3255 1863
749 3211 925 3269 suppressum
948 3193 1055 3251 tandem
1070 3196 1207 3270 supplevit
1222 3196 1363 3253 exordium
1379 3207 1407 3255 et

48 3296 67 3305 “
148 3276 354 3358 ”thwriptiones
368 3283 500 3340 restituit.
523 3280 556 3339 lit
570 3298 628 3338 eam
643 3281 752 3357 quidem
768 3286 910 3355 gestorum
925 3279 1047 3340 sormam.
1071 3297 1139 3353 qnae
1156 3283 1261 3337 tametsi
1277 3282 1405 3339 mendosa

157 3366 283 3424 annosa
296 3371 323 3425 in
339 3369 393 3425 boc
407 3366 500 3425 codice
515 3375 620 3423 servata
635 3375 686 3430 est,
707 3366 852 3442 genuinam
867 3381 927 3421 esse
943 3381 997 3420 non
1013 3362 1140 3438 ambiget,
1156 3368 1201 3439 qni
1216 3367 1406 3441 plerarumque

163 3450 308 3520 amotarum
322 3470 353 3510 se
372 3453 532 3510 nominatim
545 3450 679 3509 Romanae
694 3467 765 3508 auno
777 3451 837 3508 501
854 3447 904 3506 sub
919 3451 979 3523 ipso
991 3448 1149 3523 Symmacho
1165 3451 1314 3508 celebratae
1329 3461 1407 3527 gesta

170 3535 317 3595 mmduedt.
343 3537 373 3594 ld
390 3554 500 3612 quoque
514 3537 682 3613 singularum
698 3536 804 3594 concilii
816 3534 1042 3591 Calchedonensis
1058 3536 1193 3592 actionum
1209 3538 1283 3593 initia
1299 3545 1326 3594 et
1341 3537 1406 3595 sub·

176 3617 302 3691 scriptiones
315 3622 468 3681 maiereuti
487 3623 656 3697 exploratum
671 3622 728 3679 liet.
761 3621 846 3677 Poma
868 3637 952 3694 quum
972 3620 1092 3675 eamdem
1113 3620 1225 3678 iormam
1250 3623 1405 3697 principalis

180 3697 212 3756 ilc
220 3701 340 3765 Vaticanus
354 3707 476 3783 Reginae
492 3708 571 3766 1997
590 3706 725 3771 exhibeat,
745 3706 873 3782 perplura
892 3705 989 3761 menda
1009 3721 1148 3762 removere
1168 3716 1197 3763 et
1212 3715 1315 3763 textum
1335 3709 1405 3764 iute-

184 3799 238 3855 gun
248 3794 380 3851 restituere
394 3792 481 3850 licuit.
521 3791 597 3849 Unde
611 3793 693 3850 simul
707 3809 786 3849 verus
802 3792 992 3866 episcoporum
1007 3789 1062 3846 illic
1076 3793 1259 3864 praesentium
1275 3810 1404 3849 numerus

185 3862 254 3928 llllll
264 3875 342 3936 dour.
379 3877 446 3935 Nam
467 3894 549 3952 quum
570 3877 656 3935 codex
677 3886 771 3935 noster
792 3878 935 3950 episcopos
957 3873 1032 3929 llllll
1055 3875 1159 3941 codem,
1182 3880 1236 3951 qno
1257 3877 1403 3952 subscripti

188 3960 322 4027 mensum,
337 3962 434 4020 ordine
448 3963 596 4037 praemisit,
613 3971 702 4020 tamen
716 3962 749 4018 ad
762 3963 909 4036 marginem
924 3967 1000 4017 notat
1015 3976 1076 4016 cunr
1092 3960 1263 4018 Colbcrtino:
1285 3964 1322 4018 Et
1337 3956 1402 4019 sub-

188 4040 322 4110 le'librant
341 4051 473 4122 episcopi
493 4063 612 4105 numero
632 4048 719 4105 LXV
736 4056 764 4105 er
783 4064 865 4120 papa
880 4047 1048 4117 presbyteri
1066 4062 1184 4103 numero
1205 4047 1357 4104 LXXIII]
1376 4056 1403 4104 et

189 4117 408 4192 &smirnamum
432 4133 491 4191 Vn
503 4132 533 4190 S.
563 4132 637 4190 luter
649 4132 712 4190 illos
728 4134 871 4207 episcopos
887 4137 976 4187 autem
992 4131 1083 4186 omisit
1098 4131 1148 4186 bos
1161 4140 1274 4205 septem,
1291 4148 1360 4205 quos
1376 4133 1402 4188 in

190 4198 280 4271 tainu
290 4217 343 4276 all'n
356 4216 496 4276 codicibus
510 4219 624 4293 repetit:
662 4219 778 4276 Clarum
794 4217 962 4290 Allifanum,
988 4216 1105 4272 Vitalem
1120 4217 1302 4286 Fundanum,
1325 4218 1401 4275 Lau·

190 4296 275 4354 rente„
287 4300 457 4375 Trebeatem,
483 4303 684 4361 Innocentium
698 4305 897 4371 ibreicensem,
918 4302 1079 4358 Romanum
1094 4301 1267 4371 Pitinatium,
1285 4302 1401 4359 Mercu-

191 4374 241 4433 dm
251 4380 386 4460 Summum,
402 4387 530 4446 Marium
548 4388 715 4462 merueris,
738 4389 849 4445 immisit
868 4395 957 4442 autem
978 4385 1047 4441 duos
1063 4386 1089 4441 in
1111 4384 1163 4441 ime
1178 4402 1238 4442 cum
1254 4385 1311 4445 aliis
1327 4387 1401 4444 codi-

191 4453 241 4517 ὼ·
259 4471 369 4531 rubus:
399 4474 540 4532 Basiliam
562 4474 767 4532 Matellicatcm
796 4480 824 4528 et
853 4473 1004 4528 Mariotem
1026 4472 1192 4527 Fernatem.
1228 4469 1266 4526 lta
1293 4471 1400 4545 quidem

192 4534 260 4604 llll!
271 4556 373 4634 episcopi
387 4574 482 4615 rerem
496 4556 660 4623 eliciuntur,
676 4560 747 4616 sicut
762 4559 789 4614 in
805 4556 944 4613 hadrianis
959 4554 1096 4612 codicibus
1112 4556 1139 4610 in
1156 4553 1208 4611 bne
1223 4554 1401 4631 subscriptio·

193 4637 242 4692 llll
253 4650 306 4775 aptae
317 4640 389 4701 blllll
404 4651 509 4701 tanturn
524 4645 631 4701 aomina
643 4643 781 4719 praebent,
804 4649 927 4699 notatur:
950 4642 1194 4712 Subscripsrrunt
1206 4645 1336 4714 episcopi
1349 4661 1401 4700 nu·

193 4724 247 4771 ”tt
274 4722 375 4786 XXIII.

252 4800 274 4859 3·
302 4808 341 4868 llis
360 4814 445 4889 gestis
465 4812 595 4889 epistolae
612 4831 720 4878 nomen,
741 4813 861 4889 quamvis
882 4812 1053 4887 epistolarem
1073 4811 1192 4885 speciem
1212 4829 1274 4886 prae
1295 4830 1325 4868 se
1345 4830 1399 4869 non

195 4873 263 4950 lunc
273 4888 380 4963 tutans,
396 4906 428 4956 ut
440 4900 597 4957 citationum
611 4899 795 4957 commoditati
811 4899 978 4955 consulatur.
1009 4896 1063 4954 Sed
1078 4913 1167 4972 neque
1182 4898 1213 4954 iis
1228 4913 1342 4974 prorsus
1357 4914 1399 4958 re·
