3204 5506
478 314 746 372 6661661690.
772 314 822 372 97.
1220 307 1282 373 893

9 477 176 563 opinionis
198 476 352 560 ordinem,
376 478 436 542 etsi
460 477 549 541 vobis
571 476 708 541 necdum
729 476 944 541 referentibus
966 476 1165 560 suspicamur
1182 477 1282 542 incer·
1296 483 1389 547 11519.

9 583 98 663 turn,
128 602 186 664 pro
207 579 308 664 ipsius
330 579 375 643 rei
403 583 512 643 tamen
540 579 763 664 magnitudine
792 578 981 643 credidimus
1008 600 1074 643 non
1101 578 1282 644 tacendum,

8 681 126 767 Itaque
148 682 308 766 perlatum
336 684 399 765 est,
428 682 562 746 fratrem
590 685 622 745 ct
645 681 867 765 coepiscopum
888 682 1034 744 nostrum
1055 679 1282 767 Johannem³)‚

9 783 88 847 dum
111 784 151 847 ad
166 783 427 847 Thessalonicam
449 806 507 868 pro
530 783 739 867 suscipiendis
761 785 890 847 tantum
911 781 1028 845 libellis
1050 782 1104 866 qui
1119 783 1283 867 promitte-

9 884 132 949 bantur
159 885 338 968 accederet,
374 886 420 949 ita
446 885 549 970 plebis
577 884 791 949 irrationabili
819 883 975 950 seditione
1009 906 1213 967 concussum,
1247 887 1284 948 ut

9 986 173 1050 exstincto
187 988 325 1071 primum
342 1009 389 1071 eo,
406 988 494 1073 qui⁴)
510 984 684 1071 liospitium
699 986 842 1051 venienti
857 986 1057 1070 praebuerat,
1075 987 1144 1071 ipse
1160 1008 1283 1071 quoque

9 1110 78 1152 non
107 1088 251 1154 dissimili
281 1090 377 1154 caede
404 1091 564 1153 mactatus
595 1092 628 1153 et
658 1089 710 1152 vix
744 1089 941 1153 sacrosancti
972 1088 1072 1152 fontis
1103 1088 1284 1153 reverentia

9 1191 193 1255 vindicatus
216 1193 369 1256 evaserit:
393 1192 483 1275 cujus
505 1191 672 1256 seditionis
693 1191 821 1255 initium
850 1190 910 1254 sub
938 1190 1200 1275 interrogationis
1230 1191 1282 1254 do-

9 1292 98 1356 losae
129 1290 308 1358 commento
337 1295 377 1358 ab
401 1293 544 1357 Aristide
572 1293 758 1377 presbytero
786 1295 937 1356 narratur
963 1295 1117 1356 exodum,
1162 1292 1282 1356 Verum

9 1416 81 1478 nos,
104 1395 131 1459 si
153 1394 233 1460 haec
254 1396 428 1460 manifesta
450 1398 535 1478 sunt,
559 1395 638 1459 adeo
660 1395 699 1458 de
726 1394 819 1478 plebe
847 1416 914 1459 non
942 1394 1113 1479 querimur.
1151 1394 1224 1458 Erit
1245 1394 1280 1457 in

9 1499 171 1581 potestate
201 1497 375 1562 venerandi
402 1496 575 1582 principis,
607 1497 760 1581 temporis
788 1498 837 1560 sui
866 1499 899 1560 et
927 1495 1076 1560 catholici
1109 1493 1282 1559 sacerdotis

9 1599 250 1684 injuriamque
268 1600 384 1687 jubeat
403 1620 548 1664 resecare
572 1619 716 1662 censura.

96 1701 126 1766 2.
162 1701 223 1766 Sed
250 1701 298 1786 id,
331 1700 414 1786 quod
444 1702 483 1764 ad
512 1723 571 1765 nos
599 1700 732 1783 attinet,
768 1721 844 1764 cura
871 1699 1020 1785 pervigili
1052 1721 1110 1784 per
1137 1722 1191 1764 vos
1214 1699 1282 1763 Deo

9 1803 150 1887 propitio
173 1803 387 1867 desideramus
409 1803 550 1887 impleri,
580 1802 801 1888 quianullum
822 1803 967 1866 volumus
990 1803 1132 1866 autnon
1158 1802 1283 1866 reddita

8 1906 138 1969 ratione
161 1906 303 1970 converti
326 1910 382 1968 aut
403 1905 449 1968 sic
471 1909 592 1969 rectam
615 1904 700 1968 viam
720 1903 795 1967 fidei
816 1904 975 1987 profiteri,
1005 1906 1041 1967 ut
1062 1904 1123 1967 sibi
1149 1926 1167 1968 a
1195 1905 1281 1988 prin-

9 2007 83 2090 cipe
106 2007 226 2091 aliqnid
249 2009 318 2071 sine
340 2007 505 2071 doctrinae
528 2007 717 2089 remedio⁵)'
730 2010 877 2071 causetur
904 2006 1036 2090 imponi.
1082 2004 1153 2069 Hoc
1181 2006 1282 2090 igitur

9 2108 220 2194 suggestione
242 2112 367 2173 vestrae
389 2108 632 2193 supplicationis
655 2109 816 2193 peragite,
839 2111 877 2173 ut
898 2107 1193 2171 Thessalonicensis
1216 2107 1281 2191 epi·

9 2231 143 2294 scopus,
172 2212 227 2296 qui
253 2211 312 2275 sub
338 2210 602 2295 interrogationis
629 2212 765 2276 obtentu
793 2210 1043 2275 ecclesiasticam
1071 2231 1182 2293 pacem
1210 2230 1281 2293 pro-

10 2315 116 2376 tracto
138 2312 173 2376 in
196 2313 327 2398 longum
349 2313 466 2376 nititur
481 2313 636 2398 dissipare
650 2313 793 2398 negotio,
816 2313 967 2396 quoniam
982 2334 1001 2375 a
1016 2311 1105 2376 vobis
1120 2312 1281 2394 suscipere

10 2413 129 2497 noluit,
159 2437 178 2478 a
205 2414 349 2497 principe
376 2415 416 2477 ad
439 2413 560 2479 Urbem
582 2415 731 2499 directus,
756 2416 797 2478 ab
820 2414 995 2498 apostolica
1022 2413 1180 2498 percipiat
1207 2413 1280 2477 sede

10 2515 208 2599 doctrinam,
237 2520 270 2580 et
291 2515 444 2600 quidquid
467 2516 527 2580 sibi
550 2517 680 2582 dubium
702 2520 809 2602 putet,
839 2517 901 2581 huc
923 2517 1055 2596 veniens
1077 2515 1238 2600 praesenti
1262 2538 1281 2578 a

10 2618 103 2682 nobis
126 2618 332 2703 inquisitione
356 2618 535 2702 condiscat3
564 2620 610 2683 sic
636 2621 722 2684 enim
748 2620 884 2704 probare
911 2621 1018 2702 potest
1044 2640 1078 2683 se
1106 2617 1280 2682 catholicae

10 2720 217 2804 professionis
240 2741 365 2785 servare
388 2721 561 2805 cautelam,
586 2744 650 2786 non
672 2722 830 2786 malitiose
854 2725 1009 2806 concepta
1030 2720 1192 2784 vindicare
1215 2741 1280 2785 oer-

10 2822 142 2887 tamina.
194 2821 282 2888 Sciat
308 2844 367 2887 nos
389 2827 518 2906 paratos
541 2846 625 2907 esse,
654 2827 687 2888 ct
714 2824 795 2888 bene
821 2823 1020 2907 inquirentes
1055 2823 1214 2887 instruere
1248 2826 1280 2887 et

10 2927 156 2988 errantes
179 2925 218 2987 ad
245 2925 318 2989 fidei
347 2929 468 2989 rectum
497 2927 659 2989 tramitem
687 2927 822 2989 scientia
849 2924 928 2989 duce
955 2947 1122 2990 revocare:
1150 2926 1225 3009 quia
1252 2926 1278 2989 si

10 3025 161 3089 dubitans
183 3031 329 3110 paratam
352 3049 417 3091 non
440 3027 509 3091 vult
530 3027 666 3111 experiri
689 3028 867 3091 doctrinam
889 3048 950 3091 nec
972 3048 1081 3091 rursus
1102 3027 1138 3091 in
1159 3026 1279 3111 simpli-

10 3127 108 3192 citate
131 3129 234 3193 cordis
261 3150 342 3213 quae
364 3129 453 3213 pacis
476 3132 509 3193 et
534 3129 699 3213 religionis
728 3150 823 3192 causa
847 3130 1003 3213 jubentur
1029 3129 1214 3211 admittere,
1244 3129 1279 3192 in

10 3233 122 3314 aperto
145 3234 203 3312 est,
226 3253 289 3315 qua
310 3234 418 3295 mente
440 3231 489 3294 vel
512 3231 572 3294 Dei
594 3230 697 3294 nostri
724 3230 905 3314 praeceptis
932 3231 1068 3296 obsistat
1095 3232 1145 3294 vel
1173 3230 1279 3294 ortho-

11 3331 82 3396 doxi
104 3332 261 3415 principis
284 3333 428 3417 exempla
452 3336 645 3397 contemnat.
690 3333 729 3396 ln
752 3332 813 3397 hac
836 3354 912 3417 ergo
933 3336 1026 3417 parte
1048 3336 1135 3397 totus
1163 3355 1277 3419 sugge-

11 3434 122 3498 stionis
152 3437 275 3498 vestrae
305 3438 395 3498 actus
423 3435 606 3518 immineat,
635 3435 710 3519 quia
739 3457 799 3500 nec
826 3435 873 3498 illi
901 3435 964 3500 alia
991 3439 1127 3520 possunt
1153 3436 1278 3501 ratione

11 3535 143 3618 salvari,
182 3539 214 3600 et
246 3536 401 3601 incitatae
433 3537 535 3621 plebis
567 3537 658 3620 subl)
692 3536 753 3601 hoc
784 3538 897 3602 melius
934 3538 1149 3603 moderamine
1183 3561 1278 3603 causa

11 3638 148 3702 sedatur.
206 3637 283 3703 oum
317 3660 379 3723 quo
410 3639 506 3703 etiam
544 3639 718 3703 Aristidem
755 3642 977 3723 presbyterum
1012 3639 1277 3706 clementissimus

11 3739 158 3824 princeps
181 3740 221 3803 ad
244 3762 302 3804 nos
319 3741 426 3805 venire
441 3741 629 3824 praecipiat,
654 3743 738 3825 quia,
762 3742 844 3805 sicut
858 3743 997 3825 praefati
1013 3765 1131 3825 sumus,
1155 3766 1275 3827 omnes,

11 3864 140 3928 quorum
162 3865 225 3926 pax
249 3842 465 3907 ecclesiastica
488 3843 699 3927 ambignitate
717 3844 879 3928 dividitur,
903 3844 997 3908 sirnul
1021 3846 1061 3908 ad
1084 3848 1276 3911 communio-

12 4127 195 4176 ucceseerant,
227 4115 272 4170 hic
299 4115 502 4170 restituendum
531 4133 590 4170 esse
616 4116 788 4186 suspicamur
814 4122 846 4170 de
873 4124 996 4171 6601616111
1022 4140 1087 4188 quac
1113 4126 1193 4172 earne
1219 4139 1275 4173 sac·

12 4211 147 4256 emerant.

70 4287 93 4356 ³)
111 4285 205 4339 Unum
222 4287 327 4340 scilicet
344 4304 377 4341 ex
394 4286 504 4354 legatis,
523 4304 606 4355 quem
624 4290 775 4358 propterea
792 4288 819 4341 in
839 4289 1019 4357 epistola100
1038 4291 1066 4342 et
1084 4289 1144 4343 aliis
1162 4289 1275 4343 minime

13 4390 65 4427 um
85 4370 188 4424 ceteris
205 4371 306 4441 legatis
323 4373 494 4441 appellatum
513 4372 699 4427 observamus.

69 4459 93 4526 ⁴)
112 4456 184 4510 Huic
202 4457 286 4511 etiam
298 4457 419 4511 Johanni
431 4474 532 4511 nomen
544 4460 618 4523 erat,
636 4458 677 4512 uti
688 4459 780 4528 prima
793 4459 928 4528 epistolae
943 4466 990 4513 103
1003 4461 1089 4515 verba
1100 4476 1151 4513 nos
1164 4460 1272 4514 docent.

70 4546 92 4611 ⁵)
112 4544 144 4596 Si
165 4549 240 4603 enim,
263 4542 354 4613 inquit
371 4543 539 4612 Augustinus
562 4543 642 4614 epist.
662 4551 694 4599 03
717 4563 743 4598 n.
763 4549 791 4612 ὅ,
814 4556 975 4599 terrerentur
997 4558 1022 4598 et
1045 4566 1094 4599 1166
1112 4551 1287 4612 evomentur,

12 4632 119 4699 reproba
139 4637 214 4697 quusi
230 4634 365 4682 (1661166116
383 4635 521 4687 6111616116.
556 4630 632 4684 llaec
649 4631 744 4684 autem
762 4629 789 4683 in
808 4629 904 4698 primis
925 4631 1042 4699 proptor
1059 4647 1093 4684 oa
1111 4630 1275 4693 dictasunt,

15 4731 74 4770 uae
93 4713 254 4768 Dorotheus
273 4713 525 4768 Thessalonicensis
544 4715 660 4769 antistes
677 4714 866 4785 praetexuisse
885 4733 948 4769 mox
967 4714 1097 4769 irnmitar.

67 4803 91 4868 ⁶)
111 4798 131 4852 b
150 4802 202 4852 Sub
219 4804 267 4853 lmc
284 4805 370 4853 mellan
388 4805 569 4856 6166616066.
598 4800 781 4854 ltetineadnm
801 4807 982 4857 moderamine.-
1000 4818 1071 4869 qnae
1089 4802 1202 4871 quidem
1220 4816 1273 4856 vox

12 4895 225 4957 empermaeurum
243 4887 337 4952 sonat,
355 4900 410 4954 qao
429 4904 473 4939 res
491 4885 619 4954 componi
637 4888 748 4955 queant.
