<?xml version="1.0" encoding="UTF-8"?>
<!DOCTYPE html PUBLIC "-//W3C//DTD XHTML 1.0 Transitional//EN"
    "http://www.w3.org/TR/xhtml1/DTD/xhtml1-transitional.dtd">
<html xmlns="http://www.w3.org/1999/xhtml" xml:lang="en" lang="en">
 <head>
  <title>
</title>
<meta http-equiv="Content-Type" content="text/html;charset=utf-8" />
  <meta name='ocr-system' content='tesseract 3.04.00' />
  <meta name='ocr-capabilities' content='ocr_page ocr_carea ocr_par ocr_line ocrx_word'/>
</head>
<body>
  <div class='ocr_page' id='page_1' title='image "./epistolaeromano00thiegoog/epistolaeromano00thiegoog_0464.png"; bbox 0 0 3204 5506; ppageno 0'>
   <div class='ocr_carea' id='block_1_1' title="bbox 417 330 1460 416">
    <p class='ocr_par' dir='ltr' id='par_1_1' title="bbox 417 330 1460 416">
     <span class='ocr_line' id='line_1_1' title="bbox 417 330 1460 416; baseline -0.001 -19"><span class='ocrx_word' id='word_1_1' title='bbox 417 347 589 399; x_wconf 72' lang='lat' dir='ltr'>sersaoni</span> <span class='ocrx_word' id='word_1_2' title='bbox 613 338 652 396; x_wconf 77' lang='lat'>26</span> <span class='ocrx_word' id='word_1_3' title='bbox 676 330 737 416; x_wconf 83' lang='lat' dir='ltr'>(ux</span> <span class='ocrx_word' id='word_1_4' title='bbox 759 348 852 396; x_wconf 82' lang='lat' dir='ltr'>sorr.</span> <span class='ocrx_word' id='word_1_5' title='bbox 878 331 1091 416; x_wconf 71' lang='lat' dir='ltr'>asianam).</span> <span class='ocrx_word' id='word_1_6' title='bbox 1327 333 1391 396; x_wconf 83' lang='lat'>415</span> <span class='ocrx_word' id='word_1_7' title='bbox 1456 398 1460 405; x_wconf 76' lang='grc'>,</span> 
     </span>
    </p>
   </div>
   <div class='ocr_carea' id='block_1_2' title="bbox 76 499 1498 5015">
    <p class='ocr_par' dir='ltr' id='par_1_2' title="bbox 117 499 1498 801">
     <span class='ocr_line' id='line_1_2' title="bbox 117 499 1498 587; baseline 0.004 -23"><span class='ocrx_word' id='word_1_8' title='bbox 117 505 211 565; x_wconf 85' lang='lat' dir='ltr'>cator</span> <span class='ocrx_word' id='word_1_9' title='bbox 226 502 406 585; x_wconf 73' lang='lat' dir='ltr'>exsisteret,</span> <span class='ocrx_word' id='word_1_10' title='bbox 422 501 595 587; x_wconf 89' lang='lat' dir='ltr'>principali</span> <span class='ocrx_word' id='word_1_11' title='bbox 610 501 772 566; x_wconf 90' lang='lat' dir='ltr'>sententia</span> <span class='ocrx_word' id='word_1_12' title='bbox 788 501 1004 565; x_wconf 79' lang='lat' dir='ltr'><strong>damnationis</strong></span> <span class='ocrx_word' id='word_1_13' title='bbox 1020 499 1088 585; x_wconf 90' lang='lat' dir='ltr'>ejus</span> <span class='ocrx_word' id='word_1_14' title='bbox 1104 503 1188 564; x_wconf 90' lang='lat' dir='ltr'>esset</span> <span class='ocrx_word' id='word_1_15' title='bbox 1202 499 1391 586; x_wconf 84' lang='lat' dir='ltr'>obstrictus3</span> <span class='ocrx_word' id='word_1_16' title='bbox 1405 530 1428 568; x_wconf 87' lang='lat' dir='ltr'>a.</span> <span class='ocrx_word' id='word_1_17' title='bbox 1440 519 1498 570; x_wconf 69' lang='lat' dir='ltr'>sae.</span> 
     </span>
     <span class='ocr_line' id='line_1_3' title="bbox 121 602 1391 689; baseline 0.001 -22"><span class='ocrx_word' id='word_1_18' title='bbox 121 605 274 686; x_wconf 88' lang='lat' dir='ltr'>quoniam</span> <span class='ocrx_word' id='word_1_19' title='bbox 308 603 480 669; x_wconf 83' lang='lat' dir='ltr'>manifeste</span> <span class='ocrx_word' id='word_1_20' title='bbox 513 603 649 689; x_wconf 81' lang='lat' dir='ltr'>quilibet</span> <span class='ocrx_word' id='word_1_21' title='bbox 681 604 730 668; x_wconf 85' lang='lat' dir='ltr'>vel</span> <span class='ocrx_word' id='word_1_22' title='bbox 756 604 955 688; x_wconf 85' lang='lat' dir='ltr'>professione</span> <span class='ocrx_word' id='word_1_23' title='bbox 989 625 1046 667; x_wconf 90' lang='lat' dir='ltr'>sua</span> <span class='ocrx_word' id='word_1_24' title='bbox 1085 602 1135 667; x_wconf 90' lang='lat' dir='ltr'>vel</span> <span class='ocrx_word' id='word_1_25' title='bbox 1169 603 1391 668; x_wconf 90' lang='lat' dir='ltr'>communione</span> 
     </span>
     <span class='ocr_line' id='line_1_4' title="bbox 124 706 1187 801; baseline 0.001 -31"><span class='ocrx_word' id='word_1_26' title='bbox 124 709 230 787; x_wconf 81' lang='lat' dir='ltr'>posset</span> <span class='ocrx_word' id='word_1_27' title='bbox 250 706 409 792; x_wconf 57' lang='lat' dir='ltr'>agnosci„</span> <span class='ocrx_word' id='word_1_28' title='bbox 1182 788 1187 801; x_wconf 89' lang='lat'><strong><em>.</em></strong></span> 
     </span>
    </p>

    <p class='ocr_par' dir='ltr' id='par_1_3' title="bbox 137 806 1390 1199">
     <span class='ocr_line' id='line_1_5' title="bbox 207 806 1389 893; baseline 0 -21"><span class='ocrx_word' id='word_1_29' title='bbox 207 806 250 872; x_wconf 84' lang='lat' dir='ltr'>Et</span> <span class='ocrx_word' id='word_1_30' title='bbox 279 812 316 872; x_wconf 93' lang='lat' dir='ltr'>ut</span> <span class='ocrx_word' id='word_1_31' title='bbox 348 807 516 872; x_wconf 85' lang='lat' dir='ltr'>brevitatis</span> <span class='ocrx_word' id='word_1_32' title='bbox 546 828 641 872; x_wconf 86' lang='lat' dir='ltr'>causa</span> <span class='ocrx_word' id='word_1_33' title='bbox 669 808 776 892; x_wconf 89' lang='lat' dir='ltr'>priora</span> <span class='ocrx_word' id='word_1_34' title='bbox 802 811 981 891; x_wconf 87' lang='lat' dir='ltr'>taceamus,</span> <span class='ocrx_word' id='word_1_35' title='bbox 1017 828 1098 891; x_wconf 91' lang='lat' dir='ltr'>quae</span> <span class='ocrx_word' id='word_1_36' title='bbox 1119 806 1257 892; x_wconf 80' lang='lat' dir='ltr'>diligens</span> <span class='ocrx_word' id='word_1_37' title='bbox 1286 809 1389 893; x_wconf 89' lang='lat' dir='ltr'>inqui-</span> 
     </span>
     <span class='ocr_line' id='line_1_6' title="bbox 137 907 1390 996; baseline 0.002 -23"><span class='ocrx_word' id='word_1_38' title='bbox 137 907 205 974; x_wconf 82' lang='lat' dir='ltr'>sitor</span> <span class='ocrx_word' id='word_1_39' title='bbox 234 909 328 975; x_wconf 84' lang='lat' dir='ltr'>facile</span> <span class='ocrx_word' id='word_1_40' title='bbox 364 909 485 996; x_wconf 89' lang='lat' dir='ltr'>poterit</span> <span class='ocrx_word' id='word_1_41' title='bbox 516 910 692 996; x_wconf 81' lang='lat' dir='ltr'>vestigare:</span> <span class='ocrx_word' id='word_1_42' title='bbox 726 909 899 975; x_wconf 85' lang='lat' dir='ltr'>Sabellium</span> <span class='ocrx_word' id='word_1_43' title='bbox 933 908 1098 973; x_wconf 89' lang='lat' dir='ltr'>damnavit</span> <span class='ocrx_word' id='word_1_44' title='bbox 1133 909 1288 993; x_wconf 82' lang='lat' dir='ltr'>synodus,</span> <span class='ocrx_word' id='word_1_45' title='bbox 1329 933 1390 976; x_wconf 90' lang='lat' dir='ltr'>nec</span> 
     </span>
     <span class='ocr_line' id='line_1_7' title="bbox 143 1008 1389 1097; baseline 0.001 -22"><span class='ocrx_word' id='word_1_46' title='bbox 143 1008 193 1075; x_wconf 84' lang='lat' dir='ltr'>luit</span> <span class='ocrx_word' id='word_1_47' title='bbox 215 1032 350 1097; x_wconf 86' lang='lat' dir='ltr'>necesse,</span> <span class='ocrx_word' id='word_1_48' title='bbox 379 1015 417 1078; x_wconf 88' lang='lat' dir='ltr'>ut</span> <span class='ocrx_word' id='word_1_49' title='bbox 438 1012 507 1097; x_wconf 89' lang='lat' dir='ltr'>ejus</span> <span class='ocrx_word' id='word_1_50' title='bbox 529 1015 702 1077; x_wconf 74' lang='lat' dir='ltr'>sectatores</span> <span class='ocrx_word' id='word_1_51' title='bbox 729 1016 842 1097; x_wconf 84' lang='lat' dir='ltr'>postea</span> <span class='ocrx_word' id='word_1_52' title='bbox 868 1011 1113 1094; x_wconf 83' lang='lat' dir='ltr'>damnarentur,</span> <span class='ocrx_word' id='word_1_53' title='bbox 1144 1010 1289 1096; x_wconf 84' lang='lat' dir='ltr'>singulas</span> <span class='ocrx_word' id='word_1_54' title='bbox 1316 1012 1389 1077; x_wconf 82' lang='lat' dir='ltr'>viri-</span> 
     </span>
     <span class='ocr_line' id='line_1_8' title="bbox 148 1111 1389 1199; baseline 0 -21"><span class='ocrx_word' id='word_1_55' title='bbox 148 1111 192 1178; x_wconf 87' lang='lat' dir='ltr'>tim</span> <span class='ocrx_word' id='word_1_56' title='bbox 208 1113 338 1199; x_wconf 83' lang='lat' dir='ltr'>synodos</span> <span class='ocrx_word' id='word_1_57' title='bbox 361 1113 533 1199; x_wconf 88' lang='lat' dir='ltr'>celebrari,</span> <span class='ocrx_word' id='word_1_58' title='bbox 562 1114 616 1179; x_wconf 87' lang='lat' dir='ltr'>sed</span> <span class='ocrx_word' id='word_1_59' title='bbox 646 1124 704 1199; x_wconf 79' lang='lat' dir='ltr'>pro</span> <span class='ocrx_word' id='word_1_60' title='bbox 732 1118 844 1180; x_wconf 85' lang='lat' dir='ltr'>tenore</span> <span class='ocrx_word' id='word_1_61' title='bbox 867 1113 1105 1178; x_wconf 78' lang='lat' dir='ltr'>constitutionis</span> <span class='ocrx_word' id='word_1_62' title='bbox 1133 1113 1285 1198; x_wconf 88' lang='lat' dir='ltr'>antiquae</span> <span class='ocrx_word' id='word_1_63' title='bbox 1314 1137 1389 1178; x_wconf 90' lang='lat' dir='ltr'>cun-</span> 
     </span>
    </p>

    <p class='ocr_par' dir='ltr' id='par_1_4' title="bbox 76 1215 1492 3845">
     <span class='ocr_line' id='line_1_9' title="bbox 154 1215 1387 1301; baseline -0.001 -21"><span class='ocrx_word' id='word_1_64' title='bbox 154 1216 271 1301; x_wconf 62' lang='lat' dir='ltr'>eosqui</span> <span class='ocrx_word' id='word_1_65' title='bbox 290 1216 341 1280; x_wconf 82' lang='lat' dir='ltr'>rel</span> <span class='ocrx_word' id='word_1_66' title='bbox 361 1216 530 1301; x_wconf 81' lang='lat' dir='ltr'>pravitatis</span> <span class='ocrx_word' id='word_1_67' title='bbox 564 1215 649 1281; x_wconf 88' lang='lat' dir='ltr'>illius</span> <span class='ocrx_word' id='word_1_68' title='bbox 682 1215 733 1280; x_wconf 88' lang='lat' dir='ltr'>vel</span> <span class='ocrx_word' id='word_1_69' title='bbox 768 1215 999 1280; x_wconf 80' lang='lat' dir='ltr'>communionis</span> <span class='ocrx_word' id='word_1_70' title='bbox 1027 1215 1177 1280; x_wconf 83' lang='lat' dir='ltr'>exstitere</span> <span class='ocrx_word' id='word_1_71' title='bbox 1203 1216 1387 1300; x_wconf 85' lang='lat' dir='ltr'>participes,</span> 
     </span>
     <span class='ocr_line' id='line_1_10' title="bbox 157 1316 1389 1402; baseline 0 -19"><span class='ocrx_word' id='word_1_72' title='bbox 157 1317 309 1384; x_wconf 71' lang='lat' dir='ltr'>mirandis</span> <span class='ocrx_word' id='word_1_73' title='bbox 330 1317 478 1383; x_wconf 75' lang='lat' dir='ltr'>Ecclesia</span> <span class='ocrx_word' id='word_1_74' title='bbox 500 1317 593 1382; x_wconf 86' lang='lat' dir='ltr'>duxit</span> <span class='ocrx_word' id='word_1_75' title='bbox 614 1339 682 1382; x_wconf 90' lang='lat' dir='ltr'>esse</span> <span class='ocrx_word' id='word_1_76' title='bbox 704 1318 901 1382; x_wconf 88' lang='lat' dir='ltr'>refutandos.</span> <span class='ocrx_word' id='word_1_77' title='bbox 939 1316 993 1383; x_wconf 83' lang='lat' dir='ltr'>Sic</span> <span class='ocrx_word' id='word_1_78' title='bbox 1015 1320 1145 1401; x_wconf 91' lang='lat' dir='ltr'>propter</span> <span class='ocrx_word' id='word_1_79' title='bbox 1173 1316 1389 1402; x_wconf 86' lang='lat' dir='ltr'>blasphemias</span> 
     </span>
     <span class='ocr_line' id='line_1_11' title="bbox 159 1418 1389 1505; baseline 0 -20"><span class='ocrx_word' id='word_1_80' title='bbox 159 1418 205 1484; x_wconf 79' lang='lat' dir='ltr'>ln·</span> <span class='ocrx_word' id='word_1_81' title='bbox 225 1421 324 1485; x_wconf 80' lang='lat' dir='ltr'>forma</span> <span class='ocrx_word' id='word_1_82' title='bbox 351 1418 426 1484; x_wconf 89' lang='lat' dir='ltr'>fidei</span> <span class='ocrx_word' id='word_1_83' title='bbox 454 1419 747 1505; x_wconf 88' lang='lat' dir='ltr'>communionisque</span> <span class='ocrx_word' id='word_1_84' title='bbox 770 1419 962 1503; x_wconf 87' lang='lat' dir='ltr'>catholicae,</span> <span class='ocrx_word' id='word_1_85' title='bbox 997 1418 1141 1483; x_wconf 91' lang='lat' dir='ltr'>Nicaeno</span> <span class='ocrx_word' id='word_1_86' title='bbox 1163 1418 1289 1504; x_wconf 89' lang='lat' dir='ltr'>prolata</span> <span class='ocrx_word' id='word_1_87' title='bbox 1317 1443 1389 1485; x_wconf 92' lang='lat' dir='ltr'>con-</span> 
     </span>
     <span class='ocr_line' id='line_1_12' title="bbox 160 1520 1492 1608; baseline 0.002 -21"><span class='ocrx_word' id='word_1_88' title='bbox 160 1526 237 1607; x_wconf 78' lang='lat' dir='ltr'>rau,</span> <span class='ocrx_word' id='word_1_89' title='bbox 271 1521 411 1588; x_wconf 84' lang='lat' dir='ltr'>Arianos</span> <span class='ocrx_word' id='word_1_90' title='bbox 444 1543 569 1606; x_wconf 92' lang='lat' dir='ltr'>omnes,</span> <span class='ocrx_word' id='word_1_91' title='bbox 607 1521 658 1587; x_wconf 83' lang='lat' dir='ltr'>vel</span> <span class='ocrx_word' id='word_1_92' title='bbox 685 1523 827 1608; x_wconf 89' lang='lat' dir='ltr'>quisquis</span> <span class='ocrx_word' id='word_1_93' title='bbox 859 1522 894 1585; x_wconf 90' lang='lat' dir='ltr'>in</span> <span class='ocrx_word' id='word_1_94' title='bbox 926 1520 1011 1586; x_wconf 91' lang='lat' dir='ltr'>hanc</span> <span class='ocrx_word' id='word_1_95' title='bbox 1044 1523 1168 1605; x_wconf 87' lang='lat' dir='ltr'>pestem</span> <span class='ocrx_word' id='word_1_96' title='bbox 1200 1523 1266 1586; x_wconf 91' lang='lat' dir='ltr'>sive</span> <span class='ocrx_word' id='word_1_97' title='bbox 1294 1545 1390 1587; x_wconf 88' lang='lat' dir='ltr'>sensu</span> <span class='ocrx_word' id='word_1_98' title='bbox 1490 1586 1492 1590; x_wconf 87' lang='lat'>.</span> 
     </span>
     <span class='ocr_line' id='line_1_13' title="bbox 76 1621 1389 1707; baseline 0.002 -19"><span class='ocrx_word' id='word_1_99' title='bbox 76 1660 84 1700; x_wconf 83' lang='grc'>;</span> <span class='ocrx_word' id='word_1_100' title='bbox 160 1621 200 1688; x_wconf 81' lang='lat' dir='ltr'>ire</span> <span class='ocrx_word' id='word_1_101' title='bbox 221 1624 438 1690; x_wconf 87' lang='lat' dir='ltr'>communione</span> <span class='ocrx_word' id='word_1_102' title='bbox 464 1623 633 1707; x_wconf 88' lang='lat' dir='ltr'>deciderit,</span> <span class='ocrx_word' id='word_1_103' title='bbox 664 1625 733 1689; x_wconf 90' lang='lat' dir='ltr'>sine</span> <span class='ocrx_word' id='word_1_104' title='bbox 754 1624 982 1689; x_wconf 85' lang='lat' dir='ltr'>retractatione</span> <span class='ocrx_word' id='word_1_105' title='bbox 1008 1622 1179 1687; x_wconf 88' lang='lat' dir='ltr'>concludit.</span> <span class='ocrx_word' id='word_1_106' title='bbox 1208 1623 1261 1690; x_wconf 85' lang='lat' dir='ltr'>Sic</span> <span class='ocrx_word' id='word_1_107' title='bbox 1283 1625 1389 1690; x_wconf 84' lang='lat' dir='ltr'>Euno-</span> 
     </span>
     <span class='ocr_line' id='line_1_14' title="bbox 81 1719 1388 1812; baseline 0.004 -25"><span class='ocrx_word' id='word_1_108' title='bbox 81 1758 94 1787; x_wconf 73' lang='grc'>,·</span> <span class='ocrx_word' id='word_1_109' title='bbox 161 1723 240 1811; x_wconf 77' lang='lat' dir='ltr'>nun,</span> <span class='ocrx_word' id='word_1_110' title='bbox 270 1725 511 1808; x_wconf 84' lang='lat' dir='ltr'>Macedonium,</span> <span class='ocrx_word' id='word_1_111' title='bbox 539 1719 724 1791; x_wconf 79' lang='lat' dir='ltr'>Nestorium</span> <span class='ocrx_word' id='word_1_112' title='bbox 746 1726 886 1811; x_wconf 84' lang='lat' dir='ltr'>synodus</span> <span class='ocrx_word' id='word_1_113' title='bbox 908 1725 1005 1790; x_wconf 89' lang='lat' dir='ltr'>semel</span> <span class='ocrx_word' id='word_1_114' title='bbox 1038 1728 1131 1810; x_wconf 81' lang='lat' dir='ltr'>gesta</span> <span class='ocrx_word' id='word_1_115' title='bbox 1160 1725 1388 1812; x_wconf 88' lang='lat' dir='ltr'>condemnans,</span> 
     </span>
     <span class='ocr_line' id='line_1_15' title="bbox 76 1818 1388 1914; baseline 0.005 -25"><span class='ocrx_word' id='word_1_116' title='bbox 76 1876 83 1889; x_wconf 90' lang='lat'>.</span> <span class='ocrx_word' id='word_1_117' title='bbox 162 1824 257 1893; x_wconf 82' lang='lat' dir='ltr'>ulterim</span> <span class='ocrx_word' id='word_1_118' title='bbox 284 1828 325 1893; x_wconf 87' lang='lat' dir='ltr'>ad</span> <span class='ocrx_word' id='word_1_119' title='bbox 353 1850 437 1892; x_wconf 86' lang='lat' dir='ltr'>nova</span> <span class='ocrx_word' id='word_1_120' title='bbox 464 1827 600 1892; x_wconf 87' lang='lat' dir='ltr'>concilia</span> <span class='ocrx_word' id='word_1_121' title='bbox 621 1818 730 1892; x_wconf 71' lang='lat' dir='ltr'>venire</span> <span class='ocrx_word' id='word_1_122' title='bbox 758 1849 823 1892; x_wconf 93' lang='lat' dir='ltr'>non</span> <span class='ocrx_word' id='word_1_123' title='bbox 852 1826 941 1910; x_wconf 80' lang='lat' dir='ltr'>sivit3</span> <span class='ocrx_word' id='word_1_124' title='bbox 974 1827 1030 1891; x_wconf 86' lang='lat' dir='ltr'>sed</span> <span class='ocrx_word' id='word_1_125' title='bbox 1058 1826 1222 1892; x_wconf 87' lang='lat' dir='ltr'>universos</span> <span class='ocrx_word' id='word_1_126' title='bbox 1249 1850 1388 1914; x_wconf 92' lang='lat' dir='ltr'>quocun-</span> 
     </span>
     <span class='ocr_line' id='line_1_16' title="bbox 76 1928 1388 2016; baseline -0.002 -17"><span class='ocrx_word' id='word_1_127' title='bbox 76 1963 87 1999; x_wconf 66' lang='grc' dir='ltr'>ε</span> <span class='ocrx_word' id='word_1_128' title='bbox 159 1944 196 2009; x_wconf 74' lang='lat' dir='ltr'>que</span> <span class='ocrx_word' id='word_1_129' title='bbox 211 1929 294 1994; x_wconf 87' lang='lat' dir='ltr'>modo</span> <span class='ocrx_word' id='word_1_130' title='bbox 321 1930 358 1994; x_wconf 91' lang='lat' dir='ltr'>in</span> <span class='ocrx_word' id='word_1_131' title='bbox 379 1929 438 1994; x_wconf 86' lang='lat' dir='ltr'>has</span> <span class='ocrx_word' id='word_1_132' title='bbox 465 1928 681 2014; x_wconf 88' lang='lat' dir='ltr'>blasphemias</span> <span class='ocrx_word' id='word_1_133' title='bbox 713 1929 907 2013; x_wconf 89' lang='lat' dir='ltr'>recidentes,</span> <span class='ocrx_word' id='word_1_134' title='bbox 936 1928 1056 1993; x_wconf 88' lang='lat' dir='ltr'>tradito</span> <span class='ocrx_word' id='word_1_135' title='bbox 1077 1929 1137 1992; x_wconf 90' lang='lat' dir='ltr'>sibi</span> <span class='ocrx_word' id='word_1_136' title='bbox 1166 1929 1268 1994; x_wconf 91' lang='lat' dir='ltr'>limite</span> <span class='ocrx_word' id='word_1_137' title='bbox 1295 1954 1388 2016; x_wconf 91' lang='lat' dir='ltr'>syno-</span> 
     </span>
     <span class='ocr_line' id='line_1_17' title="bbox 76 2023 1386 2117; baseline -0.002 -19"><span class='ocrx_word' id='word_1_138' title='bbox 76 2090 99 2100; x_wconf 88' lang='lat'>..</span> <span class='ocrx_word' id='word_1_139' title='bbox 158 2023 198 2095; x_wconf 66' lang='lat' dir='ltr'>Ali</span> <span class='ocrx_word' id='word_1_140' title='bbox 213 2030 361 2096; x_wconf 78' lang='lat' dir='ltr'>refutavit</span> <span class='ocrx_word' id='word_1_141' title='bbox 382 2030 539 2113; x_wconf 80' lang='lat' dir='ltr'>Ecclesia,</span> <span class='ocrx_word' id='word_1_142' title='bbox 568 2053 628 2096; x_wconf 89' lang='lat' dir='ltr'>nee</span> <span class='ocrx_word' id='word_1_143' title='bbox 655 2053 796 2117; x_wconf 90' lang='lat' dir='ltr'>unquam</span> <span class='ocrx_word' id='word_1_144' title='bbox 822 2033 910 2095; x_wconf 88' lang='lat' dir='ltr'>recte</span> <span class='ocrx_word' id='word_1_145' title='bbox 939 2031 1070 2095; x_wconf 88' lang='lat' dir='ltr'>cessisse</span> <span class='ocrx_word' id='word_1_146' title='bbox 1097 2031 1304 2095; x_wconf 87' lang='lat' dir='ltr'>manifestum</span> <span class='ocrx_word' id='word_1_147' title='bbox 1328 2037 1386 2116; x_wconf 92' lang='lat' dir='ltr'>est,</span> 
     </span>
     <span class='ocr_line' id='line_1_18' title="bbox 76 2131 1387 2225; baseline 0.001 -27"><span class='ocrx_word' id='word_1_148' title='bbox 76 2172 87 2183; x_wconf 85' lang='lat'><em>-</em></span> <span class='ocrx_word' id='word_1_149' title='bbox 157 2131 262 2225; x_wconf 62' lang='lat' dir='ltr'>quibet</span> <span class='ocrx_word' id='word_1_150' title='bbox 288 2135 482 2198; x_wconf 87' lang='lat' dir='ltr'>necessitate</span> <span class='ocrx_word' id='word_1_151' title='bbox 511 2137 662 2219; x_wconf 81' lang='lat' dir='ltr'>cogente,</span> <span class='ocrx_word' id='word_1_152' title='bbox 695 2133 821 2198; x_wconf 79' lang='lat' dir='ltr'>noviter</span> <span class='ocrx_word' id='word_1_153' title='bbox 847 2153 929 2217; x_wconf 90' lang='lat' dir='ltr'>quae</span> <span class='ocrx_word' id='word_1_154' title='bbox 961 2131 1090 2195; x_wconf 88' lang='lat' dir='ltr'>fueraut</span> <span class='ocrx_word' id='word_1_155' title='bbox 1116 2131 1287 2197; x_wconf 86' lang='lat' dir='ltr'>salubriter</span> <span class='ocrx_word' id='word_1_156' title='bbox 1314 2155 1387 2199; x_wconf 92' lang='lat' dir='ltr'>con·</span> 
     </span>
     <span class='ocr_line' id='line_1_19' title="bbox 139 2230 1386 2319; baseline 0.001 -20"><span class='ocrx_word' id='word_1_157' title='bbox 139 2230 248 2319; x_wconf 64' lang='lat' dir='ltr'>dun,</span> <span class='ocrx_word' id='word_1_158' title='bbox 275 2238 460 2300; x_wconf 81' lang='lat' dir='ltr'>temerasse.</span> <span class='ocrx_word' id='word_1_159' title='bbox 504 2234 579 2299; x_wconf 89' lang='lat' dir='ltr'>Non</span> <span class='ocrx_word' id='word_1_160' title='bbox 607 2238 714 2299; x_wconf 91' lang='lat' dir='ltr'>autem</span> <span class='ocrx_word' id='word_1_161' title='bbox 742 2256 801 2300; x_wconf 89' lang='lat' dir='ltr'>nos</span> <span class='ocrx_word' id='word_1_162' title='bbox 828 2235 925 2318; x_wconf 89' lang='lat' dir='ltr'>latet,</span> <span class='ocrx_word' id='word_1_163' title='bbox 960 2234 995 2297; x_wconf 92' lang='lat' dir='ltr'>in</span> <span class='ocrx_word' id='word_1_164' title='bbox 1022 2236 1215 2318; x_wconf 88' lang='lat' dir='ltr'>tempestate</span> <span class='ocrx_word' id='word_1_165' title='bbox 1241 2257 1386 2318; x_wconf 84' lang='lat' dir='ltr'>persecu·</span> 
     </span>
     <span class='ocr_line' id='line_1_20' title="bbox 76 2329 1387 2422; baseline 0 -21"><span class='ocrx_word' id='word_1_166' title='bbox 76 2363 91 2401; x_wconf 89' lang='lat'>:</span> <span class='ocrx_word' id='word_1_167' title='bbox 156 2329 222 2400; x_wconf 79' lang='lat' dir='ltr'>tuis</span> <span class='ocrx_word' id='word_1_168' title='bbox 239 2336 384 2401; x_wconf 80' lang='lat' dir='ltr'>Arianae</span> <span class='ocrx_word' id='word_1_169' title='bbox 410 2337 564 2421; x_wconf 86' lang='lat' dir='ltr'>plurimos</span> <span class='ocrx_word' id='word_1_170' title='bbox 591 2336 775 2420; x_wconf 87' lang='lat' dir='ltr'>pontifices,</span> <span class='ocrx_word' id='word_1_171' title='bbox 804 2336 844 2401; x_wconf 90' lang='lat' dir='ltr'>de</span> <span class='ocrx_word' id='word_1_172' title='bbox 871 2334 992 2401; x_wconf 88' lang='lat' dir='ltr'>exsiliis</span> <span class='ocrx_word' id='word_1_173' title='bbox 1026 2356 1105 2419; x_wconf 89' lang='lat' dir='ltr'>pace</span> <span class='ocrx_word' id='word_1_174' title='bbox 1132 2335 1257 2400; x_wconf 87' lang='lat' dir='ltr'>reddita</span> <span class='ocrx_word' id='word_1_175' title='bbox 1288 2339 1387 2422; x_wconf 91' lang='lat' dir='ltr'>respi-</span> 
     </span>
     <span class='ocr_line' id='line_1_21' title="bbox 87 2437 1387 2525; baseline 0.003 -25"><span class='ocrx_word' id='word_1_176' title='bbox 87 2494 92 2500; x_wconf 92' lang='lat'><em>.</em></span> <span class='ocrx_word' id='word_1_177' title='bbox 157 2439 241 2525; x_wconf 62' lang='lat' dir='ltr'>uoq</span> <span class='ocrx_word' id='word_1_178' title='bbox 269 2460 328 2525; x_wconf 93' lang='lat' dir='ltr'>per</span> <span class='ocrx_word' id='word_1_179' title='bbox 355 2441 459 2503; x_wconf 87' lang='lat' dir='ltr'>certes</span> <span class='ocrx_word' id='word_1_180' title='bbox 485 2438 665 2522; x_wconf 80' lang='lat' dir='ltr'>provincias</span> <span class='ocrx_word' id='word_1_181' title='bbox 693 2438 896 2524; x_wconf 79' lang='lat' dir='ltr'>congregatis</span> <span class='ocrx_word' id='word_1_182' title='bbox 926 2459 1033 2502; x_wconf 89' lang='lat' dir='ltr'>secum</span> <span class='ocrx_word' id='word_1_183' title='bbox 1060 2437 1214 2502; x_wconf 87' lang='lat' dir='ltr'>fratribus</span> <span class='ocrx_word' id='word_1_184' title='bbox 1237 2439 1387 2504; x_wconf 89' lang='lat' dir='ltr'>ecclesias</span> 
     </span>
     <span class='ocr_line' id='line_1_22' title="bbox 79 2539 1387 2625; baseline 0.002 -23"><span class='ocrx_word' id='word_1_185' title='bbox 79 2576 88 2602; x_wconf 90' lang='lat'>·.</span> <span class='ocrx_word' id='word_1_186' title='bbox 156 2540 333 2625; x_wconf 70' lang='lat' dir='ltr'>wnposuisse</span> <span class='ocrx_word' id='word_1_187' title='bbox 355 2539 518 2624; x_wconf 80' lang='lat' dir='ltr'>turbatas3</span> <span class='ocrx_word' id='word_1_188' title='bbox 546 2544 744 2604; x_wconf 90' lang='lat' dir='ltr'>nontamen</span> <span class='ocrx_word' id='word_1_189' title='bbox 770 2543 807 2604; x_wconf 93' lang='lat' dir='ltr'>ut</span> <span class='ocrx_word' id='word_1_190' title='bbox 833 2540 918 2604; x_wconf 91' lang='lat' dir='ltr'>illius</span> <span class='ocrx_word' id='word_1_191' title='bbox 946 2540 1059 2624; x_wconf 91' lang='lat' dir='ltr'>synodi</span> <span class='ocrx_word' id='word_1_192' title='bbox 1086 2539 1265 2624; x_wconf 89' lang='lat' dir='ltr'>Nicaenae,</span> <span class='ocrx_word' id='word_1_193' title='bbox 1299 2541 1387 2625; x_wconf 92' lang='lat' dir='ltr'>quid-</span> 
     </span>
     <span class='ocr_line' id='line_1_23' title="bbox 155 2637 1385 2725; baseline 0.002 -18.879"><span class='ocrx_word' id='word_1_194' title='bbox 155 2637 205 2717; x_wconf 71' lang='lat' dir='ltr'>ltid</span> <span class='ocrx_word' id='word_1_195' title='bbox 222 2641 257 2707; x_wconf 92' lang='lat' dir='ltr'>de</span> <span class='ocrx_word' id='word_1_196' title='bbox 282 2642 346 2706; x_wconf 86' lang='lat' dir='ltr'>fide</span> <span class='ocrx_word' id='word_1_197' title='bbox 369 2645 402 2706; x_wconf 90' lang='lat' dir='ltr'>et</span> <span class='ocrx_word' id='word_1_198' title='bbox 424 2642 645 2706; x_wconf 91' lang='lat' dir='ltr'>communione</span> <span class='ocrx_word' id='word_1_199' title='bbox 668 2641 826 2706; x_wconf 88' lang='lat' dir='ltr'>catholica</span> <span class='ocrx_word' id='word_1_200' title='bbox 847 2641 1044 2724; x_wconf 86' lang='lat' dir='ltr'>definiverat,</span> <span class='ocrx_word' id='word_1_201' title='bbox 1073 2642 1297 2725; x_wconf 89' lang='lat' dir='ltr'>immutarent,</span> <span class='ocrx_word' id='word_1_202' title='bbox 1326 2665 1385 2709; x_wconf 78' lang='lat' dir='ltr'>nee</span> 
     </span>
     <span class='ocr_line' id='line_1_24' title="bbox 136 2743 1387 2829; baseline 0.002 -22"><span class='ocrx_word' id='word_1_203' title='bbox 136 2750 209 2807; x_wconf 68' lang='lat' dir='ltr'>&#39;m</span> <span class='ocrx_word' id='word_1_204' title='bbox 225 2764 416 2829; x_wconf 89' lang='lat' dir='ltr'>quemquam</span> <span class='ocrx_word' id='word_1_205' title='bbox 444 2743 628 2828; x_wconf 88' lang='lat' dir='ltr'>prolapsum</span> <span class='ocrx_word' id='word_1_206' title='bbox 655 2743 861 2808; x_wconf 84' lang='lat' dir='ltr'>damnatione</span> <span class='ocrx_word' id='word_1_207' title='bbox 889 2743 1110 2827; x_wconf 88' lang='lat' dir='ltr'>percellerent,</span> <span class='ocrx_word' id='word_1_208' title='bbox 1140 2744 1195 2808; x_wconf 93' lang='lat' dir='ltr'>sed</span> <span class='ocrx_word' id='word_1_209' title='bbox 1222 2744 1308 2809; x_wconf 90' lang='lat' dir='ltr'>illius</span> <span class='ocrx_word' id='word_1_210' title='bbox 1336 2745 1387 2809; x_wconf 88' lang='lat' dir='ltr'>de-</span> 
     </span>
     <span class='ocr_line' id='line_1_25' title="bbox 151 2843 1387 2929; baseline 0.002 -20"><span class='ocrx_word' id='word_1_211' title='bbox 151 2845 205 2909; x_wconf 65' lang='lat' dir='ltr'>ffrh&#39;</span> <span class='ocrx_word' id='word_1_212' title='bbox 222 2847 333 2911; x_wconf 88' lang='lat' dir='ltr'>tenore</span> <span class='ocrx_word' id='word_1_213' title='bbox 354 2845 419 2909; x_wconf 92' lang='lat' dir='ltr'>nisi</span> <span class='ocrx_word' id='word_1_214' title='bbox 441 2846 636 2929; x_wconf 89' lang='lat' dir='ltr'>resipuisset,</span> <span class='ocrx_word' id='word_1_215' title='bbox 662 2845 845 2929; x_wconf 89' lang='lat' dir='ltr'>judicavere</span> <span class='ocrx_word' id='word_1_216' title='bbox 874 2843 1075 2928; x_wconf 91' lang='lat' dir='ltr'>damnatum,</span> <span class='ocrx_word' id='word_1_217' title='bbox 1105 2849 1250 2929; x_wconf 81' lang='lat' dir='ltr'>essetque</span> <span class='ocrx_word' id='word_1_218' title='bbox 1279 2867 1387 2911; x_wconf 90' lang='lat' dir='ltr'>conse·</span> 
     </span>
     <span class='ocr_line' id='line_1_26' title="bbox 148 2945 1269 3033; baseline 0 -21"><span class='ocrx_word' id='word_1_219' title='bbox 148 2952 231 3032; x_wconf 74' lang='lat' dir='ltr'>lttns,</span> <span class='ocrx_word' id='word_1_220' title='bbox 252 2951 288 3012; x_wconf 90' lang='lat' dir='ltr'>ut</span> <span class='ocrx_word' id='word_1_221' title='bbox 308 2946 374 3012; x_wconf 87' lang='lat' dir='ltr'>nisi</span> <span class='ocrx_word' id='word_1_222' title='bbox 396 2946 581 3033; x_wconf 81' lang='lat' dir='ltr'>corrigeret,</span> <span class='ocrx_word' id='word_1_223' title='bbox 605 2945 804 3011; x_wconf 70' lang='lat' dir='ltr'>clamationi</span> <span class='ocrx_word' id='word_1_224' title='bbox 827 2947 939 3030; x_wconf 89' lang='lat' dir='ltr'>procul</span> <span class='ocrx_word' id='word_1_225' title='bbox 961 2946 1056 3011; x_wconf 91' lang='lat' dir='ltr'>dubio</span> <span class='ocrx_word' id='word_1_226' title='bbox 1078 2947 1269 3030; x_wconf 88' lang='lat' dir='ltr'>subjaceret.</span> 
     </span>
     <span class='ocr_line' id='line_1_27' title="bbox 76 3047 1387 3132; baseline 0.001 -19"><span class='ocrx_word' id='word_1_227' title='bbox 76 3094 79 3103; x_wconf 82' lang='lat'>·</span> <span class='ocrx_word' id='word_1_228' title='bbox 207 3048 234 3113; x_wconf 85' lang='lat'>3.</span> <span class='ocrx_word' id='word_1_229' title='bbox 270 3047 394 3124; x_wconf 82' lang='lat' dir='ltr'>Quibus</span> <span class='ocrx_word' id='word_1_230' title='bbox 416 3048 654 3132; x_wconf 78' lang='lat' dir='ltr'>convenienter,</span> <span class='ocrx_word' id='word_1_231' title='bbox 687 3052 723 3113; x_wconf 92' lang='lat' dir='ltr'>ut</span> <span class='ocrx_word' id='word_1_232' title='bbox 744 3049 864 3113; x_wconf 91' lang='lat' dir='ltr'>dictum</span> <span class='ocrx_word' id='word_1_233' title='bbox 887 3050 954 3131; x_wconf 88' lang='lat' dir='ltr'>est,</span> <span class='ocrx_word' id='word_1_234' title='bbox 984 3070 1023 3112; x_wconf 84' lang='lat' dir='ltr'>ex</span> <span class='ocrx_word' id='word_1_235' title='bbox 1050 3052 1186 3132; x_wconf 89' lang='lat' dir='ltr'>paterna</span> <span class='ocrx_word' id='word_1_236' title='bbox 1213 3049 1387 3114; x_wconf 82' lang='lat' dir='ltr'>traditione</span> 
     </span>
     <span class='ocr_line' id='line_1_28' title="bbox 76 3148 1385 3235; baseline -0.001 -20"><span class='ocrx_word' id='word_1_237' title='bbox 76 3171 79 3175; x_wconf 88' lang='lat'>·</span> <span class='ocrx_word' id='word_1_238' title='bbox 144 3150 287 3233; x_wconf 57' lang='lat' dir='ltr'>mensis</span> <span class='ocrx_word' id='word_1_239' title='bbox 308 3148 615 3235; x_wconf 67' lang='lat' dir='ltr'>confidimus,‚quod</span> <span class='ocrx_word' id='word_1_240' title='bbox 637 3149 743 3215; x_wconf 89' lang='lat' dir='ltr'>nullus</span> <span class='ocrx_word' id='word_1_241' title='bbox 762 3151 831 3234; x_wconf 89' lang='lat' dir='ltr'>jam</span> <span class='ocrx_word' id='word_1_242' title='bbox 853 3150 1009 3215; x_wconf 85' lang='lat' dir='ltr'>veraciter</span> <span class='ocrx_word' id='word_1_243' title='bbox 1025 3149 1224 3214; x_wconf 76' lang='lat' dir='ltr'>Christianus</span> <span class='ocrx_word' id='word_1_244' title='bbox 1246 3150 1385 3235; x_wconf 84' lang='lat' dir='ltr'>ignoret,</span> 
     </span>
     <span class='ocr_line' id='line_1_29' title="bbox 142 3248 1387 3337; baseline 0 -21"><span class='ocrx_word' id='word_1_245' title='bbox 142 3248 369 3337; x_wconf 72' lang='lat' dir='ltr'>uiumjusque</span> <span class='ocrx_word' id='word_1_246' title='bbox 391 3252 505 3336; x_wconf 88' lang='lat' dir='ltr'>synodi</span> <span class='ocrx_word' id='word_1_247' title='bbox 528 3252 750 3335; x_wconf 90' lang='lat' dir='ltr'>constitutum,</span> <span class='ocrx_word' id='word_1_248' title='bbox 774 3253 857 3336; x_wconf 89' lang='lat' dir='ltr'>quod</span> <span class='ocrx_word' id='word_1_249' title='bbox 879 3251 1069 3316; x_wconf 89' lang='lat' dir='ltr'>universalis</span> <span class='ocrx_word' id='word_1_250' title='bbox 1086 3249 1251 3315; x_wconf 86' lang='lat' dir='ltr'>Ecclesiae</span> <span class='ocrx_word' id='word_1_251' title='bbox 1273 3253 1387 3335; x_wconf 86' lang='lat' dir='ltr'>proba-</span> 
     </span>
     <span class='ocr_line' id='line_1_30' title="bbox 140 3340 1396 3439; baseline 0.004 -27"><span class='ocrx_word' id='word_1_252' title='bbox 140 3340 178 3411; x_wconf 60' lang='lat' dir='ltr'>vit</span> <span class='ocrx_word' id='word_1_253' title='bbox 197 3372 358 3436; x_wconf 84' lang='lat' dir='ltr'>assensus,</span> <span class='ocrx_word' id='word_1_254' title='bbox 393 3353 517 3418; x_wconf 91' lang='lat' dir='ltr'>nullam</span> <span class='ocrx_word' id='word_1_255' title='bbox 547 3353 652 3438; x_wconf 76' lang='lat' dir='ltr'>magis</span> <span class='ocrx_word' id='word_1_256' title='bbox 686 3354 815 3439; x_wconf 83' lang='lat' dir='ltr'>exsequi</span> <span class='ocrx_word' id='word_1_257' title='bbox 843 3353 950 3417; x_wconf 86' lang='lat' dir='ltr'>sedem</span> <span class='ocrx_word' id='word_1_258' title='bbox 977 3357 1122 3437; x_wconf 91' lang='lat' dir='ltr'>oportere</span> <span class='ocrx_word' id='word_1_259' title='bbox 1149 3374 1226 3436; x_wconf 87' lang='lat' dir='ltr'>prae</span> <span class='ocrx_word' id='word_1_260' title='bbox 1261 3355 1396 3437; x_wconf 74' lang='lat' dir='ltr'>ceteris,</span> 
     </span>
     <span class='ocr_line' id='line_1_31' title="bbox 137 3454 1387 3539; baseline -0.003 -16"><span class='ocrx_word' id='word_1_261' title='bbox 137 3456 217 3525; x_wconf 69' lang='lat' dir='ltr'>illm</span> <span class='ocrx_word' id='word_1_262' title='bbox 235 3455 384 3539; x_wconf 86' lang='lat' dir='ltr'>primam,</span> <span class='ocrx_word' id='word_1_263' title='bbox 407 3476 489 3539; x_wconf 89' lang='lat' dir='ltr'>quac</span> <span class='ocrx_word' id='word_1_264' title='bbox 512 3457 544 3520; x_wconf 89' lang='lat' dir='ltr'>et</span> <span class='ocrx_word' id='word_1_265' title='bbox 565 3477 819 3539; x_wconf 88' lang='lat' dir='ltr'>unamquamque</span> <span class='ocrx_word' id='word_1_266' title='bbox 842 3455 998 3539; x_wconf 88' lang='lat' dir='ltr'>synodum</span> <span class='ocrx_word' id='word_1_267' title='bbox 1020 3476 1077 3518; x_wconf 90' lang='lat' dir='ltr'>sua</span> <span class='ocrx_word' id='word_1_268' title='bbox 1100 3454 1293 3518; x_wconf 86' lang='lat' dir='ltr'>auctoritate·</span> <span class='ocrx_word' id='word_1_269' title='bbox 1314 3477 1387 3519; x_wconf 91' lang='lat' dir='ltr'>con-</span> 
     </span>
     <span class='ocr_line' id='line_1_32' title="bbox 124 3538 1387 3641; baseline 0 -20"><span class='ocrx_word' id='word_1_270' title='bbox 124 3538 237 3639; x_wconf 62' lang='lat' dir='ltr'>shiat,</span> <span class='ocrx_word' id='word_1_271' title='bbox 258 3558 293 3621; x_wconf 88' lang='lat' dir='ltr'>et</span> <span class='ocrx_word' id='word_1_272' title='bbox 314 3556 505 3622; x_wconf 88' lang='lat' dir='ltr'>continuata</span> <span class='ocrx_word' id='word_1_273' title='bbox 532 3555 750 3621; x_wconf 90' lang='lat' dir='ltr'>moderatione</span> <span class='ocrx_word' id='word_1_274' title='bbox 773 3557 926 3640; x_wconf 80' lang='lat' dir='ltr'>custodit3</span> <span class='ocrx_word' id='word_1_275' title='bbox 956 3578 1015 3640; x_wconf 90' lang='lat' dir='ltr'>pro</span> <span class='ocrx_word' id='word_1_276' title='bbox 1038 3575 1098 3621; x_wconf 90' lang='lat' dir='ltr'>suo</span> <span class='ocrx_word' id='word_1_277' title='bbox 1117 3556 1241 3621; x_wconf 91' lang='lat' dir='ltr'>scilicet</span> <span class='ocrx_word' id='word_1_278' title='bbox 1267 3558 1387 3641; x_wconf 89' lang='lat' dir='ltr'>princi-</span> 
     </span>
     <span class='ocr_line' id='line_1_33' title="bbox 137 3657 1387 3744; baseline 0.001 -22"><span class='ocrx_word' id='word_1_279' title='bbox 137 3658 211 3741; x_wconf 65' lang='grc' dir='ltr'>Μ,</span> <span class='ocrx_word' id='word_1_280' title='bbox 230 3679 327 3744; x_wconf 87' lang='lat' dir='ltr'>quem</span> <span class='ocrx_word' id='word_1_281' title='bbox 349 3658 462 3723; x_wconf 87' lang='lat' dir='ltr'>beatus</span> <span class='ocrx_word' id='word_1_282' title='bbox 484 3658 647 3742; x_wconf 91' lang='lat' dir='ltr'>apostolus</span> <span class='ocrx_word' id='word_1_283' title='bbox 669 3657 783 3723; x_wconf 89' lang='lat' dir='ltr'>Petrus</span> <span class='ocrx_word' id='word_1_284' title='bbox 805 3657 936 3722; x_wconf 89' lang='lat' dir='ltr'>Domini</span> <span class='ocrx_word' id='word_1_285' title='bbox 959 3681 1035 3724; x_wconf 87' lang='lat' dir='ltr'>voce</span> <span class='ocrx_word' id='word_1_286' title='bbox 1056 3662 1253 3743; x_wconf 91' lang='lat' dir='ltr'>perceptum,</span> <span class='ocrx_word' id='word_1_287' title='bbox 1277 3657 1387 3723; x_wconf 78' lang='lat' dir='ltr'>Eccle-</span> 
     </span>
     <span class='ocr_line' id='line_1_34' title="bbox 136 3748 1183 3845; baseline 0.003 -25"><span class='ocrx_word' id='word_1_288' title='bbox 136 3748 179 3820; x_wconf 56' lang='grc' dir='ltr'><strong>ἡ</strong></span> <span class='ocrx_word' id='word_1_289' title='bbox 193 3758 400 3825; x_wconf 88' lang='lat' dir='ltr'>nihilominus</span> <span class='ocrx_word' id='word_1_290' title='bbox 421 3759 646 3844; x_wconf 86' lang='lat' dir='ltr'>subsequente,</span> <span class='ocrx_word' id='word_1_291' title='bbox 671 3763 703 3824; x_wconf 90' lang='lat' dir='ltr'>ct</span> <span class='ocrx_word' id='word_1_292' title='bbox 724 3761 830 3824; x_wconf 89' lang='lat' dir='ltr'>tenuit</span> <span class='ocrx_word' id='word_1_293' title='bbox 852 3783 978 3845; x_wconf 90' lang='lat' dir='ltr'>semper</span> <span class='ocrx_word' id='word_1_294' title='bbox 999 3765 1032 3826; x_wconf 93' lang='lat' dir='ltr'>et</span> <span class='ocrx_word' id='word_1_295' title='bbox 1054 3760 1183 3824; x_wconf 90' lang='lat' dir='ltr'>retinet.</span> 
     </span>
    </p>

    <p class='ocr_par' dir='ltr' id='par_1_5' title="bbox 118 3858 1388 4865">
     <span class='ocr_line' id='line_1_35' title="bbox 206 3858 1387 3947; baseline 0.001 -20"><span class='ocrx_word' id='word_1_296' title='bbox 206 3858 294 3927; x_wconf 71' lang='lat' dir='ltr'>Haeo</span> <span class='ocrx_word' id='word_1_297' title='bbox 321 3860 398 3926; x_wconf 90' lang='lat' dir='ltr'>dum</span> <span class='ocrx_word' id='word_1_298' title='bbox 423 3861 579 3925; x_wconf 83' lang='lat' dir='ltr'>Acacium</span> <span class='ocrx_word' id='word_1_299' title='bbox 607 3861 703 3925; x_wconf 88' lang='lat' dir='ltr'>certis</span> <span class='ocrx_word' id='word_1_300' title='bbox 730 3863 937 3947; x_wconf 88' lang='lat' dir='ltr'>comperisset</span> <span class='ocrx_word' id='word_1_301' title='bbox 964 3862 1092 3926; x_wconf 90' lang='lat' dir='ltr'>indiciis</span> <span class='ocrx_word' id='word_1_302' title='bbox 1121 3884 1140 3924; x_wconf 84' lang='lat' dir='ltr'>a</span> <span class='ocrx_word' id='word_1_303' title='bbox 1172 3863 1307 3928; x_wconf 85' lang='lat' dir='ltr'>veritate</span> <span class='ocrx_word' id='word_1_304' title='bbox 1335 3863 1387 3928; x_wconf 87' lang='lat' dir='ltr'>‹lc-</span> 
     </span>
     <span class='ocr_line' id='line_1_36' title="bbox 118 3950 1387 4048; baseline 0 -20"><span class='ocrx_word' id='word_1_305' title='bbox 118 3950 234 4046; x_wconf 67' lang='lat' dir='ltr'>llus,</span> <span class='ocrx_word' id='word_1_306' title='bbox 255 3963 379 4029; x_wconf 88' lang='lat' dir='ltr'>diutius</span> <span class='ocrx_word' id='word_1_307' title='bbox 400 3963 464 4028; x_wconf 88' lang='lat' dir='ltr'>ists</span> <span class='ocrx_word' id='word_1_308' title='bbox 484 3983 550 4028; x_wconf 90' lang='lat' dir='ltr'>non</span> <span class='ocrx_word' id='word_1_309' title='bbox 574 3963 717 4047; x_wconf 88' lang='lat' dir='ltr'>credens,</span> <span class='ocrx_word' id='word_1_310' title='bbox 747 3964 865 4048; x_wconf 89' lang='lat' dir='ltr'>qnippe</span> <span class='ocrx_word' id='word_1_311' title='bbox 893 3986 987 4048; x_wconf 87' lang='lat' dir='ltr'>quem</span> <span class='ocrx_word' id='word_1_312' title='bbox 1008 3967 1143 4028; x_wconf 87' lang='lat' dir='ltr'>noverat</span> <span class='ocrx_word' id='word_1_313' title='bbox 1170 3968 1387 4029; x_wconf 86' lang='lat' dir='ltr'>exsecutorem</span> 
     </span>
     <span class='ocr_line' id='line_1_37' title="bbox 136 4064 1388 4150; baseline -0.002 -20"><span class='ocrx_word' id='word_1_314' title='bbox 136 4066 217 4148; x_wconf 65' lang='lat' dir='ltr'>&#39;epe</span> <span class='ocrx_word' id='word_1_315' title='bbox 236 4065 437 4130; x_wconf 86' lang='lat' dir='ltr'>necessariae</span> <span class='ocrx_word' id='word_1_316' title='bbox 459 4064 677 4150; x_wconf 87' lang='lat' dir='ltr'>dispositionis</span> <span class='ocrx_word' id='word_1_317' title='bbox 699 4087 775 4130; x_wconf 89' lang='lat' dir='ltr'>suae</span> <span class='ocrx_word' id='word_1_318' title='bbox 798 4070 911 4130; x_wconf 89' lang='lat' dir='ltr'>contra</span> <span class='ocrx_word' id='word_1_319' title='bbox 931 4066 1108 4130; x_wconf 89' lang='lat' dir='ltr'>haereticos</span> <span class='ocrx_word' id='word_1_320' title='bbox 1131 4066 1301 4147; x_wconf 83' lang='lat' dir='ltr'>exstitisse,</span> <span class='ocrx_word' id='word_1_321' title='bbox 1330 4088 1388 4149; x_wconf 91' lang='lat' dir='ltr'>per</span> 
     </span>
     <span class='ocr_line' id='line_1_38' title="bbox 135 4150 1388 4248; baseline -0.001 -17"><span class='ocrx_word' id='word_1_322' title='bbox 135 4150 296 4231; x_wconf 56' lang='lat' dir='ltr'>bianum</span> <span class='ocrx_word' id='word_1_323' title='bbox 315 4167 386 4232; x_wconf 83' lang='lat' dir='ltr'>fere</span> <span class='ocrx_word' id='word_1_324' title='bbox 407 4167 524 4231; x_wconf 90' lang='lat' dir='ltr'>litteris</span> <span class='ocrx_word' id='word_1_325' title='bbox 547 4165 716 4230; x_wconf 88' lang='lat' dir='ltr'>destinatis</span> <span class='ocrx_word' id='word_1_326' title='bbox 738 4167 884 4231; x_wconf 90' lang='lat' dir='ltr'>eumdem</span> <span class='ocrx_word' id='word_1_327' title='bbox 905 4188 1035 4231; x_wconf 91' lang='lat' dir='ltr'>monere</span> <span class='ocrx_word' id='word_1_328' title='bbox 1056 4190 1122 4230; x_wconf 91' lang='lat' dir='ltr'>non</span> <span class='ocrx_word' id='word_1_329' title='bbox 1145 4166 1279 4248; x_wconf 86' lang='lat' dir='ltr'>destitit,</span> <span class='ocrx_word' id='word_1_330' title='bbox 1303 4166 1388 4230; x_wconf 92' lang='lat' dir='ltr'>sicut</span> 
     </span>
     <span class='ocr_line' id='line_1_39' title="bbox 135 4266 1387 4352; baseline -0.002 -18"><span class='ocrx_word' id='word_1_331' title='bbox 135 4266 185 4335; x_wconf 62' lang='lat' dir='ltr'>PH</span> <span class='ocrx_word' id='word_1_332' title='bbox 200 4267 340 4333; x_wconf 82' lang='lat' dir='ltr'>divcreos</span> <span class='ocrx_word' id='word_1_333' title='bbox 360 4269 459 4333; x_wconf 83' lang='lat' dir='ltr'>missa</span> <span class='ocrx_word' id='word_1_334' title='bbox 480 4267 688 4344; x_wconf 47' lang='lat' dir='ltr'>familiariter,</span> <span class='ocrx_word' id='word_1_335' title='bbox 704 4269 825 4352; x_wconf 86' lang='lat' dir='ltr'>scripta</span> <span class='ocrx_word' id='word_1_336' title='bbox 846 4271 1016 4332; x_wconf 87' lang='lat' dir='ltr'>testantur.</span> <span class='ocrx_word' id='word_1_337' title='bbox 1044 4267 1165 4342; x_wconf 81' lang='lat' dir='ltr'>Quibus</span> <span class='ocrx_word' id='word_1_338' title='bbox 1180 4268 1234 4331; x_wconf 88' lang='lat' dir='ltr'>ille</span> <span class='ocrx_word' id='word_1_339' title='bbox 1249 4268 1387 4350; x_wconf 90' lang='lat' dir='ltr'>primum</span> 
     </span>
     <span class='ocr_line' id='line_1_40' title="bbox 134 4352 1387 4455; baseline -0.002 -20"><span class='ocrx_word' id='word_1_340' title='bbox 134 4352 285 4455; x_wconf 51' lang='lat' dir='ltr'>finquarn</span> <span class='ocrx_word' id='word_1_341' title='bbox 311 4369 420 4435; x_wconf 89' lang='lat' dir='ltr'>dedito</span> <span class='ocrx_word' id='word_1_342' title='bbox 448 4369 577 4434; x_wconf 88' lang='lat' dir='ltr'>silentio</span> <span class='ocrx_word' id='word_1_343' title='bbox 609 4370 692 4434; x_wconf 88' lang='lat' dir='ltr'>nihil</span> <span class='ocrx_word' id='word_1_344' title='bbox 725 4371 915 4455; x_wconf 87' lang='lat' dir='ltr'>respondere</span> <span class='ocrx_word' id='word_1_345' title='bbox 942 4392 1139 4454; x_wconf 78' lang='lat' dir='ltr'>proponeuS,</span> <span class='ocrx_word' id='word_1_346' title='bbox 1174 4369 1303 4431; x_wconf 87' lang='lat' dir='ltr'>tandem</span> <span class='ocrx_word' id='word_1_347' title='bbox 1332 4367 1387 4432; x_wconf 90' lang='lat' dir='ltr'>ali·</span> 
     </span>
     <span class='ocr_line' id='line_1_41' title="bbox 133 4470 1387 4557; baseline -0.005 -19"><span class='ocrx_word' id='word_1_348' title='bbox 133 4470 245 4545; x_wconf 73' lang='lat' dir='ltr'>torum</span> <span class='ocrx_word' id='word_1_349' title='bbox 267 4471 375 4537; x_wconf 87' lang='lat' dir='ltr'>missis</span> <span class='ocrx_word' id='word_1_350' title='bbox 395 4471 513 4536; x_wconf 87' lang='lat' dir='ltr'>litteris</span> <span class='ocrx_word' id='word_1_351' title='bbox 535 4472 714 4557; x_wconf 87' lang='lat' dir='ltr'>profitetur,</span> <span class='ocrx_word' id='word_1_352' title='bbox 744 4495 778 4537; x_wconf 92' lang='lat' dir='ltr'>se</span> <span class='ocrx_word' id='word_1_353' title='bbox 801 4471 1021 4536; x_wconf 87' lang='lat' dir='ltr'>Alexandrino</span> <span class='ocrx_word' id='word_1_354' title='bbox 1043 4472 1149 4553; x_wconf 91' lang='lat' dir='ltr'>Petro,</span> <span class='ocrx_word' id='word_1_355' title='bbox 1179 4491 1272 4553; x_wconf 90' lang='lat' dir='ltr'>quem</span> <span class='ocrx_word' id='word_1_356' title='bbox 1295 4491 1387 4554; x_wconf 87' lang='lat' dir='ltr'>expe-</span> 
     </span>
     <span class='ocr_line' id='line_1_42' title="bbox 131 4556 1387 4660; baseline -0.003 -21"><span class='ocrx_word' id='word_1_357' title='bbox 131 4556 183 4639; x_wconf 50' lang='grc' dir='ltr'>δὴ</span> <span class='ocrx_word' id='word_1_358' title='bbox 205 4572 515 4660; x_wconf 82' lang='lat' dir='ltr'>apostolicaesedis</span> <span class='ocrx_word' id='word_1_359' title='bbox 548 4578 714 4641; x_wconf 87' lang='lat' dir='ltr'>exsecutor</span> <span class='ocrx_word' id='word_1_360' title='bbox 747 4575 815 4659; x_wconf 90' lang='lat' dir='ltr'>ipse</span> <span class='ocrx_word' id='word_1_361' title='bbox 848 4596 972 4659; x_wconf 90' lang='lat' dir='ltr'>quoque</span> <span class='ocrx_word' id='word_1_362' title='bbox 1009 4573 1233 4655; x_wconf 87' lang='lat' dir='ltr'>damnaverat,</span> <span class='ocrx_word' id='word_1_363' title='bbox 1268 4572 1387 4656; x_wconf 89' lang='lat' dir='ltr'>absque</span> 
     </span>
     <span class='ocr_line' id='line_1_43' title="bbox 128 4673 1387 4761; baseline -0.004 -19"><span class='ocrx_word' id='word_1_364' title='bbox 128 4677 315 4761; x_wconf 45' lang='lat' dir='ltr'>&amp;aulicae</span> <span class='ocrx_word' id='word_1_365' title='bbox 337 4675 423 4741; x_wconf 85' lang='lat' dir='ltr'>sedis</span> <span class='ocrx_word' id='word_1_366' title='bbox 444 4675 561 4740; x_wconf 87' lang='lat' dir='ltr'>notitia</span> <span class='ocrx_word' id='word_1_367' title='bbox 583 4676 806 4740; x_wconf 89' lang='lat' dir='ltr'>communione</span> <span class='ocrx_word' id='word_1_368' title='bbox 828 4675 1030 4760; x_wconf 87' lang='lat' dir='ltr'>permixtum.</span> <span class='ocrx_word' id='word_1_369' title='bbox 1060 4673 1154 4739; x_wconf 90' lang='lat' dir='ltr'>Beati</span> <span class='ocrx_word' id='word_1_370' title='bbox 1176 4677 1284 4738; x_wconf 89' lang='lat' dir='ltr'>autem</span> <span class='ocrx_word' id='word_1_371' title='bbox 1298 4673 1387 4738; x_wconf 91' lang='lat' dir='ltr'>Petri</span> 
     </span>
     <span class='ocr_line' id='line_1_44' title="bbox 126 4777 1388 4865; baseline -0.006 -18"><span class='ocrx_word' id='word_1_372' title='bbox 126 4778 219 4863; x_wconf 65' lang='lat' dir='ltr'>briss,</span> <span class='ocrx_word' id='word_1_373' title='bbox 246 4798 332 4865; x_wconf 82' lang='lat' dir='ltr'>quae</span> <span class='ocrx_word' id='word_1_374' title='bbox 354 4777 611 4844; x_wconf 84' lang='lat' dir='ltr'>Alexandrinum</span> <span class='ocrx_word' id='word_1_375' title='bbox 634 4777 765 4842; x_wconf 87' lang='lat' dir='ltr'>Petrum</span> <span class='ocrx_word' id='word_1_376' title='bbox 792 4800 826 4842; x_wconf 92' lang='lat' dir='ltr'>se</span> <span class='ocrx_word' id='word_1_377' title='bbox 854 4777 1076 4841; x_wconf 90' lang='lat' dir='ltr'>tantummodo</span> <span class='ocrx_word' id='word_1_378' title='bbox 1104 4777 1291 4859; x_wconf 86' lang='lat' dir='ltr'>damnasse,</span> <span class='ocrx_word' id='word_1_379' title='bbox 1321 4798 1388 4840; x_wconf 92' lang='lat' dir='ltr'>non</span> 
     </span>
    </p>

    <p class='ocr_par' dir='ltr' id='par_1_6' title="bbox 76 4856 1388 5015">
     <span class='ocr_line' id='line_1_45' title="bbox 76 4856 1388 5015; baseline -0.001 -68"><span class='ocrx_word' id='word_1_380' title='bbox 76 4856 94 5015; x_wconf 58' lang='lat' dir='ltr'>J</span> <span class='ocrx_word' id='word_1_381' title='bbox 116 4884 213 4957; x_wconf 77' lang='lat' dir='ltr'>stiam</span> <span class='ocrx_word' id='word_1_382' title='bbox 234 4879 374 4948; x_wconf 81' lang='lat' dir='ltr'>solvisse</span> <span class='ocrx_word' id='word_1_383' title='bbox 396 4883 540 4968; x_wconf 66' lang='lat' dir='ltr'>uernat,</span> <span class='ocrx_word' id='word_1_384' title='bbox 564 4902 629 4946; x_wconf 90' lang='lat' dir='ltr'>non</span> <span class='ocrx_word' id='word_1_385' title='bbox 652 4881 788 4968; x_wconf 78' lang='lat' dir='ltr'>recepit,</span> <span class='ocrx_word' id='word_1_386' title='bbox 816 4885 910 4967; x_wconf 84' lang='lat' dir='ltr'>atque</span> <span class='ocrx_word' id='word_1_387' title='bbox 934 4879 1016 4970; x_wconf 90' lang='lat' dir='ltr'>ideo,</span> <span class='ocrx_word' id='word_1_388' title='bbox 1039 4901 1081 4945; x_wconf 90' lang='lat' dir='ltr'>ne</span> <span class='ocrx_word' id='word_1_389' title='bbox 1102 4901 1161 4969; x_wconf 91' lang='lat' dir='ltr'>per</span> <span class='ocrx_word' id='word_1_390' title='bbox 1176 4878 1332 4948; x_wconf 81' lang='lat' dir='ltr'>Acacium</span> <span class='ocrx_word' id='word_1_391' title='bbox 1351 4879 1388 4946; x_wconf 89' lang='lat' dir='ltr'>in</span> 
     </span>
    </p>
   </div>
   <div class='ocr_carea' id='block_1_3' title="bbox 0 0 1606 5506">
    <p class='ocr_par' dir='ltr' id='par_1_7' title="bbox 0 0 1606 5506">
     <span class='ocr_line' id='line_1_46' title="bbox 0 0 1606 5506; baseline 0 1"><span class='ocrx_word' id='word_1_392' title='bbox 0 0 1606 5506; x_wconf 95' lang='lat' dir='ltr'> </span> 
     </span>
    </p>
   </div>
  </div>
 </body>
</html>
