3204 5506
154 516 188 575 (a.
200 519 270 578 490.)

122 2131 263 2197 11111118.

173 2731 187 2778 l
198 2726 259 2781 Cor.

185 2802 256 2862 4,13.

278 332 342 399 272
730 352 758 399 s.
777 349 911 397 1111111
935 350 961 396 11
983 347 1097 396 esraa

280 502 357 566 lium
379 503 553 606 secundnm
576 503 806 567 conscientiam
828 502 995 579 relaxandi
1017 524 1083 566 non
1105 502 1168 566 nisi
1190 500 1396 587 pontificibus
1416 502 1478 567 suis

277 603 351 669 dinc
374 605 567 688 competenti
590 627 728 689 superna
750 605 874 670 dederit
896 603 1091 687 dispensatio
1113 603 1313 669 facultatem.
1351 601 1411 680 Qui
1430 602 1478 669 l'c

275 709 395 790 tamen,
425 708 451 770 si
481 729 553 771 vere
575 712 721 790 receptus
744 715 836 789 esset,
866 706 994 770 veniam
1022 704 1136 769 mereri
1158 704 1269 769 debuit
1290 727 1358 770 non
1379 704 1478 771 honor

275 808 337 905 qui·
356 831 375 873 a
404 809 564 873 damnatis
592 813 687 894 atque
709 808 880 873 haereticis
901 808 1020 871 falsum
1049 806 1220 871 sacerdotii
1241 828 1361 872 nomen
1383 807 1478 893 accipi

276 910 453 975 catholicae
474 933 542 975 non
558 915 686 995 poterat
701 910 854 976 ecelesiae
870 909 1061 994 praesidere.
1091 907 1181 974 Haec
1197 930 1269 994 ego,
1292 909 1478 975 reverentias

275 1012 440 1096 princeps,
471 1014 559 1078 beati
587 1013 676 1078 Petri
704 1013 933 1098 qualiscunque
960 1011 1108 1094 vicanus,
1143 1032 1209 1075 non
1239 1011 1430 1095 auctoritate
1455 1034 1478 1077 u

276 1115 469 1198 apostolicae
490 1117 661 1200 potestatis
684 1118 866 1199 extorqueo,
897 1113 952 1178 sed
973 1116 1139 1197 tamquam
1160 1112 1317 1178 sollicitus
1340 1116 1438 1197 pater,
1457 1134 1478 1177 11

274 1219 341 1279 tem
362 1218 669 1303 prosperitatemque
698 1215 936 1282 clementissimi
963 1215 1020 1279 filii
1042 1236 1172 1279 manere
1195 1215 1329 1299 cupiens
1351 1214 1478 1280 diuturne

275 1318 411 1383 tidenter
437 1319 582 1403 imploro.
628 1319 713 1384 Ecce
740 1318 971 1400 desideramus,
1001 1321 1164 1401 optamus,
1194 1317 1353 1383 ambimus
1380 1316 1477 1382 ecclesi

276 1419 683 1505 Constantinopolitanam,
714 1421 797 1484 sicut
825 1441 965 1504 semper,
995 1418 1114 1483 habere
1145 1440 1334 1507 connexam.
1378 1418 1478 1484 llxuan

275 1522 406 1587 obsecro
434 1525 475 1587 ab
501 1524 562 1603 his,
591 1524 645 1608 qui
673 1524 775 1588 nostri
803 1545 869 1587 non
898 1526 983 1604 sunt,
1014 1529 1047 1585 et
1073 1543 1132 1585 nos
1163 1514 1287 1606 quoque
1312 1522 1478 1586 volumnae

275 1624 449 1688 nobiscum.
488 1624 724 1690 Postidationes
748 1629 833 1690 certe
855 1625 1001 1709 gentium
1026 1623 1245 1706 barbararum,
1275 1621 1478 1688 venerabilisi

275 1729 412 1808 perator,
434 1748 493 1811 pro
515 1728 620 1812 quiete
642 1727 796 1792 mundani
812 1727 904 1810 regni
926 1725 1053 1810 publice
1075 1725 1236 1811 benignus
1257 1725 1403 1790 exaudis:
1423 1746 1478 1810 qua

274 1828 501 1912 praestantius,
526 1851 642 1914 quaeso
664 1833 708 1910 te,
736 1850 846 1914 preces
869 1827 1063 1911 apostolicae
1086 1827 1169 1890 sedis
1191 1849 1250 1910 pro
1272 1829 1478 1892 sacrarumtn

274 1928 433 2012 quillitatc
455 1952 560 1994 rerum
582 1932 728 2015 placatus
751 1929 909 1994 admittis!
939 1928 1010 1994 Hoc
1025 1928 1111 1993 enim
1126 1929 1187 1993 hoc
1203 1928 1342 2013 expedit,
1366 1932 1402 1993 ut
1414 1929 1440 1995 si
1451 1930 1478 1991 ut

274 2052 335 2115 que
349 2030 452 2096 Roma
474 2054 532 2117 pro
553 2036 663 2098 mutuo
686 2034 820 2118 pignore
844 2035 1057 2116 nuncupatur,
1081 2031 1139 2118 fiat
1160 2034 1296 2114 utraque
1319 2053 1385 2095 una
1398 2030 1469 2095 fides

274 2131 501 2218 Romanorum,
526 2157 621 2219 quam
644 2157 701 2219 per
723 2136 905 2222 universum
927 2133 1080 2198 mundum
1102 2131 1282 2216 praedicari
1296 2131 1478 2198 11111111Ρ11

273 2238 411 2300 testatur
439 2237 612 2320 apostolus,
643 2238 725 2302 sicut
753 2238 837 2322 apud
866 2240 991 2301 nostros
1014 2235 1121 2299 floruit
1142 2234 1317 2298 indiscreta
1339 2234 1478 2318 majoratu

274 2359 356 2422 quae
376 2359 495 2422 genere
517 2339 691 2404 concordat
713 2361 751 2404 ae
766 2339 906 2421 nomine,
930 2360 996 2402 non
1011 2337 1055 2401 sit
1068 2336 1224 2423 religione
1240 2336 1353 2420 divisa,
1376 2358 1434 2421 per
1445 2357 1478 2422 qu

275 2439 372 2503 etiam
393 2439 610 2523 discrepantia
633 2442 832 2525 copulantur.
877 2440 1019 2504 Putasne
1047 2461 1114 2521 me,
1143 2437 1337 2504 venerabilis
1359 2439 1478 2523 impera

275 2562 339 2604 non
363 2563 435 2605 curn
457 2541 605 2626 lacrymis
627 2544 690 2607 ista
713 2542 905 2627 profundere
933 2546 966 2606 et
987 2542 1075 2605 velut
1095 2544 1298 2624 praesentem
1320 2539 1362 2604 ad
1383 2543 1478 2624 tuae]

274 2642 352 2706 tatis
374 2643 535 2728 vestigia?
572 2643 640 2709 Nec
663 2645 748 2708 enim
770 2646 870 2729 piget,
894 2645 929 2708 iu
952 2642 1009 2707 tali
1031 2642 1170 2707 maxime
1192 2664 1300 2724 causa,
1323 2641 1478 2727 imperiali

274 2742 389 2807 officiis
411 2744 571 2829 inclinari,
596 2769 691 2830 quum
714 2769 748 2811 se
771 2747 932 2830 apostolus
955 2746 1096 2810 omnium
1117 2745 1240 2808 factum
1262 2743 1350 2810 dicat
1373 2766 1441 2809 esse
1459 2766 1478 2830 p

274 2866 393 2929 psema.

357 2949 388 3012 4.
432 2947 522 3015 Haec
544 2951 663 3015 diutius
685 2952 783 3034 tacui,
815 2973 856 3016 ne
878 2951 950 3015 aliis
974 2950 1136 3015 contraria
1157 2949 1408 3034 suggerentibus
1429 2949 1478 3014 irn

273 3048 411 3115 rentiam
439 3053 518 3116 meis
548 3054 654 3138 potius
681 3053 797 3117 litteris
831 3074 1071 3117 commoverem.
1122 3050 1242 3116 Verum
1269 3073 1358 3116 nunc
1389 3051 1478 3117 facul*

273 3157 435 3237 percepta,
459 3154 596 3237 qualiter
618 3155 727 3239 vigeat
751 3156 786 3220 in
808 3177 879 3219 meo
902 3154 995 3219 corde
1017 3157 1142 3218 vestrae
1170 3152 1304 3241 pietatis
1328 3153 1473 3237 affectus,

273 3254 376 3334 sinuo,
404 3256 478 3339 quia
505 3277 668 3320 successus
695 3257 833 3321 traditae
860 3257 951 3320 vobis
980 3256 1132 3321 divinitus
1160 3255 1331 3338 potestatis
1358 3256 1478 3340 cupio]

272 3356 442 3439 pitiatione
471 3360 628 3422 constare.
679 3357 805 3442 Neque,
836 3358 1017 3422 venerande
1044 3358 1106 3441 fili,
1136 3378 1267 3441 respuas
1293 3358 1478 3443 supplicant

272 3478 352 3521 neve
380 3480 483 3522 ineam
511 3461 589 3524 velis
617 3461 817 3526 dissimulare
844 3483 1024 3545 personam.
1069 3460 1108 3524 In
1135 3480 1187 3523 me
1214 3458 1301 3524 enim
1329 3460 1478 3545 qualicur

272 3559 391 3623 vicario
413 3559 525 3624 beatus
547 3561 661 3627 Petrus
684 3564 866 3647 apostolus,
881 3566 914 3627 et
934 3563 1014 3627 haec
1036 3561 1071 3625 in
1092 3561 1158 3644 illo,
1182 3561 1236 3645 qui
1251 3560 1435 3627 Ecclesiam
1459 3586 1478 3628 s

273 3659 410 3744 discerpi
438 3684 504 3726 nou
532 3664 664 3747 patitur,
694 3665 762 3749 ipse
790 3665 888 3729 etiam
910 3664 1055 3730 Christus
1078 3663 1231 3748 exposcit.
1276 3662 1388 3746 Absit,
1414 3665 1478 3729 ut]

272 3782 461 3846 quemquam
476 3763 659 3830 Christiana
681 3789 771 3831 mens
793 3771 849 3830 tua
871 3767 921 3830 vel
944 3766 1045 3850 possit
1058 3766 1108 3830 vel
1123 3764 1239 3829 debeat
1254 3764 1432 3851 anteferre,
1456 3790 1478 3853 q

271 3884 330 3946 pro
352 3886 386 3928 11
408 3865 489 3930 votis
512 3867 659 3931 omnibus
680 3868 841 3933 desideras
862 3869 1002 3933 exorari:
1026 3866 1213 3952 praesertim
1235 3887 1332 3950 quum
1356 3869 1458 3933 tanta

271 3964 328 4029 illa
356 3966 406 4030 vel
427 3966 517 4051 talia,
547 3991 628 4053 quae
655 3970 827 4053 tyrannide
857 3970 962 4034 deleta
991 3992 1049 4054 pro
1076 3969 1138 4033 fide
1167 3967 1327 4033 catholica
1356 3970 1478 4054 gessia

271 4065 367 4151 geris,
396 4071 432 4131 ut
458 4069 554 4153 plena
583 4093 602 4133 a
624 4069 692 4135 Deo
724 4075 848 4136 vestrae
875 4071 1090 4136 conscientiae
1118 4070 1338 4155 experimenta
1365 4074 1478 4139 1111111

271 4166 319 4233 De
348 4170 462 4254 quibus
492 4172 552 4235 etsi
575 4172 650 4256 quid
671 4172 819 4237 fortassis
841 4173 993 4238 omissum
1015 4177 1074 4256 est,
1098 4194 1165 4237 non
1185 4171 1320 4256 respicit
1341 4173 1411 4239 nisi
1433 4196 1478 4261 pc

271 4270 356 4335 virus
378 4273 506 4356 Aeacii,
536 4273 589 4357 qui
612 4274 685 4338 dum
709 4275 828 4340 illicitis
853 4296 994 4340 creseere
1016 4273 1122 4339 tendit
1144 4274 1327 4360 augmentis
1337 4275 1379 4363 ⁸),
1404 4298 1478 4344 eae

240 4426 245 4433 .
271 4378 377 4438 rectae
405 4374 554 4460 religioni
591 4378 821 4462 congruerent,
853 4377 943 4442 vobis
973 4379 1059 4442 inter
1087 4398 1178 4442 curas
1204 4375 1354 4461 publicas
1381 4400 1478 4466 occu}

270 4473 395 4540 destitit
422 4477 581 4542 intimare.
626 4478 710 4545 Nam
738 4480 841 4564 pietas
870 4485 926 4544 tua
951 4479 1106 4565 quomodo
1128 4501 1195 4544 non
1217 4477 1420 4564 sequendum
1443 4503 1478 4568 p(

270 4647 435 4659 --.-—
443 4653 574 4661 .-..—...

338 4732 359 4801 ⁸)
376 4727 477 4801 Notat,
495 4731 688 4801 ambitionem,
708 4752 764 4804 qua
780 4732 930 4791 secundam
948 4732 1043 4791 sedem
1060 4731 1177 4790 Aeacius
1194 4736 1224 4791 11
1241 4733 1478 4808 episcoporimb

269 4812 354 4870 uersis
367 4813 516 4886 provinciis
527 4818 715 4873 ordinationes
727 4819 911 4875 renitentibus
923 4821 1036 4876 summis
1047 4819 1225 4891 pontificibus
1237 4819 1405 4891 affectaret,
1423 4840 1478 4879 omi

271 4917 343 4970 quae
360 4918 445 4970 111111
464 4902 592 4970 gesserat
609 4904 714 4959 iontem
732 4906 761 4959 ct
778 4904 914 4974 originem
932 4907 1023 4962 fuisse.
1268 4922 1271 4927 ·
