3204 5506
624 343 822 394 nersronan
847 338 873 394 1.
1344 339 1387 402 23

163 517 205 568 sito
221 509 359 572 refutantur,
380 508 515 565 simillima
536 514 600 564 sunt
621 509 662 578 iis,
691 525 758 582 quae
780 507 901 565 Gelasius
923 512 1071 585 epistolo3
1094 530 1120 567 n.
1135 512 1174 570 15
1195 514 1278 571 0112
1299 517 1386 574 6.10

162 598 256 669 disputat.
282 594 379 651 Deinde
400 592 474 668 quod
490 596 600 650 Aeacius
615 611 672 650 non
694 599 797 651 contro
815 597 900 667 fidem
916 613 1061 667 peccasse
1082 595 1119 669 (n.
1139 597 1198 671 14),
1219 599 1298 656 sedes
1320 618 1384 675 apo·

160 681 228 737 6101101
238 689 315 737 autem
330 697 392 736 curn
407 696 421 734 a
437 680 626 735 communione
641 696 689 735 sua
705 678 873 736 submovisse
888 680 1001 745 dicatur,
1025 699 1061 738 ne
1085 687 1113 738 et
1125 687 1191 755 ipsa
1203 687 1384 757 perfidorum

159 769 256 840 cantapia
276 769 370 823 iniisse
385 766 533 822 videretur
548 763 586 837 (n.
601 762 659 836 11).
682 766 746 820 satis
765 782 884 821 consone
907 776 1100 822 commemorat
1117 776 1144 823 et
1159 768 1246 840 rejicit
1262 769 1383 827 Gelasius

156 851 241 926 epists
259 851 317 908 ns
339 859 366 906 et
382 850 421 907 26
444 867 471 906 ιι.
488 848 517 906 4.
548 849 642 905 11111οι6
664 851 709 923 qui
730 867 757 905 n.
776 849 815 906 27
839 851 925 907 Aeacii
942 852 1076 908 coactioni
1091 856 1175 910 timor
1189 855 1279 911 divini
1292 861 1396 913 meins.

155 938 274 1010 opponitur.
288 937 314 993 in
336 934 434 992 Gelasii
457 935 572 1009 epistola
588 934 606 991 3
630 951 656 990 n.
676 934 702 996 7,
721 936 759 992 13
776 942 804 990 01
821 935 859 991 14
875 937 1004 999 recurrit:
1026 954 1077 993 nee
1091 936 1147 1000 illa,
1165 955 1275 1012 quaen.
1293 939 1334 998 30
1349 941 1382 996 de

153 1024 224 1078 tucio
236 1039 375 1095 antiquom
396 1023 529 1078 solvendo
551 1020 733 1093 disputantur,
755 1019 786 1075 ab
802 1022 834 1077 iis
850 1019 1004 1083 abhorrent,
1027 1038 1095 1096 quae
1111 1021 1231 1078 Gelasius
1254 1031 1332 1081 tract.
1349 1025 1383 1080 lV

151 1126 172 1162 n.
184 1108 197 1163 6
208 1123 255 1181 seq.
270 1108 383 1181 prosert.
415 1104 541 1180 Exempla
556 1104 601 1160 illa
618 1114 706 1160 autem
722 1104 755 1161 de
771 1107 841 1168 viris,
860 1108 904 1179 qui
912 1108 1152 1178 persecutoribus
1165 1108 1285 1180 sortiter
1299 1114 1381 1177 resti-

149 1197 230 1253 tissent,
243 1210 267 1248 u.
284 1191 324 1248 25
339 1192 492 1265 perstricta,
510 1191 773 1264 tantomimaginem
785 1190 882 1247 Gelasii
900 1191 1030 1264 epistolae
1047 1190 1086 1248 26
1102 1208 1129 1247 6.
1149 1193 1186 1247 11
1203 1182 1335 1256 raserunt,
1351 1203 1383 1250 ut

149 1277 179 1332 vel
188 1278 324 1351 persecutio
336 1293 433 1348 nuper
447 1280 475 1331 in
491 1275 598 1347 Africo
616 1274 683 1330 saeta
699 1274 873 1349 producatur.
904 1276 1007 1332 Pariter
1022 1284 1188 1351 argumenta,
1206 1294 1274 1350 quae
1287 1288 1382 1335 contra

147 1362 278 1417 Gneeomm
293 1361 326 1417 de
342 1368 477 1417 correcto
488 1362 577 1417 Petro
593 1359 771 1430 objectionem
787 1379 814 1417 n.
826 1360 865 1417 15
880 1361 1066 1434 proteruntur,
1083 1360 1227 1435 plurimum
1243 1364 1382 1437 attingunt
1403 1394 1411 1405 ·

146 1447 237 1502 eamdem
251 1463 355 1502 eausam
371 1446 442 1521 apud
458 1444 592 1501 Gelasium
608 1445 687 1519 epist.
706 1444 745 1502 26
762 1463 788 1501 u.
803 1444 822 1502 5
845 1451 990 1502 tractatam.
1029 1445 1083 1502 Nec
1098 1445 1176 1501 aliter
1190 1446 1332 1503 dicendum
1348 1448 1382 1503 de

145 1534 172 1593 is,
184 1548 242 1605 quae
253 1550 279 1587 n.
289 1530 329 1588 24
342 1531 376 1586 de
389 1532 630 1588 condescensione
640 1529 775 1603 pontificis
785 1529 817 1585 ad
829 1530 1014 1587 schismaticos
1021 1531 1206 1604 proteruntur,
1223 1531 1267 1586 ubi
1274 1531 1381 1606 Euphe-

143 1619 203 1672 nium
220 1634 250 1672 ex
271 1616 368 1673 Gelasii
390 1616 504 1691 epistola
520 1615 538 1673 3
560 1633 587 1671 ιι.
606 1615 623 1670 7
644 1615 702 1672 sere
723 1616 879 1690 loquentem
901 1616 992 1671 audire
1008 1615 1152 1678 videamur,
1174 1618 1211 1672 ita
1226 1623 1256 1671 ut
1271 1617 1314 1673 vel
1331 1635 1380 1672 vox

141 1703 171 1757 illa
183 1704 349 1759 descendere
365 1703 491 1774 utrinque
506 1708 626 1756 resonet.
658 1701 723 1762 Alia,
747 1719 814 1775 quae
837 1702 895 1775 pari
910 1701 991 1757 modo
1007 1702 1033 1756 in
1051 1699 1148 1757 Gelasii
1163 1702 1270 1775 scriptis
1287 1718 1380 1757 oecur-

140 1796 192 1848 runt.
206 1789 259 1843 suis
280 1788 348 1843 locis
367 1785 565 1843 adnotabimus.
596 1784 649 1841 Sed
666 1785 721 1856 jam
741 1785 803 1841 inde
818 1788 882 1842 satis
904 1785 1029 1849 eflicitur,
1051 1785 1215 1858 singularem
1238 1786 1379 1859 quannlam

137 1871 269 1928 asinitatem
285 1889 346 1927 esse
360 1873 432 1928 inter
447 1872 499 1927 boc
514 1871 675 1946 opusculum
696 1879 776 1945 atque
792 1870 891 1927 Gelasii
907 1870 1035 1946 epistolas
1052 1872 1080 1933 3,
1098 1872 1146 1934 10,
1165 1871 1212 1932 12,
1230 1870 1278 1935 26,
1296 1871 1335 1926 27
1352 1879 1381 1927 01

136 1966 256 2013 uariatum
268 1958 313 2015 lV.
344 1955 443 2024 Quare
459 1955 582 2012 codicum
598 1957 752 2019 auotoritas,
774 1958 820 2030 qui
834 1956 902 2012 illud
919 1956 1024 2012 Gelasio
1040 1953 1171 2018 tribuunt,
1194 1954 1264 2010 haud
1285 1972 1379 2028 parurn

134 2041 298 2099 ooulirmatur.
324 2041 389 2097 Nam
405 2042 451 2097 tali
467 2041 547 2096 modo
563 2040 719 2116 pontificem
734 2041 939 2097 disertissimum
954 2041 1105 2098 decessoris
1121 2041 1163 2095 sui
1179 2048 1338 2114 argumenta
1353 2049 1381 2095 et

132 2128 199 2184 rerba
212 2136 361 2184 mutuatum
377 2143 446 2190 esse,
468 2143 548 2183 nemo
564 2125 615 2182 sibi
637 2126 713 2181 saeile
728 2128 900 2201 persuaserit.
1427 2144 1429 2146 ’

202 2213 229 2270 5.
259 2213 312 2269 Sed
328 2212 377 2268 alia
398 2230 430 2268 er
450 2219 526 2286 parte
542 2219 635 2268 contra
652 2211 785 2268 Gelasium
807 2219 943 2268 auctorem
964 2213 991 2267 in
1008 2213 1067 2285 ipso
1084 2209 1217 2284 opusculo
1234 2209 1304 2264 haud
1319 2227 1378 2284 par·

130 2318 166 2354 rae
186 2301 316 2354 exsistunt
337 2295 520 2353 difficultates.
559 2295 663 2370 Ubique
684 2297 792 2370 quidem
815 2299 933 2370 scriptor
948 2296 1069 2368 ejusdem
1091 2294 1200 2370 praesul
1221 2295 1294 2350 sedis
1315 2312 1379 2368 apo·

128 2384 228 2440 stolieae
243 2383 379 2456 hujusque
393 2383 502 2438 nomine
518 2390 546 2438 et
561 2383 721 2437 auctoritate
737 2399 821 2455 agens
838 2391 958 2456 apparet.
985 2381 1041 2437 Suo
1057 2382 1134 2454 quasi
1149 2381 1256 2436 nomine
1277 2396 1379 2453 suaque

129 2486 230 2544 persona
245 2484 438 2542 nonnunquam
454 2467 495 2523 vel
510 2466 676 2541 Simplicium
692 2484 786 2541 papam
796 2461 816 2539 ¹)
832 2466 1046 2541 comprehendit.
1077 2464 1114 2520 Er
1130 2467 1202 2521 omni
1217 2474 1307 2521 auteur
1323 2465 1380 2521 sere

128 2554 237 2624 ejusdem
252 2555 321 2610 linea
336 2552 444 2616 arridet,
461 2568 522 2608 eum
533 2550 628 2607 Felicis
643 2551 666 2606 ll
681 2553 838 2626 praeprimis
854 2559 910 2607 acta
926 2544 1006 2622 siffis)
1022 2551 1163 2612 vindicare,
1181 2558 1208 2605 et
1223 2551 1276 2606 boc
1289 2552 1378 2624 ipsum

129 2639 275 2714 opusculum
297 2637 416 2694 scribere
436 2636 627 2711 superstitibus
653 2639 799 2696 etiamtunc
820 2639 915 2693 Acaoio
932 2635 1231 2710 Constantinopolitano
1239 2628 1270 2709 3),
1297 2635 1378 2690 Petro

127 2724 294 2781 Alexandrino
301 2716 448 2796 ⁴),Zenone
459 2724 620 2796 imperatore
627 2717 660 2794 ὁ).
677 2720 778 2778 Eodem
790 2722 855 2778 aliae
867 2737 976 2795 quoque
991 2729 1071 2777 notae
1084 2720 1302 2795 chronologicae,
1311 2737 1379 2793 quac

126 2810 214 2866 itidem
233 2810 302 2865 sorte
323 2816 479 2869 occurrunt,
499 2808 656 2881 respiciunt.
694 2807 733 2862 lta
753 2806 844 2863 Vitalis
867 2816 894 2862 et
916 2807 1032 2862 blisenus
1054 2805 1170 2862 damnati
1189 2805 1238 2861 scd
1258 2805 1379 2861 nondum

125 2896 233 2951 restituti
255 2894 383 2969 apparent
409 2891 447 2964 (n.
464 2890 513 2954 31,
530 2892 579 2954 35,
597 2893 645 2954 38,
663 2891 722 2963 30),
750 2894 904 2966 persecutio
926 2891 1105 2947 Vandaiorum
1125 2892 1152 2945 in
1177 2889 1264 2945 Africa
1285 2907 1380 2962 nuper

125 2980 187 3036 sacta
201 2980 297 3036 dieitur
312 2977 349 3050 (n.
364 2976 423 3050 25),
445 2978 562 3033 sortasse
577 2978 657 3032 etiam
673 2976 768 3033 Felicis
784 2976 905 3050 synodus
921 2975 1037 3031 llomana
1053 2992 1122 3031 aurio
1138 2974 1200 3032 487
1217 2973 1349 3030 celebrata
1356 2969 1378 3044 6)

124 3074 235 3121 notatur.
266 3063 336 3120 Nibil
357 3071 445 3118 autem
467 3061 570 3118 obviam
594 3062 632 3125 iit,
650 3062 729 3136 quod
751 3061 829 3117 nobis
852 3062 893 3117 vel
909 3078 996 3134 usque
1011 3060 1043 3115 ad
1059 3060 1191 3116 Gelasiaui
1205 3058 1378 3132 pontificatus

123 3152 192 3207 initia
206 3147 420 3206 descendendum
437 3147 557 3204 suadeat.
588 3145 675 3214 Quare
691 3147 767 3202 nullo
783 3146 864 3202 modo
879 3145 975 3202 Felicis
991 3145 1012 3201 ll
1028 3155 1133 3218 tempus
1150 3143 1302 3218 relinquero
1315 3161 1379 3217 pos·

121 3253 223 3298 sumus,
249 3243 277 3290 et
297 3233 457 3308 opusculum
479 3241 602 3288 nostrum
630 3234 703 3288 omni
725 3231 788 3302 juro
811 3231 891 3303 liujus
914 3231 1046 3306 praesulis
1070 3230 1222 3285 auctoritati
1245 3228 1378 3285 vindican-

120 3321 182 3376 ‹lum
196 3328 246 3376 est.
865 3319 871 3331 '

203 3407 231 3463 6.
261 3403 332 3472 Quae
348 3420 431 3478 quum
446 3404 483 3458 ita
498 3404 561 3465 sint,
578 3411 608 3458 ut
623 3402 739 3476 epistola
754 3402 820 3457 haec
835 3410 862 3457 et
874 3400 968 3457 Felicis
985 3410 1107 3475 tempore
1122 3401 1336 3472 auctoritateque
1352 3408 1381 3455 et

119 3511 132 3545 a
148 3492 252 3546 Gelasio
267 3491 366 3563 scripta
381 3487 501 3552 dicentia,
524 3488 599 3543 hians
616 3487 765 3543 dissonantia
780 3503 834 3542 non
850 3487 928 3543 aliter
944 3486 1045 3559 expleri
1060 3492 1160 3559 potest,
1182 3501 1260 3557 quam
1276 3493 1307 3538 ut
1322 3501 1379 3540 eam

117 3577 252 3637 aGelasio,
268 3577 422 3648 priusquam
438 3572 624 3647 pontificatum
639 3573 751 3634 iniisset,
768 3581 795 3628 ot
811 3573 918 3627 nomine
930 3579 957 3626 et
973 3569 1235 3627 auctoritatel'elieis
1247 3570 1378 3643 praesulis

117 3664 161 3717 sui
180 3662 303 3734 scriptam
325 3675 384 3715 esse
400 3658 528 3714 dicamus.
559 3657 668 3721 lietera,
692 3666 722 3712 ut
739 3656 793 3727 jam
815 3649 927 3730 supra⁷)
948 3658 1109 3719 monuimus,
1132 3655 1252 3710 Gelasius
1268 3654 1379 3709 Felicia

117 3745 264 3803 scribendis
284 3744 383 3801 litteris
404 3751 432 3799 et
451 3744 609 3819 praesertim
630 3745 657 3798 in
678 3760 757 3799 eausa
774 3743 902 3798 bunciana
924 3743 1000 3815 quasi
1015 3741 1213 3797 commissarius
1234 3739 1378 3813 deputatus

187 3965 206 4028 ¹)
225 3959 347 4014 Sufficiat
363 3958 439 4013 locos
457 3957 591 4025 quosdam
608 3959 729 4022 notasse,
747 3972 816 4024 quos
835 3955 932 4010 sollers
950 3955 1037 4009 lector
1054 3953 1136 4008 facilc
1153 3954 1182 4006 in
1199 3951 1302 4021 scripto
1320 3951 1378 4020 ipse

120 4028 321 4098 recognoverit:
340 4028 519 4081 conserantur
537 4025 623 4094 igitur
641 4025 722 4094 epist.
737 4033 759 4090 1,
777 4043 803 4078 n.
818 4032 841 4089 9,
860 4032 901 4088 21,
919 4030 960 4077 28.

184 4103 205 4165 ¹)
224 4096 406 4150 Conseruntur
425 4094 503 4164 epist.
520 4101 541 4147 1.
561 4112 587 4147 n.
604 4100 642 4160 11,
657 4100 695 4160 12,
710 4098 749 4159 18,
761 4099 793 4146 21
813 4092 872 4160 (ubi
889 4092 964 4146 baud
981 4091 1064 4144 dubie
1077 4088 1176 4144 Felicis
1195 4087 1275 4157 epist.
1289 4095 1304 4141 2
1323 4106 1349 4141 n.
1363 4094 1379 4141 6

121 4165 265 4230 inliditur),
282 4172 323 4228 27,
340 4171 382 4229 30,
399 4170 440 4227 34,
458 4169 498 4217 35.

184 4236 204 4299 ³)
223 4231 475 4290 conterminio.
495 4248 520 4283 n.
534 4237 559 4295 e,
578 4235 617 4294 11,
637 4235 676 4296 rr,
694 4235 735 4294 er,
753 4233 794 4294 es,
812 4235 853 4293 eo,
872 4235 913 4292 ao,
931 4236 972 4288 31.
990 4233 1031 4293 34,
1049 4231 1091 4290 aa,
1108 4233 1150 4291 an,
1167 4231 1208 4289 to,
1226 4230 1267 4278 43.

184 4305 205 4368 ⁴)
223 4300 405 4354 Conferantur
421 4297 586 4420 praeprimis
599 4298 621 4356 l.
635 4316 657 4351 c.
677 4316 703 4351 n.
715 4303 739 4363 4,
758 4303 781 4361 7,
800 4303 824 4362 Β,
844 4301 883 4361 11,
903 4302 942 4362 13,
963 4301 1001 4361 14,
1020 4301 1059 4361 16,
1078 4301 1119 4360 20,
1137 4300 1178 4359 22,
1196 4298 1236 4346 24.

186 4372 206 4435 ⁵)
224 4368 406 4422 Conseruntur
435 4385 477 4421 .c.
497 4384 523 4420 6.
536 4373 562 4432 4,
581 4372 620 4431 10,
640 4372 679 4431 12,
697 4372 738 4431 22,
756 4371 797 4430 27,
815 4371 855 4418 31.

186 4440 207 4498 ‘t
224 4436 332 4490 Scilicet
348 4453 375 4488 n.
389 4441 430 4489 26.
467 4433 649 4488 Consorantur
666 4435 761 4487 tamen
808 4448 859 4485 nne
876 4431 982 4485 ibidem
999 4431 1056 4484 not.
1069 4436 1101 4482 21
1120 4427 1335 4482 observabimus.
1347 4457 1378 4465 -

126 4505 224 4558 ibidem
245 4507 338 4559 autem
359 4521 386 4556 n.
400 4508 433 4557 26
455 4500 675 4571 persecutionem
692 4475 773 4555 Venti
813 4517 875 4554 com
903 4501 957 4553 ‘um
983 4499 1103 4563 finitam,
1128 4497 1247 4574 ideoque
1268 4501 1379 4572 tempus

126 4575 183 4640 post
200 4590 299 4626 annum
316 4578 375 4637 494,
392 4571 492 4637 notari,
509 4570 574 4623 Joso
594 4570 630 4623 ho
648 4568 835 4645 Blamchinol.
850 4586 871 4621 o.
892 4519 938 4633 17,
950 4571 1000 4620 550
1022 4566 1156 4642 asserent
1179 4565 1306 4642 amentur
1324 4579 1379 4615 non

127 4656 268 4707 0006661110.
303 4640 376 4694 Nom
401 4655 472 4707 quoe
499 4637 538 4691 ibi
584 4654 599 4691 0
625 4637 692 4692 sorti
717 4638 835 4690 victorio
862 4637 1049 4689 consessorum
1074 4633 1185 4685 1llorum
1212 4632 1379 4685 ehrrstronao

127 4709 242 4763 veritatis
259 4708 446 4771 enuntiantur,
463 4705 619 4776 generatim
637 4706 673 4760 od
691 4721 785 4760 omnes
803 4703 908 4758 ibidem
924 4703 1082 4758 nominatos
1094 4701 1229 4770 spectant,
1247 4714 1303 4752 non
1320 4714 1379 4766 ape·

129 4776 213 4830 natm
230 4778 264 4831 ad
282 4776 355 4831 solos
372 4774 524 4829 Africanos.

188 4848 207 4909 'l
225 4846 407 4899 Conseruntur
427 4842 564 4896 monitum
586 4841 614 4896 in
637 4841 735 4896 Felicis
754 4841 779 4893 ll
805 4839 885 4909 epist.
904 4844 947 4906 14,
978 4837 1080 4892 Golasii
1102 4835 1161 4890 vita
1177 4852 1204 4889 n.
1220 4843 1245 4901 1,
1276 4830 1380 4888 Gelasii

130 4914 230 4968 tracti
248 4931 274 4967 n.
288 4920 328 4978 11,
346 4915 376 4967 et
392 4911 529 4966 monitum
545 4910 574 4965 in
593 4910 682 4965 eumd.
701 4911 783 4964 tract.
803 4927 828 4961 n.
843 4916 867 4964 3.
