3204 5506
551 379 746 433 urrsrouss
770 373 820 432 25.
845 374 896 433 26.
1297 366 1359 434 393
1552 351 1555 357 ’

49 541 54 550 ’
77 535 184 604 niunt
206 535 347 622 penitus,
371 537 447 623 quid
468 537 651 623 loquantur.
688 537 754 604 Ubi
775 541 880 624 magis
903 563 972 624 eoa,
996 541 1049 625 qui
1073 540 1239 605 catholicis
1262 541 1361 605 sensi·
1373 563 1399 603 a.
1409 550 1468 602 495.

78 641 144 706 bus
169 641 312 705 instituti
334 643 421 724 sunt,
445 639 549 705 adbuc
570 640 702 706 haerere
724 643 922 728 miramurll,
946 666 1042 727 quam
1064 644 1146 728 illos,
1171 644 1223 728 qui
1245 666 1265 707 a
1280 644 1360 708 veri-

80 747 156 807 tate
179 743 372 808 exciderunt
398 745 431 807 et
459 743 501 808 ab
523 744 657 828 antiqua
678 744 844 809 Ecclesiae
865 746 1039 810 traditione
1061 749 1138 810 sunt
1160 746 1260 829 devii,
1289 769 1360 830 pro-

78 846 182 913 fanos
206 867 321 911 vocum
342 845 502 911 novitates
532 850 565 910 et
587 847 727 931 ineptias
756 848 894 912 caducae
924 848 1143 933 perversitatis
1171 848 1359 913 obtendere:

10 1006 12 1019 ,
78 949 204 1034 quibus
226 971 281 1013 eos
302 951 409 1015 vestra
424 948 552 1013 dilectio
574 949 686 1014 retulit
703 951 866 1035 jactitare,
891 958 958 1016 ideo
974 951 1152 1037 Aeoaunl)
1175 964 1361 1033 conputare

70 1059 152 1132 ,inre
174 1057 368 1132 damnatas,
403 1057 486 1131 qnod
505 1074 565 1117 non
587 1059 717 1132 speciali
736 1044 851 1135 mnodo
873 1061 1013 1119 videatur
1031 1058 1128 1131 fnisse
1150 1059 1299 1134 dejectum
1328 1057 1361 1119 et

76 1154 218 1239 insuper
239 1155 436 1220 dementiam
457 1178 533 1220 suae
555 1155 708 1219 vanitatis
731 1156 957 1241 accumulare,'
970 1157 1134 1241 pueriliter
1157 1157 1359 1241 adjicientes:

69 1264 256 1339 promptae
274 1265 446 1338 pontificem
468 1265 572 1338 rapine
586 1264 725 1324 civitatis.
765 1258 967 1342 Quapropter
982 1259 1153 1323 stultitiam
1173 1261 1359 1343 respuentes

73 1360 234 1425 inanium
257 1360 470 1446 querelarum,
493 1382 678 1444 percurrere
697 1384 753 1425 vos
769 1364 896 1445 oportet
911 1362 985 1447 ab⁷)
1008 1362 1087 1445 ipsis
1109 1362 1211 1425 beatis
1234 1365 1360 1445 aposto·
1469 1350 1473 1357 ’

71 1462 178 1527 lieet
203 1462 409 1528 considerare
434 1464 625 1548 prudenter,
654 1464 804 1548 quoniam
833 1468 940 1548 patres
969 1465 1070 1529 nostri
1100 1465 1248 1529 catholici
1257 1466 1283 1551 8)
1307 1463 1360 1527 do-

71 1566 192 1652 ctique
223 1566 395 1650 pontifices
423 1565 457 1630 in
486 1587 676 1651 unaquaque
703 1565 827 1631 haeresi
856 1567 998 1654 quolibet
1025 1572 1168 1652 tempore
1195 1568 1359 1651 suscitata,

39 1667 240 1754 .quidquid
264 1691 328 1752 pro
356 1668 433 1752 fide,
463 1691 521 1753 pro
543 1669 696 1753 veritate,
735 1693 792 1753 pro
822 1671 1044 1734 communione
1074 1671 1231 1734 catholiea
1265 1673 1361 1753 atclue

10 1786 12 1807 ¹
66 1771 268 1856 apostoliea
289 1772 462 1836 secundum
486 1771 722 1855 Scripturarum
750 1772 912 1836 tramitem
940 1773 1273 1857 praedicationemque
1295 1794 1360 1835 ma-

59 1874 185 1959 jorum
212 1873 305 1937 sacta
326 1873 423 1938 semel
448 1874 700 1960 congregatione
723 1879 915 1958 sanxerunt,
946 1875 1168 1939 inconvulsum
1194 1876 1361 1938 voluerunt

61 1976 239 2061 deinceps
272 1977 460 2062 firmumque
494 1981 656 2061 constare3
694 1979 809 2042 necin
839 1978 982 2063 eademl)
1012 2000 1107 2042 carisa
1130 1978 1250 2054 denuo,
1279 1999 1360 2060 quae

56 2079 230 2166 praefixa
254 2079 394 2162 fuerant,
423 2081 590 2144 retractari
620 2081 762 2165 qualibet
784 2081 906 2145 recenti
929 2081 1188 2164 praesumptione
1211 2078 1360 2163 permise-

58 2186 170 2248 nmt:
199 2181 440 2266 sapientissime
462 2184 694 2266 praevidentes,
725 2183 875 2267 quoniam
903 2184 928 2247 si
953 2184 1080 2247 decreta
1103 2182 1275 2246 salubriter
1297 2181 1360 2246 cui-

57 2306 176 2372 quam
204 2284 320 2349 liceret
342 2285 470 2369 iterare,
495 2286 617 2350 nullum
641 2289 753 2350 eontra
776 2287 920 2370 singulos
936 2309 1076 2370 quosque
1093 2308 1222 2370 prorsus
1238 2307 1360 2349 errores

56 2387 202 2455 stabile
226 2388 415 2471 persisteret
437 2386 601 2452 Ecclesiae
624 2389 848 2471 constitutum,
879 2411 917 2452 ae
940 2410 1064 2472 semper
1086 2389 1198 2452 iisdem
1208 2389 1246 2473 ¹⁰)
1275 2387 1360 2450 luro-

59 2492 168 2557 ribus
197 2488 351 2554 recidivis
373 2490 477 2555 omnis
499 2491 628 2577 integra
651 2491 794 2555 definitio
816 2492 1010 2556 turbaretur.
1049 2492 1133 2555 Nam
1156 2491 1183 2554 si
1207 2490 1360 2554 limitibus

56 2595 179 2660 etiam
206 2591 361 2676 praefixis
384 2593 560 2677 positarum
583 2594 680 2658 semel
703 2594 904 2678 synodalium
933 2594 1116 2680 regularum
1146 2615 1210 2658 non
1234 2596 1361 2658 cessant

58 2697 179 2763 elisae
205 2696 317 2778 pestes
338 2696 510 2780 resumptis
533 2696 761 2762 certaminibus
784 2700 897 2762 contra
923 2697 1168 2762 fundamentum
1191 2721 1259 2762 sese
1282 2698 1362 2761 veri-

58 2799 154 2864 tatis
182 2796 337 2861 attollere
365 2800 397 2861 et
425 2799 584 2883 simplicia
606 2821 748 2884 quaeque
772 2800 866 2864 corda
897 2803 1072 2883 percutere,
1102 2800 1177 2883 quid
1201 2801 1302 2883 fieret,
1334 2800 1361 2863 si

141 3007 169 3075 ⁵)
191 3002 230 3056 D'
245 3001 282 3057 F*
293 3002 333 3056 Ffl
345 3003 382 3058 N³
395 3016 559 3068 ηηιηηιιναηι,
578 3021 698 3074 moxque
715 3011 843 3074 profanos
859 3025 943 3060 noctem
1004 3010 1156 3068 obtendere,
1174 3004 1222 3058 ubi
1235 3003 1282 3058 alii
1299 3023 1361 3073 pro·

59 3101 214 3163 [mque
278 3093 424 3144 obtendunt.

142 3181 170 3246 ι)
193 3176 233 3231 G'
256 3177 354 3229 Aeaeis
373 3196 422 3230 non
440 3174 549 3245 putaret*
566 3179 712 3245 dampnata.
743 3195 782 3231 oc
794 3183 930 3244 jactitare.
968 3182 1031 3231 Ideo
1051 3182 1171 3230 Acacium
1191 3195 1239 3229 non
1257 3185 1360 3243 putore,

13 3268 24 3283 ⁸
62 3268 99 3324 et
117 3280 197 3319 mox
217 3278 284 3316 cum
300 3261 338 3315 Ν8
350 3260 384 3316 0¹
402 3268 566 3320 mormulam.
1246 3307 1254 3322 Ι

144 3351 171 3418 ⁷)
194 3346 229 3412 Q·
246 3344 282 3412 ρ’
300 3352 335 3401 od
350 3353 420 3416 ipsos
438 3352 525 3402 beatos
545 3352 694 3415 Apostolos,
714 3349 804 3401 minus
822 3350 900 3402 bene.
937 3347 1005 3400 Vult
1022 3364 1141 3414 namque
1155 3345 1281 3400 Gelasius
1293 3346 1361 3401 Dar-

65 3437 171 3492 dnos
191 3449 237 3498 ea,
258 3448 329 3501 quae
346 3433 382 3487 ab
401 3433 592 3502 apostolorum
609 3433 782 3502 temporibus
801 3434 837 3487 ad
850 3451 900 3487 sua
912 3450 998 3501 usque
1012 3433 1092 3500 gesta
1103 3435 1174 3499 suut,
1192 3449 1362 3502 percurrere,

66 3524 103 3578 ut
121 3520 201 3575 hine
220 3519 396 3588 compertum
413 3517 564 3585 habeatur,
587 3537 642 3587 quo
665 3520 747 3588 pacto
771 3518 909 3572 damnatis
935 3520 1035 3573 erroris
1057 3509 1230 3584 auctoribus,
1252 3519 1362 3572 illorum

68 3604 234 3663 consortes
254 3604 282 3656 et
304 3603 438 3670 asseclae,
461 3603 538 3657 nulla
555 3603 669 3673 speciali
690 3604 796 3673 synodo
816 3605 1000 3672 congregata,
1023 3603 1130 3673 pariter
1153 3622 1214 3657 cum
1239 3602 1278 3657 eis
1302 3619 1363 3657 con-

68 3687 222 3756 demnati,
235 3686 303 3741 sint:
320 3693 386 3742 sicut
403 3694 428 3742 in
446 3710 595 3759 unaquaque
614 3694 717 3744 lowest
734 3711 750 3742 α
768 3695 896 3758 principio
909 3694 1071 3743 Christianae
1084 3696 1215 3759 relipr'onis
1228 3701 1253 3742 et
1267 3694 1364 3757 foetum

68 3784 165 3845 suine
186 3786 214 3829 et
229 3778 292 3842 fieri
307 3780 442 3841 manifesto
459 3779 561 3829 ratione
573 3786 740 3838 monstram,
760 3777 791 3829 ut
808 3775 931 3843 loquitur
948 3775 1073 3844 epist.10
1091 3794 1117 3828 n.
1131 3781 1155 3827 4.
1186 3773 1265 3828 Unde
1278 3792 1363 3844 appa-

70 3865 136 3929 ret,
163 3859 216 3914 hic
234 3858 350 3928 perinde
369 3875 429 3913 esse
447 3863 480 3912 ob
498 3865 561 3927 ipsis
580 3864 661 3914 beatis
679 3866 816 3928 apostolis,
840 3862 924 3926 atque
943 3883 958 3913 u
975 3866 1104 3929 pr·incipr'o
1123 3864 1284 3913 Christianae
1303 3866 1363 3913 reli-

68 3954 176 4018 or'ons's.
214 3943 285 3998 Inde
303 3942 485 3998 Orientalium
508 3944 649 4014 objectum
672 3946 770 3999 eadem
793 3944 914 4010 ratione,
937 3946 1003 3999 licet
1025 3945 1085 3999 aliis
1109 3944 1214 4009 verbis,
1239 3944 1363 3997 (talasius

71 4035 105 4088 in
117 4048 195 4087 mox
208 4028 287 4084 diota
299 4029 417 4099 epistola
431 4035 461 4085 10
474 4030 562 4083 diluit.
591 4031 654 4084 Jam
667 4033 695 4083 et
707 4030 792 4084 Felici
805 4032 830 4083 ll
837 4073 842 4098 ,
862 4033 893 4083 ut
906 4049 939 4084 ex
952 4031 1011 4099 ejus
1024 4030 1142 4099 epistola
1156 4037 1183 4082 ll
1199 4048 1225 4083 n.
1240 4035 1255 4081 4
1267 4030 1363 4095 liquet,

73 4115 269 4190 objecerant,
287 4120 457 4188 Acacinmlot
475 4136 524 4170 nno
543 4136 592 4170 non
608 4123 723 4184 potuisse
742 4123 866 4172 dztnnznrr'.
897 4116 976 4178 Quod
994 4116 1040 4170 ille
1059 4114 1220 4183 simplicit-er
1234 4114 1272 4166 sic
1285 4114 1363 4166 intel-

73 4204 166 4269 lexit,
191 4200 275 4270 quasi
297 4201 476 4267 sententiam,
498 4218 583 4269 quam
601 4219 616 4255 e
635 4202 740 4270 syuodo
763 4203 889 4255 ltornano
914 4203 1045 4254 adversus
1064 4199 1195 4253 Acacium
1218 4198 1301 4261 dixit,
1326 4199 1362 4251 ab
1407 4256 1420 4272 ,

74 4291 143 4362 ipso
164 4288 229 4342 solo
249 4287 278 4341 et
295 4286 353 4340 sine
372 4286 477 4355 synodo
496 4285 598 4339 dictam
618 4286 821 4351 existimarent,
845 4305 928 4354 quum
947 4287 999 4339 hoc
1017 4286 1108 4354 probus
1127 4283 1243 4347 vellent,
1262 4300 1363 4349 nequa-

76 4393 174 4447 quam
192 4374 231 4428 ab
250 4390 296 4439 eo,
314 4389 370 4426 non
388 4371 613 4426 convenientibus
632 4372 712 4426 simul
730 4372 758 4425 in
778 4391 859 4425 unum
880 4372 996 4425 aliarum
1016 4370 1100 4423 etiam
1113 4368 1218 4421 sodium
1232 4367 1363 4435 prraesuli-

76 4463 148 4527 bus,
168 4458 306 4514 Acacium
324 4456 451 4512 damnari
468 4456 599 4527 potuisse.

153 4549 177 4614 ⁸)
194 4544 261 4599 Mes.
280 4543 307 4597 D
319 4543 343 4598 Ο
355 4543 393 4596 N³
411 4543 516 4596 formae
534 4542 669 4597 brevioris
688 4543 795 4596 addunt
812 4550 928 4597 videlicet
935 4585 941 4604 ,
961 4559 1079 4609 moxque
1093 4557 1154 4592 curn
1170 4537 1268 4591 iisdem
1287 4538 1315 4592 et
1328 4537 1361 4592 (³¹

78 4633 114 4700 Ο*
136 4630 273 4687 addimus
290 4648 341 4698 pro
356 4633 418 4696 fide.
450 4628 537 4682 Paulo
554 4631 638 4681 antea
656 4628 683 4681 d¹
704 4636 863 4682 resuscitato.

151 4720 176 4787 ⁸)
193 4716 234 4770 N¹
246 4715 280 4769 Ο1
296 4713 330 4779 Q¹
350 4719 377 4767 in
394 4717 441 4766 bac
459 4718 555 4777 eodem.
574 4732 698 4782 ,moxque
716 4715 750 4766 Fd
763 4715 803 4767 ΡΜ
818 4722 888 4782 fico,
914 4715 942 4767 et
961 4730 1022 4765 cum
1040 4712 1077 4764 Ν3
1093 4715 1267 4778 pervidentes,
1287 4710 1320 4773 Q¹
1335 4709 1364 4762 d¹

75 4810 260 4876 providentes.

152 4893 184 4957 ¹⁰)
203 4887 238 4942 0¹
259 4891 361 4941 hisdem
376 4888 474 4951 suroris
491 4877 595 4956 residui,
614 4903 733 4955 moxque
752 4886 779 4939 d¹
800 4885 905 4939 omittit
923 4892 1004 4940 etiarn.
1039 4883 1070 4950 Q'
1090 4887 1262 4952 praesumptis
1279 4891 1362 4934 certa·
