3204 5506
549 359 721 410 nmsrom
746 349 815 409 137.
1258 341 1318 411 961

53 521 110 580 aut
138 515 316 599 adjectione
344 513 449 600 plenis
477 515 533 577 aut
559 513 763 578 institutione
790 512 957 598 perfectis:
992 513 1055 577 nisi
1085 513 1168 578 forte
1200 519 1430 584 mevulanum.

52 618 221 702 quisquam
242 616 390 681 dubitare
412 637 507 701 quam
529 615 672 698 credere,
702 618 824 680 certare
846 637 942 698 quam
967 637 1078 699 nosse,
1109 618 1198 701 sequi
1225 620 1322 685 dubia

52 741 150 803 quam
171 739 296 783 servare
318 718 456 782 decreta.

139 822 170 886 3.
204 820 289 886 Nam
316 820 342 883 si
365 820 508 885 Trinitas
530 819 633 904 Deus,
661 818 722 885 hoc
750 821 799 884 est
819 818 917 884 Pater
946 823 979 884 et
1003 819 1103 885 Filius
1130 825 1163 886 et
1185 821 1322 908 Spiritus

53 927 196 1006 sanctus,
219 920 306 987 Deus
328 925 435 986 autem
456 945 549 1006 unus,
573 922 755 1007 specialiter
775 921 959 1008 legislatore
982 922 1124 987 dicente:
1152 929 1249 1008 Audi,
1278 932 1472 1017 lebentem.

53 1032 133 1107 rael,
156 1031 301 1090 Dominus
322 1029 402 1089 Deus
423 1035 493 1090 tuus
514 1029 595 1090 Deus
617 1046 693 1090 unus
714 1035 774 1088 esi:
801 1023 855 1108 qui
878 1024 971 1088 aliter
990 1023 1098 1108 habet,
1121 1014 1251 1092 neccsse
1274 1032 1324 1092 est

54 1131 113 1191 aut
134 1126 345 1191 Divinitatem
367 1127 402 1190 in
428 1126 530 1190 mults
552 1126 725 1212 dividam),
757 1129 812 1190 aut
841 1125 1024 1210 specialiter
1050 1127 1232 1211 passionem
1259 1129 1321 1214 ipsi

55 1229 214 1293 essentiae
236 1227 405 1293 Trinitatis
427 1228 602 1313 impingat,
633 1232 680 1310 et,
710 1227 793 1312 quod
819 1227 904 1292 absit
934 1250 953 1291 a
980 1228 1122 1293 fidelium
1149 1231 1322 1314 mentibus,

54 1330 116 1395 boc
140 1334 204 1413 est,
232 1334 289 1395 aut
316 1329 422 1414 plures
452 1329 526 1394 deos
553 1350 640 1394 more
667 1329 823 1414 profanae
850 1330 1044 1414 gentilitatis
1071 1331 1238 1416 inducere,
1269 1343 1325 1398 aut

55 1432 242 1497 sensibilem
264 1453 401 1516 poenam
424 1431 463 1495 sd
486 1453 557 1496 esm
578 1435 729 1496 naturam
750 1452 831 1516 quae
860 1431 966 1496 aliena
994 1435 1043 1497 est
1070 1432 1111 1496 ab
1138 1435 1226 1499 omni
1253 1457 1325 1520 pas-

56 1535 146 1599 sione
175 1533 360 1599 trsnsferre.
410 1532 501 1598 Unus
511 1536 550 1619 ¹⁰)
585 1536 635 1598 est
661 1534 774 1597 sancta
801 1532 959 1617 Trinitas,
993 1555 1060 1598 non
1093 1534 1327 1620 multiplicatur

56 1657 201 1718 numero,
224 1657 292 1700 non
314 1634 429 1700 crescit
450 1638 639 1721 augment03
661 1656 722 1700 nec
743 1637 850 1719 potest
872 1637 928 1699 sut
948 1635 1166 1722 intelligentia
1186 1659 1327 1722 compre-

56 1737 172 1820 hendi,
202 1740 259 1801 aut
283 1735 344 1801 hoc
371 1736 456 1822 quod
477 1736 564 1801 Deus
591 1740 642 1801 est
668 1736 859 1802 discretione
887 1737 1024 1822 sejungi.
1069 1737 1147 1813 Quis
1175 1759 1252 1824 ergo
1280 1739 1327 1803 illi

57 1842 181 1903 secreto
210 1842 360 1903 aeternae
387 1838 702 1923 impenetrabilisque
729 1839 943 1921 substantiae,
974 1839 1057 1923 quod
1084 1841 1234 1927 neque¹¹)
1262 1840 1328 1904 ulla

57 1940 232 2006 visibilium
260 1941 310 2004 vel
338 1940 547 2005 invisibilium
580 1944 796 2004 creaturarum
829 1943 887 2024 pot
912 1941 936 2004 't
968 1940 1165 2026 investigare
1198 1944 1325 2026 natura,

57 2043 230 2127 profanam
252 2042 438 2107 divisionem
461 2045 564 2106 tentet
586 2043 749 2127 ingerere,
779 2046 811 2105 et
833 2041 933 2106 divini
960 2064 1079 2107 arcana
1107 2044 1252 2127 mysterii
1280 2066 1328 2108 re-

58 2166 175 2210 vocare
196 2144 237 2208 ad
260 2144 416 2209 calculum
438 2144 534 2208 moris
555 2143 711 2208 humani?
752 2144 929 2209 Adoremus
951 2143 1081 2209 Patrem
1103 2147 1136 2209 et
1157 2144 1274 2209 Filium
1296 2147 1329 2209 et

59 2244 217 2330 Spiritum
238 2248 395 2330 sanctum,
419 2246 640 2310 indistinctam
663 2246 823 2329 distincte,
850 2244 1205 2331 incomprehensibilem
1227 2251 1260 2311 et
1282 2246 1329 2311 in-

59 2347 277 2412 enarrabilem
298 2348 513 2412 substantiam
529 2347 710 2431 Trinitatis,
733 2347 787 2411 ubi
812 2347 871 2411 etsi
895 2347 1037 2412 admittit
1058 2370 1227 2412 numerum
1248 2348 1330 2412 ratio

58 2469 286 2534 personarum,
316 2450 424 2514 unitas
447 2454 556 2515 tamen
578 2471 644 2513 non
667 2449 809 2513 admittit
831 2449 1053 2536 essentise¹²),
1082 2450 1130 2514 its
1157 2453 1268 2515 tamen
1294 2452 1330 2514 ut

60 2572 223 2615 servemus
246 2551 372 2616 divinae
394 2552 524 2636 propria
545 2554 695 2634 naturae,
725 2573 884 2616 servemus
906 2551 1036 2636 propria
1061 2552 1233 2637 unicuique
1261 2573 1330 2636 per·

60 2674 176 2717 sonae:
199 2653 282 2739 ut¹³)
305 2675 365 2718 nec
386 2654 530 2738 personis
553 2652 742 2718 Divinitatis
765 2652 972 2738 singularitas
995 2653 1181 2739 denegetur,
1208 2675 1268 2718 nec
1291 2655 1331 2718 ed

61 2755 236 2819 essentiam
257 2754 328 2839 hoc,
353 2755 435 2839 quod
457 2759 506 2820 est
527 2755 691 2840 proprium
713 2755 889 2838 nominum,
911 2756 1135 2820 transferatur.
1175 2755 1332 2840 Magnum

61 2861 113 2922 est
135 2860 267 2923 sanctae
290 2861 322 2922 et
343 2856 665 2942 incomprehensibile
690 2857 877 2942 mysterium
899 2856 1085 2941 Trinitatis,
1115 2857 1201 2922 Deus
1223 2856 1330 2941 Pater,

60 3044 186 3114 synodos
203 3043 422 3113 nominatimque
445 3059 517 3112 quae
535 3060 552 3098 a
570 3043 788 3098 calchedonensi
811 3042 925 3098 definita
941 3044 1006 3097 sunt
1023 3060 1053 3097 se
1071 3042 1210 3113 suscipere
1227 3044 1333 3113 profes-

61 3147 109 3184 sus
128 3128 233 3183 subdit:
258 3133 503 3183 Anutlrernuiiznmus
521 3141 602 3183 autern
620 3148 718 3194 ornnes,
740 3134 765 3183 si
782 3134 837 3198 quis·
854 3132 952 3182 dubitat
970 3139 1013 3181 nul
1035 3138 1162 3182 retractu!
1179 3139 1224 3181 nui
1241 3135 1333 3197 irnper-

58 3220 135 3283 secla
146 3220 258 3281 judicat.

133 3302 156 3367 ⁹)
173 3300 217 3353 Ita
233 3298 288 3353 HJ
299 3298 331 3352 0.
363 3298 397 3353 Οἱ
410 3301 438 3353 a¹
456 3315 513 3366 seq.
533 3304 655 3355 dindoni.

135 3385 167 3452 ¹⁰)
184 3382 260 3437 Editi
282 3400 345 3437 cum
366 3383 507 3452 plerisque
529 3401 591 3438 mss.
610 3403 681 3436 unum
694 3393 740 3437 est.
775 3381 887 3444 Verius,
912 3384 942 3436 ut
963 3381 1086 3449 videtin,
1108 3382 1192 3437 r¹J¹¹
1211 3404 1273 3438 unus
1295 3395 1335 3438 est

62 3469 166 3539 supple
190 3473 266 3523 Deus.
302 3468 459 3522 Ferrandus
481 3468 612 3522 diaconm
634 3467 973 3537 epist.sdAnat.c.15‚
995 3468 1144 3537 postquam
1167 3467 1333 3534 observavit,

62 3569 164 3609 vocem
181 3573 244 3608 unus
260 3539 409 3625 personam
428 3568 539 3614 sonare,
558 3550 665 3606 subdit:
684 3558 774 3606 Potest
791 3556 889 3620 quidem
906 3571 970 3606 unus
987 3559 1061 3606 etium
1077 3556 1241 3606 substantium
1258 3559 1335 3621 siqni-

59 3647 159 3709 ficure,
177 3644 225 3693 sed
240 3644 264 3692 si
281 3644 362 3693 addes
378 3642 535 3692 substantiae
551 3643 684 3706 proprium
701 3641 907 3707 manifestumque
925 3641 1080 3698 vocobulum,
1098 3642 1164 3690 sicut
1182 3642 1283 3706 quando
1296 3643 1334 3691 di·

64 3730 120 3778 cis:
139 3726 272 3784 „Trinitas
289 3735 328 3777 esi
344 3725 436 3789 unus“,
456 3733 481 3776 el
498 3729 613 3777 continue
630 3725 759 3789 subinfers
777 3724 893 3787 „Deus“.
928 3721 1033 3775 Nostra
1046 3722 1140 3776 autem
1150 3720 1233 3776 lectio
1245 3720 1336 3791 magis

66 3808 201 3864 cohaeret
227 3824 289 3863 cum
312 3807 513 3878 superioribus,
540 3806 640 3874 quibus
661 3805 810 3861 Hormisda
832 3805 998 3876 Scytharum
1020 3805 1188 3860 sententiam
1210 3805 1336 3876 quamvis

66 3892 223 3948 orthodoxe
240 3891 329 3963 accipi
347 3909 427 3962 posse
444 3909 501 3946 non
517 3891 614 3961 neget,
637 3890 872 3946 aTritheitarnm
893 3890 1193 3961 Tbeopaschitsrumve
1211 3890 1336 3946 sensibus

67 3996 125 4034 non
142 3977 209 4032 satis
227 3977 378 4032 abhorrere
396 3977 493 4031 innuit.
529 3977 572 4030 Ab
590 3975 633 4030 his
650 3977 745 4031 tamen
762 3976 856 4046 palam
873 3976 1057 4045 recedebant,
1076 3975 1124 4044 qui
1140 3997 1213 4029 unum
1230 3995 1266 4030 en
1280 3979 1337 4029 Tri·

67 4070 150 4119 nitate
167 4063 276 4116 tantum
292 4083 371 4118 carne
386 4083 488 4132 passum
504 4060 715 4131 profitebantur.

140 4151 171 4218 ¹¹)
190 4147 224 4203 G'
237 4149 264 4202 a¹
284 4163 359 4216 sequ.
384 4154 452 4218 quod
474 4151 541 4200 nullu
563 4151 603 4201 uel
623 4150 779 4200 invisibilium
802 4158 962 4201 naturarum:
986 4147 1177 4200 restaurantur
1194 4162 1228 4200 ex
1246 4146 1272 4199 H
1285 4145 1337 4199 JO

69 4234 98 4287 h'
113 4236 138 4288 0¹
151 4233 181 4288 i2.

141 4319 171 4387 ¹²)
191 4316 212 4372 0
226 4335 261 4372 cc
278 4317 323 4372 hic
340 4317 404 4372 add.
420 4322 620 4386 separationen,
638 4317 667 4369 h¹
685 4322 897 4384 sinpularitatern,
916 4317 991 4384 quod
1009 4316 1111 4371 rectius
1129 4315 1209 4370 abest
1226 4314 1289 4369 aG¹
1302 4315 1339 4368 Η6

70 4402 108 4458 H⁹
125 4405 155 4458 et
173 4411 189 4458 5
210 4420 275 4457 mss.
299 4406 340 4471 a³,
362 4401 510 4456 subaudita
532 4418 599 4456 voce
622 4422 755 4458 neumarum.
794 4401 811 4454 J
829 4421 879 4456 nnn
902 4407 991 4455 amittit
1018 4407 1164 4461 essentium,
1187 4400 1227 4453 J¹⁰
1247 4399 1269 4453 i²
1290 4420 1340 4453 nnn

71 4493 164 4543 amittit
182 4494 308 4542 essentiae
329 4494 527 4557 separationem.
562 4486 660 4555 Neque
677 4487 801 4541 Aeneam
818 4485 1002 4540 Parisiensem
1020 4485 1102 4541 aliter
1119 4484 1219 4555 legisse
1240 4484 1341 4553 proba·

70 4573 127 4628 bile
146 4573 201 4640 est,
223 4570 289 4626 licet
306 4573 381 4642 apud
399 4588 462 4626 eum
480 4588 552 4626 nunc
570 4588 633 4625 cum
650 4589 714 4625 mss.
733 4572 750 4625 J
767 4571 890 4639 legatur:
916 4592 965 4625 non
983 4576 1074 4625 amittit
1091 4575 1233 4624 essentium.
1268 4566 1344 4622 Nam

71 4660 182 4714 veteres
199 4663 314 4712 annitar
330 4673 381 4727 pro
399 4663 507 4712 admittis
524 4656 640 4726 pingere
659 4656 761 4720 solent,
779 4667 804 4709 et
822 4661 955 4710 essentiam
967 4656 1028 4710 loco
1041 4661 1167 4709 essentiae
1185 4653 1266 4708 facile
1279 4652 1341 4705 sub-

71 4742 235 4808 sananim,
258 4742 305 4810 qui
324 4758 378 4810 quo
395 4744 479 4813 pacto
497 4742 567 4797 haec
584 4758 637 4796 vox
655 4757 718 4795 cum
737 4740 820 4794 verbo
839 4740 1021 4795 antecedente
1040 4741 1258 4804 construeretur,
1281 4754 1342 4806 pcr-

73 4831 201 4900 specbrm
218 4842 275 4882 non
292 4827 444 4883 habebant.

142 4916 175 4983 ¹³)
194 4915 221 4968 a¹
240 4919 296 4982 seq.
316 4913 405 4967 omitt.
425 4924 465 4972 ut:
482 4930 547 4968 mox
564 4912 601 4966 lis
618 4917 782 4981 singularitas
797 4921 941 4981 generetur.
971 4967 975 4973 ,

106 5017 265 5059 rrrsronus
279 5017 382 5057 nouus.
395 5017 509 5055 nosris.
528 5003 550 5057 Ι,
1101 5005 1138 5063 (31
