3204 5506
270 355 332 419 736
722 370 750 416 s.
768 367 949 416 surranum
972 367 1086 413 rnrnn

268 532 428 586 saltationes
443 531 632 604 episcoporum
648 529 803 583 mordentes
818 527 1004 589 subdiderunt,
1019 542 1059 583 eac
1071 531 1246 599 praeceptis
1259 531 1346 601 repiis
1360 534 1489 588 evocationis

269 633 388 672 causam
402 615 496 686 fuisse
505 617 571 685 jam
587 619 743 686 capuitam,
766 621 793 669 et
807 613 912 670 Italiae
933 630 1041 669 summa
1056 614 1254 669 moderantem
1269 630 1326 669 uon
1342 613 1424 685 sitisse
1434 621 1493 690 qua·

269 703 303 756 de
318 719 390 756 noae
411 703 521 772 nepotio
542 701 760 755 corisulendum:
780 702 851 770 plus
871 700 993 753 circatae
1014 707 1041 752 et
1061 702 1217 770 scriptioni
1241 701 1381 771 relipionis
1398 701 1494 769 debitur,

177 794 180 801 '
269 804 354 857 quam
367 788 554 856 praesentiae
567 786 735 855 principali.
780 782 881 838 Exhinc
896 782 1020 857 digressi,
1043 799 1076 837 ne
1092 784 1166 856 regis
1182 791 1210 837 et
1227 784 1345 838 virorum
1359 784 1496 841 naumann

270 873 388 925 amnium
404 871 515 943 gratiam
531 869 638 923 laedere
654 868 822 930 viderentur,
845 870 982 923 barcarum
1004 884 1102 922 rerum
1123 869 1151 922 in
1167 867 1215 922 illo
1231 867 1372 923 laudarunt
1384 871 1496 941 affectu,

269 962 297 1009 ct
318 954 395 1028 plura
415 961 561 1009 texuerunt
587 952 678 1014 verba,
711 952 807 1026 quibus
834 969 863 1007 se
892 969 995 1007 summe
1022 955 1120 1008 coiere
1149 956 1344 1008 innocentiam
1369 961 1498 1011 testarentur

270 1039 298 1110 (l.
316 1057 338 1094 c.
358 1038 441 1110 975).

355 1140 383 1196 2.
407 1140 467 1195 blox
479 1140 648 1200 addiderunt,
661 1141 687 1194 in
700 1141 760 1213 ipso
772 1139 819 1195 illo
828 1138 929 1209 judicio
939 1147 1041 1196 contra
1050 1140 1497 1212 apostolumimpupnatoresunni

267 1229 414 1298 pontificis
424 1244 479 1281 non
496 1228 616 1295 auditos,
633 1228 684 1298 qui
698 1227 828 1281 coelestis
842 1227 971 1280 mandati
984 1240 1122 1280 memores
1135 1229 1251 1294 partem
1267 1241 1347 1280 suam
1359 1245 1376 1280 a
1390 1231 1493 1282 commu

269 1313 406 1367 adrdterii
416 1310 479 1379 (troc
491 1312 561 1365 enim
573 1312 643 1365 inter
655 1310 703 1364 alia
716 1311 826 1365 crimine
834 1312 913 1365 etiam
921 1310 1106 1383 Symmachum
1119 1307 1491 1382 arguissevidenturlsubdure

269 1403 353 1452 rrmt:
365 1398 444 1450 immo
456 1397 556 1450 crimen
569 1394 641 1449 istud
650 1394 846 1467 quadammodo
855 1394 1038 1468 approbatum,
1047 1394 1143 1467 quiain
1151 1394 1492 1469 criminibusobjectisanoi

269 1499 323 1535 riou
336 1481 510 1549 excluditur,
528 1481 719 1550 approbatur.
750 1479 834 1534 Simul
850 1481 1038 1553 episcoporum
1054 1477 1215 1538 libertatem,
1226 1479 1273 1551 qui
1285 1490 1489 1553 suggesseram*

269 1583 328 1638 pam
341 1564 466 1619 delmisse
477 1564 610 1637 synodum
623 1580 779 1626 convocare,
793 1572 925 1637 tamquam
938 1565 996 1637 regi
1009 1562 1230 1619 contumeliosam
1244 1570 1363 1619 taxames
1374 1565 1488 1639 allegarunt.

269 1651 415 1706 oblocutos
429 1651 596 1705 sacerdotes
609 1651 871 1720 praeceptionibus,
895 1667 925 1704 ac
940 1650 1081 1722 quoddam
1103 1649 1290 1720 sacritepium
1305 1665 1372 1711 esse,
1390 1654 1443 1705 ndi
1455 1651 1487 1704 di·

269 1736 338 1806 quaid
357 1737 391 1790 de
414 1739 524 1790 terreni
543 1737 648 1789 domini
661 1737 797 1806 jussione
817 1738 929 1802 sentiri,
952 1732 1129 1807 opponendo:
1156 1736 1223 1804 quis
1244 1736 1307 1806 repi
1319 1735 1486 1795 deturbem.

266 1837 376 1889 papam
402 1823 561 1890 oportuisse
588 1822 726 1891 synodum
753 1824 934 1875 conuocare?
978 1820 1061 1874 Certe
1086 1819 1164 1890 quaed
1187 1821 1217 1872 in
1237 1818 1296 1873 buc
1314 1827 1396 1891 parte
1412 1825 1488 1876 canu

118 1949 131 1974 ,
178 1917 183 1927 “
269 1907 452 1975 exemplum?
486 1903 571 1960 liliam
589 1908 765 1977 praecipue,
792 1908 842 1976 qui
861 1907 1020 1959 criminosis
1039 1906 1191 1958 inuitorum
1210 1905 1437 1974 propositionibus
1446 1907 1486 1976 jan
1527 1946 1529 1985 Ι

261 1991 404 2061 jacebat,
427 2005 509 2062 quem
530 1992 584 2046 boc
601 1989 705 2060 suerat
719 1991 858 2044 damnare
878 1990 955 2062 quod
967 1992 1066 2061 arpui,
1094 1992 1142 2043 cui
1160 1993 1392 2061 praeropatiaam
1406 1991 1486 2047 eman
1527 2024 1529 2029 -

156 2117 253 2170 Mul·
269 2076 445 2145 adscriptam
470 2076 601 2155 bostium
618 2092 735 2130 sitorum
761 2076 900 2130 oblocutio
921 2077 987 2144 jam
1009 2077 1139 2128 udisset?
1179 2074 1337 2129 Peccatori
1353 2077 1412 2130 dicit
1428 2075 1486 2130 beu:
1527 2116 1529 2181 ¹

162 2193 248 2248 μω.
267 2177 382 2232 „quare
398 2167 428 2214 tn
444 2176 570 2215 enarres
578 2163 713 2232 justitias
727 2160 846 2215 meas?“
875 2160 1037 2215 Probibetis
1051 2159 1144 2232 igitur,
1163 2174 1212 2230 per
1227 2160 1401 2233 apostrophen
1414 2157 1486 2214 eodm

268 2246 409 2318 episcopos
431 2244 638 2317 compellabant,
667 2249 734 2318 quia
753 2263 835 2316 papa
857 2246 934 2301 beati
952 2245 1035 2300 Petri
1055 2245 1178 2313 apostoli
1201 2247 1331 2300 vicarius
1354 2249 1486 2305 aestimata,

268 2331 448 2385 arcidatram
464 2332 530 2402 ejus
545 2333 663 2401 corpori
677 2331 791 2401 afferre
806 2332 989 2385 medicinam:
1011 2330 1148 2401 qumnodo
1170 2344 1220 2383 eos
1235 2333 1349 2384 animae
1363 2328 1420 2401 ejus
1431 2345 1485 2385 mrt-

269 2417 371 2469 tionem
387 2415 525 2470 eabibere
541 2419 687 2470 rermetis?
731 2414 786 2469 'lali
808 2414 904 2477 modo,
927 2412 1089 2474 irridebant,
1107 2414 1221 2467 beatam
1236 2415 1354 2471 Petram
1372 2434 1388 2470 a
1405 2414 1486 2470 bomo

268 2515 331 2553 ram
348 2502 423 2555 sedis
435 2502 592 2572 priritcpiis
608 2502 651 2555 ael
667 2516 851 2555 successores
866 2503 933 2571 cjus
950 2500 1097 2570 peccandi
1109 2500 1257 2568 judicatis
1275 2502 1411 2557 licentiam
1423 2510 1485 2555 susce

265 2587 352 2653 pisse.
384 2586 481 2639 tlontra
497 2575 628 2654 ejusmodi
645 2587 890 2658 praesumptionem
911 2583 961 2639 sibi
977 2585 1039 2657 ipsis
1056 2586 1206 2639 coetestem
1228 2583 1406 2658 gloriabantur
1417 2582 1485 2656 'patm-

267 2671 335 2722 tiam
351 2670 494 2741 saffrapio
511 2685 581 2738 esse,
604 2672 680 2742 qrtod
694 2671 734 2724 ad
745 2671 923 2741 praesidium
944 2670 1021 2724 beati
1040 2672 1165 2740 apostoli
1186 2671 1360 2741 adjutricem
1379 2672 1485 2726 derium

267 2755 487 2808 commodarent.
518 2754 577 2809 Car
592 2755 716 2827 denique,
732 2754 873 2817 addebant,
895 2757 934 2810 ad
943 2758 1106 2826 principem
1123 2759 1305 2825 concepistis,
1327 2760 1353 2811 si
1365 2757 1484 2812 audirimus

266 2839 371 2893 licebat
386 2843 562 2910 impetitum?
590 2840 619 2909 (l.
637 2857 661 2894 c.
679 2840 740 2895 976
756 2849 783 2894 et
800 2839 881 2911 977).

351 2940 379 2994 3.
412 2940 508 2994 lteinde
525 2949 552 2994 nt
570 2941 757 3013 Symmachum
773 2941 932 3014 dignitatem
954 2942 1036 3015 ipsam
1052 2939 1218 3015 pontificiam
1242 2951 1297 2998 tum
1310 2942 1363 3013 jam
1381 2937 1485 3015 perlinisse

266 3023 496 3082 ‹lenuiastrarent.
517 3042 578 3080 eum
595 3027 675 3081 Esau
691 3025 892 3098 comparabunt,
917 3031 967 3098 qui
981 3031 1102 3083 senioris
1122 3034 1250 3083 naturae
1265 3030 1422 3099 beneficium
1432 3025 1486 3079 mitt

266 3111 322 3163 cibi
337 3114 554 3166 commutatione
567 3112 741 3182 perdidisset
756 3119 784 3166 et
796 3115 979 3183 primopeniti
992 3129 1097 3167 cernam
1116 3113 1282 3185 dipnitatem
1304 3117 1430 3169 armasset
1441 3107 1485 3179 [at-

266 3197 346 3249 cibus
361 3197 550 3267 obsequendo.
580 3195 657 3262 Quat
673 3196 743 3251 idem
759 3204 788 3250 ut
803 3197 877 3269 ipsos
893 3198 1034 3270 episcopos
1051 3197 1268 3270 quoddammodo
1284 3201 1418 3272 agnoruse
1427 3200 1487 3250 oster

265 3279 369 3342 darent,
386 3297 455 3336 aera
471 3287 522 3343 est,
539 3279 703 3353 inquiebant,
720 3284 919 3352 episcoporum
935 3286 1064 3351 assertio,
1081 3284 1159 3338 sedis
1173 3287 1353 3354 apostoticae.
1362 3279 1486 3356 mortue!

264 3368 403 3421 minorum
427 3384 574 3439 nunquam
594 3366 778 3437 subjacuisse
798 3371 972 3423 sententiae,-
1000 3384 1055 3423 cur
1075 3368 1222 3441 igiturad
1232 3372 1374 3439 judicium
1392 3365 1486 3423 dirtnatt

264 3455 449 3507 conuentione
461 3453 624 3522 productus
639 3456 701 3506 est?
722 3450 750 3521 (l.
768 3467 791 3506 c.
809 3449 891 3523 978).
937 3451 1034 3506 beiude
1055 3451 1162 3507 concilii
1176 3452 1211 3508 de
1226 3442 1375 3524 rejiciendis
1389 3452 1486 3510 amuel*

264 3532 337 3589 rilms
353 3535 514 3591 laudabilibus
530 3537 690 3591 sententiam
706 3535 785 3591 latius
800 3538 991 3609 perstrinxisse
1007 3536 1141 3592 videntur.
1166 3536 1214 3593 Cui
1229 3536 1376 3596 addebant:
1389 3544 1486 3605 curati*

264 3635 353 3675 sonae
368 3623 475 3693 jussae
495 3625 551 3676 sint
568 3624 769 3693 praesentari,
798 3638 872 3693 queas
894 3638 981 3695 saepe
1001 3625 1160 3693 imperialis
1176 3625 1341 3696 [inuitasset
1358 3622 1484 3681 auctoritati

264 3706 303 3759 ad
316 3706 567 3777 defraudationem
582 3710 660 3779 panii
669 3710 820 3777 pertinere
836 3709 910 3778 ejas,
934 3711 984 3781 qui
1002 3723 1079 3763 nunc
1094 3711 1123 3763 in
1139 3709 1206 3763 sede
1221 3712 1378 3781 apostolica
1391 3701 1484 3783 quoti&

263 3792 388 3861 quadam
409 3808 479 3847 arce
500 3794 636 3849 consistit.
681 3790 769 3864 thue
790 3792 902 3863 amplius
924 3791 1103 3847 admittendos
1130 3793 1209 3848 etiam
1235 3793 1340 3851 seriatis
1365 3782 1485 3851 commu&

264 3883 346 3930 testes
363 3878 530 3938 evincerent,
547 3875 728 3937 adducebant,
744 3880 836 3947 ipsum
851 3878 1000 3933 Dominum
1015 3884 1043 3933 et
1055 3879 1276 3949 Redemptorem
1289 3889 1409 3937 nostrum
1420 3884 1484 3932 seret

263 3979 326 4016 rum
341 3963 461 4018 subiisse
470 3964 597 4034 judicia,
615 3970 641 4017 et
657 3964 730 4017 coeii
743 3970 925 4033 operatorem
938 3966 1104 4034 partiendae
1114 3965 1229 4020 cuidam
1236 3974 1337 4037 sponte
1345 3961 1484 4038 majarum

135 4056 250 4119 ,tas.5‚3,
263 4053 412 4116 terrenae,
442 4050 508 4103 dum
530 4055 654 4103 testatur
675 4055 702 4102 et
721 4050 863 4119 loquitur:
893 4049 995 4118 „bomo
1010 4049 1087 4104 luda
1109 4056 1136 4104 et
1157 4053 1208 4122 qui
1225 4046 1482 4108 namtastmutffl

255 4133 390 4200 judicate
406 4137 539 4188 interme
555 4140 582 4188 et
597 4137 707 4189 vineam
723 4133 851 4198 meam‘f:
879 4135 934 4190 boc
955 4137 1039 4190 etiam
1055 4135 1168 4190 beatum
1179 4135 1313 4206 Petrum,
1334 4138 1385 4194 boc
1399 4130 1483 4191 eeu·

263 4220 422 4287 apostolum
437 4236 494 4274 non
509 4219 674 4279 dormisse,-
696 4217 857 4274 Samuelem
873 4223 956 4275 etiam
970 4220 1142 4293 proplietam
1162 4224 1316 4293 mirificum
1329 4223 1364 4278 de
1378 4217 1482 4277 canui&

262 4305 320 4356 tiae
335 4319 406 4358 suae
422 4307 577 4359 serenitate
594 4306 669 4376 vulpi
683 4307 853 4374 implorasse
874 4308 1077 4368 testimonium;
1105 4313 1187 4378 atque
1208 4305 1340 4375 ejusmodi
1353 4306 1398 4363 alia
1409 4302 1481 4377 quoe*

262 4383 314 4455 [er.
332 4405 373 4460 gr.
392 4391 476 4443 sancti
492 4387 638 4460 Atlianasii)
655 4388 774 4462 exempla
790 4388 918 4458 adjecisse
935 4382 1062 4445 videntur
1077 4390 1107 4462 (l.
1123 4407 1148 4446 c.
1165 4389 1248 4462 980).
1280 4391 1377 4448 lleiude
1390 4376 1481 4468 utpati

262 4468 383 4527 baiarum
398 4473 430 4527 ad
447 4475 568 4547 antiquas
584 4473 744 4528 traditiones
760 4474 965 4547 appellationem
982 4475 1170 4537 retunderent,
1188 4493 1272 4550 erpo,
1294 4475 1406 4548 ajeb'ant,
1420 4470 1480 4554 dotti¹

262 4574 278 4609 a
301 4559 378 4612 uobis
392 4560 513 4630 jejunia
536 4567 563 4615 et
579 4561 691 4615 Etisaei
709 4563 867 4629 miracuta,
896 4578 971 4633 quae
992 4565 1048 4635 epit
1067 4564 1134 4618 dum
1154 4571 1297 4619 mortuum
1317 4559 1479 4621 emutuit&

261 4659 371 4697 ‹irritosa
388 4650 497 4699 tantum
512 4649 674 4714 sectamini,
692 4647 928 4701 condemnantur.

344 4743 372 4798 4.
411 4745 449 4799 bd
476 4763 571 4802 novam
597 4748 808 4803 criminationem
833 4757 1003 4804 transeuntes
1030 4748 1213 4805 recluserunt:
1244 4766 1338 4824 quare
1358 4763 1425 4823 pap·
1441 4739 1479 4796 θ’

260 4832 386 4900 exempti
403 4834 530 4888 instituto
547 4835 753 4903 praecedentis
773 4835 911 4905 synodum
927 4839 1106 4904 conuocauit,
1130 4843 1161 4891 ut
1181 4837 1217 4891 de
1232 4820 1479 4907 cuminanejutl

254 4914 385 4983 jectione
400 4923 607 4989 capnosceret?
621 4917 650 4990 (l.
668 4936 690 4974 c.
709 4917 794 4990 bela
825 4919 1029 4996 arguebantque
1043 4920 1141 4994 synodi
1155 4929 1247 4994 patres
1261 4923 1406 4996 salsimtis,
1422 4920 1480 4973 Μ’
