3224 5506
128 321 190 383 602
599 337 626 383 a.
645 336 783 384 onaasn
807 336 919 381 aaran

128 490 268 574 percalia
290 490 398 573 utique
421 491 624 573 gerebantur,
660 492 821 553 ettamen
843 488 1028 573 pestilentia
1051 492 1144 554 tanta
1166 490 1310 574 subrepsit,
1326 496 1350 554 ut
1448 514 1450 519 ·

128 592 294 656 toleranda
317 592 369 654 vix
391 591 498 654 fuerit.
536 591 698 676 Numquid
721 614 778 675 per
793 591 1004 673 Campaniam
1026 591 1215 675 Lupercalia
1234 593 1350 677 gereban-
1440 628 1444 635 ·

129 697 191 776 tur,
215 716 296 777 quae
318 694 445 757 sublata
467 694 593 756 morbos
616 693 682 757 illic
705 698 737 757 et
759 693 977 776 pestilentiam
1000 692 1228 776 procrearent?

213 796 243 860 6.
283 795 344 859 Sed
366 795 482 858 dicturi
499 797 590 875 estis,
614 795 653 857 ad
673 795 809 858 Romam
823 799 987 879 tamquam
1003 795 1044 858 ad
1060 799 1158 880 caput
1174 796 1272 860 omnia
1284 796 1352 881 perti·
1448 840 1450 845 ,

130 920 216 980 nere,
242 901 275 960 et
297 896 379 981 quod
402 895 454 960 hic
476 896 598 959 factum
621 919 686 961 non
709 902 767 978 est,
792 896 923 960 diversis
946 898 1120 980 provinciis
1143 897 1183 960 ad
1206 919 1267 961 eam
1284 896 1353 981 perli-

128 1000 279 1064 uentibus
302 999 451 1062 obfuisse.
497 998 560 1063 Cur
583 1020 659 1082 ergo
682 1002 854 1083 antequam
882 998 921 1062 ad
944 998 1081 1062 llomam
1094 999 1185 1070 jstae
1212 997 1354 1082 provinciae

128 1103 337 1187 pertinerent,
360 1105 487 1184 praeter
502 1101 690 1183 Lupercalia
711 1102 845 1185 propriis
863 1102 975 1185 opibus
991 1101 1192 1165 floruerunt?
1219 1101 1259 1165 Ut
1271 1096 1354 1163 sterili-
1436 1116 1450 1154 'r

128 1207 178 1267 tas
200 1205 243 1267 sit
265 1203 468 1285 continuata,
492 1206 649 1266 terrarum
664 1203 853 1286 Lupercalia
875 1203 1002 1266 sublata
1023 1203 1187 1286 fecerunt,
1211 1224 1248 1266 an
1264 1204 1355 1266 nam
1433 1216 1450 1253 5²

128 1328 199 1369 rum
221 1305 335 1368 merita
357 1309 577 1387 peccatorum,
602 1304 776 1388 dequibus
799 1306 874 1368 olim
897 1305 1096 1369 dictumest:
1119 1319 1149 1368 et
1168 1309 1301 1385 quidquid
1315 1305 1356 1365 llo
1443 1326 1450 1351 ι

128 1415 211 1471 mont
231 1407 450 1491 mernerunrff)
469 1413 603 1486 perdere
624 1407 746 1472 mores?
789 1407 947 1473 Sterilitas
964 1410 1049 1471 certe
1071 1407 1261 1471 feminarum
1280 1397 1359 1469 debuit

128 1510 310 1594 provenire,
334 1510 583 1591 propterquam
606 1508 811 1572 auferendam
833 1509 1022 1593 Lupercalia
1045 1509 1198 1573 instituta
1218 1508 1360 1592 jactanto
1447 1512 1450 1547 ³

128 1633 194 1676 uon
217 1611 369 1675 sterilitas
391 1613 566 1692 terrarum,
589 1614 721 1693 propter
739 1634 834 1694 quam
850 1609 1037 1695 Lupercalia
1060 1633 1126 1674 non
1150 1615 1225 1675 sunt
1245 1605 1364 1676 indua
1448 1612 1450 1616 ’

129 1711 410 1796 removendamffi).
468 1710 566 1795 Quid,
603 1714 636 1776 iu
665 1712 776 1776 Africa
805 1713 888 1776 unde
917 1712 1094 1775 sterilitas?
1148 1712 1231 1788 Quid
1256 1713 1289 1777 in
1312 1703 1368 1775 Gal·

129 1814 203 1879 liis?
246 1814 433 1898 Lupercalia
461 1816 524 1877 ista
551 1814 713 1896 fecenmt,
743 1838 785 1878 an
811 1816 913 1879 nostri
935 1835 1038 1878 mores
1045 1865 1054 1897 ,
1078 1815 1184 1897 furta,
1214 1813 1373 1889 homicidia,

130 1917 303 1998 adulteria,
327 1915 521 1999 injustitiae,
550 1915 752 2000 iniquitates,
777 1917 984 1999 ambitiones,
1010 1915 1221 1999 cupiditates,
1245 1915 1380 2000 perjuria,

128 2020 212 2083 falsa
240 2018 440 2100 testimonia,
470 2019 690 2101 oppressiones
718 2019 921 2102 miserorum,
955 2018 1112 2082 bonarum
1146 2041 1315 2082 causarum
1338 2018 1387 2082 im·

129 2121 302 2205 pugnatio,
326 2121 545 2219 malarumque
568 2120 727 2203 defensio,
752 2123 784 2183 et
806 2121 839 2183 in
858 2120 1005 2184 omnibus
1025 2120 1173 2184 inaudita
1194 2121 1394 2205 perversitas,
1446 2182 1450 2215 ,

129 2226 305 2307 postremo,
335 2222 417 2306 quod
446 2244 541 2305 supra
570 2222 678 2285 omnia
705 2225 769 2304 est,
798 2222 866 2286 Deo
894 2223 987 2286 fictae
1009 2225 1135 2286 mentes
1158 2225 1192 2285 et
1218 2223 1398 2308 sacrilegia,
1448 2252 1450 2259 ¹

130 2328 277 2409 artesque
299 2324 492 2409 magieaeff)
521 2323 618 2386 etiam
646 2324 783 2409 paganis
812 2324 1012 2387 horrendae?
1062 2323 1147 2388 Ecce
1170 2346 1257 2408 qaae
1279 2325 1403 2390 faciunt

129 2426 237 2489 omnia
265 2427 396 2489 adversa
424 2429 457 2489 ct
485 2425 615 2488 inimica
643 2426 751 2509 nobis,
781 2448 845 2490 non
874 2426 1079 2509 Lupercalia,
1115 2448 1198 2511 quae
1235 2432 1318 2492 sunt
1351 2450 1406 2513 pro

129 2530 237 2592 vestra
259 2528 363 2591 salute
385 2529 527 2592 sublata!

215 2631 244 2694 l.
291 2628 351 2693 Sed
366 2630 441 2713 quid
457 2630 562 2693 dicitis
578 2652 633 2693 vos
655 2629 733 2713 ipsi,
757 2630 810 2714 qui
826 2630 1015 2713 Lupercalia
1030 2630 1205 2694 defenditis
1223 2634 1259 2696 et
1280 2634 1411 2718 agenda

130 2731 333 2816 proponitis?
374 2730 441 2794 Vos
464 2733 549 2816 eam)
579 2733 765 2814 depretiatis
772 2782 781 2813 ,
810 2754 865 2795 vos
888 2753 997 2795 eorum
1020 2732 1140 2797 cultum
1168 2733 1411 2801 celebritatem·

130 2856 190 2918 que
212 2833 307 2897 vilem
330 2833 556 2918 vulgaremque
579 2833 722 2896 redditis
762 2832 795 2896 Si
817 2833 998 2918 offensio¹⁵')
1021 2833 1294 2918 Lupercaliorum
1317 2839 1413 2903 nobis

131 2936 261 3000 adversa
288 2936 487 3019 procurarit,
521 2938 628 2998 vestra
657 2936 750 3018 culpa
780 2939 844 3017 est,
878 2935 932 3018 qui
960 2937 1042 3019 quod
1069 2936 1161 3000 robis
1192 2938 1414 3024 singulariter

129 3038 278 3123 prodesse
306 3038 443 3122 putatis,
472 3037 750 3121 negligentissime
773 3037 853 3121 et20)
884 3059 956 3100 cum
982 3037 1080 3122 louge
1107 3039 1231 3122 impari
1262 3041 1357 3107 cultu
1382 3047 1415 3108 et

198 3278 227 3342 ¹³)
245 3275 347 3329 Versus
369 3274 441 3328 ratio
464 3275 587 3343 postulat-
609 3286 754 3327 merumnnt
776 3274 823 3327 ulti
847 3274 893 3327 alii
915 3285 1067 3328 meruerant.
1104 3274 1157 3328 His
1184 3275 1297 3345 poetae
1321 3280 1414 3334 verbis

130 3363 250 3430 cognata
269 3362 344 3425 suut,
363 3377 434 3427 quae
453 3359 548 3413 Cicero
568 3360 603 3413 ab
621 3359 776 3426 Augustino
796 3358 830 3412 de
849 3357 921 3413 civit.
942 3358 993 3412 Dei
1011 3359 1028 3412 l.
1043 3366 1058 3412 ⁸3
1071 3378 1093 3412 o.
1108 3366 1140 3413 at
1155 3379 1183 3415 n.
1199 3370 1218 3417 3
1238 3363 1349 3421 citatus
1362 3366 1413 3421 ait:

129 3450 232 3499 Nostris
250 3451 314 3498 enim
331 3451 410 3509 ottir's,
430 3464 479 3497 non
497 3464 558 3497 curu
576 3450 672 3513 atiquo,
693 3448 866 3512 rempublicam
879 3447 955 3498 aerbo
971 3450 1120 3507 retinemus,
1139 3466 1170 3499 re
1189 3452 1256 3516 ipsa
1268 3470 1333 3505 ocra
1346 3458 1414 3519 jnra-

128 3535 228 3597 pridem
245 3536 375 3583 arnisr'nurs.
933 3532 940 3551 ⁸

199 3615 229 3682 ¹⁶)
248 3618 274 3668 a¹
293 3619 318 3667 c⁷
335 3618 373 3669 0¹⁰
394 3620 558 3668 removendo:
581 3615 655 3681 quod
678 3615 793 3668 verbum
810 3613 970 3687 ¹suppressit
991 3613 1141 3682 Batonius3
1169 3615 1202 3671 id
1227 3637 1413 3690 nequaquam

129 3698 264 3768 supprimi
283 3700 332 3753 scd
349 3706 522 3762 removendam
541 3700 649 3753 rest-itui
667 3699 756 3753 oratio
774 3699 905 3768 postulat.

198 3787 228 3851 ¹⁷)
246 3784 322 3838 Haec
339 3802 356 3839 a
375 3783 484 3838 Gelasio
502 3801 557 3837 non
576 3788 680 3837 temere
703 3783 785 3837 scribi
808 3784 891 3837 tidem
913 3785 1019 3838 faciunt
1037 3784 1212 3841 Theoderici
1235 3790 1317 3859 regis
1340 3791 1414 3862 apud

130 3868 321 3943 Cassiodorum
340 3869 404 3923 Var.
425 3869 504 3938 epist.
523 3868 570 3921 lib.
591 3867 629 3920 IV
645 3875 674 3921 17
694 3870 722 3922 et
741 3876 772 3922 ‘23
791 3868 914 3934 litterae,
932 3869 960 3922 in
978 3870 1079 3937 quibus
1098 3870 1189 3925 etiarn
1209 3876 1355 3930 senatorii
1372 3892 1414 3931 or·

129 3953 200 4006 dinis
218 3954 291 4008 viros
309 3955 442 4008 Basiliam
459 3957 488 4007 et
505 3954 729 4018 Praetextatum,
748 3953 823 4020 quod
840 3953 957 4021 magicis
975 3952 1081 4007 addicti
1099 3958 1199 4010 essent
1217 3959 1349 4030 artibus,
1371 3978 1414 4017 ac·

132 4046 242 4093 casatos
261 4039 386 4108 legimus.

199 4128 228 4191 ¹⁸)
247 4123 280 4176 (ἰ1
296 4126 319 4178 c¹
334 4128 360 4178 o⁷
372 4126 409 4178 c¹⁰
427 4129 513 4177 eadem
530 4128 663 4191 pretiatis,
683 4123 757 4198 quod
769 4123 873 4178 (lelasii
891 4124 979 4176 menti
995 4123 1146 4178 adversum
1163 4129 1352 4200 perspiciens
1363 4118 1413 4187 Ba}

128 4209 223 4263 ronius
241 4209 406 4278 particulam
417 4209 568 4276 negantem
586 4208 689 4277 adjecit
706 4208 830 4277 legitque
843 4213 931 4262 eadem
942 4229 992 4263 non
1006 4214 1144 4277 pretiatis,
1163 4212 1219 4266 sed
1235 4231 1333 4283 neque
1344 4217 1413 4272 haec

128 4293 209 4347 lectio
227 4293 322 4347 latina.
359 4292 476 4347 Sublata
498 4292 647 4354 litteram,
672 4312 756 4361 quam
776 4293 885 4348 librarii
906 4295 1015 4348 veteres
1036 4293 1145 4362 passim
1167 4294 1208 4352 do
1234 4317 1288 4355 suo
1307 4301 1413 4358 addere

128 4379 231 4444 solent,
249 4396 282 4433 ac
299 4379 406 4447 syllaba
424 4384 456 4432 de
475 4392 523 4431 sno
541 4379 602 4431 loco
620 4379 742 4441 reddit-a,
760 4378 910 4447 genuinam
928 4395 978 4431 nos
997 4377 1153 4434 restituisse
1171 4383 1361 4440 confidimus.

196 4466 228 4532 ¹⁹)
247 4465 280 4516 G¹
295 4467 319 4518 a¹
336 4468 361 4518 c⁷
374 4467 412 4517 0¹⁰
429 4469 550 4521 ostensio.
576 4464 650 4530 quod
669 4466 744 4517 recte
762 4481 780 4517 a
796 4463 918 4517 Baronio
937 4464 1091 4517 correctum
1112 4464 1249 4533 probant
1266 4469 1343 4526 haee
1360 4470 1411 4526 sub

128 4547 209 4602 finern
227 4567 301 4601 nuru.
322 4555 349 4603 5:
370 4553 403 4603 Ut
421 4553 511 4602 bellica
530 4554 679 4602 necessitate
698 4558 916 4612 consumerentur,
938 4552 1148 4617 Luperealr'orma
1162 4554 1236 4616 [ecit
1254 4559 1380 4622 offensio.

194 4635 227 4699 ²⁰)
247 4636 280 4687 ta
295 4636 320 4687 a¹
339 4637 365 4687 c⁷
377 4636 414 4687 o¹⁰
432 4647 457 4687 et
475 4654 523 4687 non
542 4641 625 4701 torpe,
647 4635 676 4686 b¹
695 4645 787 4687 ettam
806 4639 886 4700 torpe.
921 4632 1136 4687 Restituendnm
1154 4632 1296 4692 duximus
1315 4652 1344 4694 et
1359 4660 1411 4693 m

129 4724 209 4785 torpe.
245 4718 359 4784 Antiqui
376 4718 601 4786 Lupercaliorum
619 4718 688 4772 ritus
706 4711 814 4771 rursum
830 4717 995 4772 Plutarchus
1015 4715 1045 4769 in
1061 4716 1160 4771 Marco
1179 4719 1315 4777 Antonio
1332 4722 1411 4779 testis

128 4804 171 4855 cst
187 4802 230 4856 his
246 4802 350 4855 verbis:
379 4807 489 4856 Currant
507 4810 570 4856 enim
587 4815 613 4856 et
630 4807 746 4857 nobilium
758 4808 879 4868 juvenum
896 4814 922 4856 et
938 4822 1036 4868 eorum,
1055 4807 1100 4871 qm·
1110 4809 1297 4874 magistratum
1306 4818 1410 4877 perurat,
