3204 5506
551 366 744 415 snrsroms
769 357 818 414 14.
845 360 893 415 15.
1294 358 1357 422 203

10 517 13 573 ἶ
57 519 135 583 tatis
159 519 285 603 apices
311 518 447 605 gavisus
475 519 591 603 accepi,
622 520 735 604 quibus
766 520 912 605 ingenito
935 524 1024 586 votus
1047 524 1152 588 studio
1175 525 1354 610 catholicae
1367 546 1392 581 a.
1403 535 1454 583 482

58 620 235 704 religionis
268 625 354 704 post
381 621 597 686 defensionem
623 621 707 705 fidei,
737 645 819 706 quae
848 646 902 687 vos
931 630 1039 688 servat
1061 649 1099 689 ac
1122 628 1271 710 custodit,
1297 629 1353 692 im-
1368 599 1459 666 (4791)

56 720 198 807 pietatis
223 722 408 788 audaciam
432 728 464 787 et
489 724 633 790 facinora
662 724 746 809 apud
769 725 975 789 Antiochiam
1005 733 1190 811 perpetrata
1214 731 1354 794 coercita

57 824 264 909 reperimus:
307 825 524 908 exsultantes,
561 826 651 889 vobis
679 827 784 890 inesse
812 827 954 891 animmn
976 829 1153 893 fidelissimi
1177 832 1352 896 sacerdotis

57 933 89 991 et
110 927 304 1012 principis,
329 931 367 992 ut
381 927 554 1012 imperialis
577 929 752 993 auctoritas
776 933 808 993 et
826 930 942 1011 ¹juncta
964 930 1168 996 Christianae
1191 933 1353 998 devotioni

57 1029 312 1114 acceptabilior
325 1028 396 1094 Deo
417 1030 518 1113 fieret,
542 1034 576 1094 et
596 1035 767 1115 appareret
789 1031 971 1115 integritas,
988 1055 1085 1116 quum
1100 1033 1144 1115 hi,
1168 1035 1272 1118 quiin
1288 1036 1353 1119 cpi-

55 1154 245 1216 scoporum
270 1153 372 1197 neces
382 1133 406 1216 ¹)
428 1132 587 1218 sacrilega
610 1132 705 1197 caede
728 1134 845 1197 versati
868 1138 955 1216 sunt,
979 1134 1087 1218 dignis
1106 1136 1261 1218 jubentur
1284 1159 1353 1220 per·

10 1310 12 1321 ,
53 1233 102 1296 ire
132 1233 335 1318 suppliciis
373 1232 412 1297 Iu
442 1256 504 1318 quo
532 1238 566 1298 et
592 1235 693 1318 quieti
720 1235 956 1299 ecclesiasticae
984 1241 1017 1300 et
1046 1242 1151 1300 vestro
1180 1239 1353 1302 consuletis

10 1334 12 1341 '
51 1335 224 1419 imperio:
250 1337 332 1420 quia
347 1335 508 1400 vindicata
524 1335 584 1400 Dei
602 1337 795 1401 contumelia
817 1338 1001 1401 ulciscentis
1025 1344 1074 1402 est
1089 1339 1207 1422 gratia,
1232 1345 1264 1403 et
1281 1364 1353 1404 con-

51 1436 198 1501 ciliatur
231 1437 291 1501 his
320 1437 421 1501 divini
447 1437 567 1503 favoris
596 1439 759 1522 auxilium,
789 1461 922 1524 quorum
951 1462 1025 1504 cura
1056 1441 1260 1526 sacrilegium
1288 1464 1374 1529 non,

49 1539 242 1624 reliquerit
268 1540 476 1624 imprmitum.

142 1642 181 1705 2.
236 1640 305 1707 Sed
332 1651 368 1706 ut
389 1642 499 1726 loquar
520 1643 713 1708 fiducialiter
734 1643 872 1727 principi
896 1644 1091 1727 Christiano,
1115 1646 1141 1708 si
1165 1645 1353 1728 praeterita-

47 1765 128 1809 rum
153 1743 357 1807 litterarum
365 1745 403 1828 ²),
433 1766 512 1828 quas
540 1744 579 1809 de
608 1744 697 1809 Petri
727 1746 923 1829 aliorumque
954 1747 1083 1810 nomine
1102 1746 1290 1828 jamdudum
1313 1748 1354 1811 ad

10 1868 14 1881 ¹
48 1846 207 1911 fratrem
231 1848 269 1910 et
294 1846 516 1932 coepiscopum
533 1860 638 1910 meum
653 1847 808 1911 Acacium
824 1848 989 1931 scripsisse
1003 1849 1146 1931 memini,
1174 1849 1250 1913 ordo
1265 1855 1353 1913 tene-

10 1934 12 1939 ’
49 1954 162 2030 retur,
205 1946 251 2011 ad
282 1947 345 2012 hoc
372 1970 437 2012 non
464 1949 569 2032 potuit
591 1950 768 2032 pervenire,
799 1949 881 2033 quod
907 1950 980 2032 jure
1003 1973 1090 2014 nunc
1112 1951 1230 2014 memit
1253 1951 1373 2039 viudi3

51 2072 144 2114 aare.
201 2048 440 2113 hiandaveram
469 2072 624 2135 namque,
654 2056 690 2115 ut
717 2051 806 2116 facta
835 2048 1042 2135 suggestione
1069 2053 1183 2136 pietati
1215 2057 1351 2136 vestrae,

51 2153 263 2237 praedictus
286 2156 324 2215 ut
333 2151 359 2236 ³)
382 2156 415 2216 et
437 2152 545 2235 ceteri,
569 2153 624 2237 qui
646 2176 703 2236 per
728 2154 928 2218 occasionem
952 2154 1140 2237 tyrannicae
1163 2153 1352 2218 dominatio-

52 2255 109 2319 nis
134 2255 345 2317 invaserant
366 2254 516 2318 ecclesias
538 2254 609 2338 Dei,
639 2259 730 2320 extra
752 2262 854 2320 metas
879 2256 975 2318 vestri
998 2255 1193 2339 pellerentur·
1216 2256 1351 2339 imperii,

54 2378 99 2420 ue
123 2355 326 2441 pestiferi⁴)
355 2378 467 2420 sensus
495 2359 705 2443 quibusquam
733 2358 979 2442 simplicioribus
1010 2377 1063 2419 ore
1086 2358 1244 2442 sacrilego
1267 2359 1352 2422 virus

55 2457 301 2539 infunderent,
327 2460 360 2521 et
376 2459 479 2523 verbis
501 2460 609 2544 impiis
632 2465 744 2524 eontra
767 2461 860 2523 fidem
883 2458 1092 2522 ortluuloxanr
1114 2460 1352 2524 innocentiores

56 2561 197 2625 mutas
219 2559 421 2623 sauciarent.
465 2560 667 2646 erautuu1⁵)
690 2566 835 2646 aqqatret,
869 2583 965 2644 qrrum
986 2561 1092 2624 mirms
1114 2561 1177 2625 ista
1201 2568 1354 2626 curantur

58 2668 93 2727 et
121 2662 219 2726 levia
250 2654 324 2725 ess'e
353 2662 541 2746 creduntur,
570 2669 678 2728 actum
701 2669 760 2746 est,
791 2669 836 2745 ut,
871 2662 1136 2746 ‹prenrculmodum
1165 2664 1351 2748 perhibetis,

60 2765 152 2828 inter
184 2764 312 2828 altaria
339 2786 404 2828 non
428 2765 497 2847 jam
524 2766 615 2850 plebs
637 2766 897 2849 persuasionibus
920 2787 1049 2846 eorum,
1068 2767 1123 2827 sed
1145 2767 1206 2849 ipsi
1229 2790 1352 2850 (proque

10 2888 14 2923 ι
61 2866 241 2951 praesules
267 2869 301 2928 et
323 2866 559 2949 praedicatores
587 2867 661 2930 fidei
690 2868 834 2951 perirent
855 2867 993 2930 funestis
1020 2866 1137 2950 gladiis
1160 2868 1351 2933 sacerdotes.
1387 2908 1390 2913 -

62 2967 163 3033 Unde
190 2967 221 3031 si
245 2988 332 3051 quae
355 2971 387 3031 et
409 2968 490 3032 aliae
512 2969 665 3053 reliquiae
688 2970 748 3032 sub
770 2974 876 3034 vestro
899 2968 1103 3051 reperiuntur
1125 2969 1268 3052 irnperio,
1299 2992 1353 3033 eas

10 3098 12 3105 ·
63 3071 114 3134 rel
141 3091 240 3165 nilne
266 3069 300 3133 in
323 3071 493 3134 exteriores
515 3076 618 3136 terras
637 3071 748 3154 jubete
770 3070 915 3154 propelli,
939 3091 980 3133 ue
1003 3093 1065 3153 qna
1088 3070 1237 3154 deinceps
1261 3072 1293 3134 in
1317 3096 1353 3135 eo

10 3242 14 3251 ,
63 3174 109 3236 sit
133 3172 328 3236 necessitas
350 3176 382 3235 ct
405 3194 500 3236 eausa
523 3172 692 3257 supplicii3
715 3173 789 3256 quia
811 3172 924 3235 melius
944 3178 993 3236 est
1013 3172 1136 3235 aditum
1158 3173 1353 3237 obstruxisse

10 3300 12 3307 ·
63 3297 169 3360 quam
195 3296 340 3357 poenam
363 3270 505 3359 exegisse
528 3277 663 3359 peccati.

152 3377 191 3441 3.
231 3374 280 3439 Et
301 3376 452 3459 quoniam
474 3377 647 3442 seditiones
671 3376 890 3440 Antiochense
914 3376 1168 3460 religiossissimo
1192 3378 1354 3460 proposito

64 3478 237 3541 salandas
262 3498 328 3540 nou
350 3477 444 3541 aliter
465 3477 684 3560 existimastis
708 3479 769 3541 nisi
794 3482 921 3562 praeter
936 3478 1166 3562 praejudicium
1181 3478 1353 3543 venerandi

65 3580 158 3644 illius
185 3577 321 3643 concilii
343 3577 477 3644 Nicaeni
504 3580 589 3664 apud
613 3579 925 3664 Constantinopolim
956 3579 1069 3644 iisdem
1097 3579 1282 3665 petentibus
1305 3603 1352 3644 or·

139 3821 148 3853 ¹
153 3832 162 3882 j
183 3821 376 3885 Episcoporum
393 3837 468 3872 aecer
484 3834 537 3887 pro
550 3817 686 3887 Stephani
698 3817 862 3872 Antiocheni
881 3835 947 3872 nece
967 3817 1071 3871 dictum
1090 3819 1126 3872 ad
1144 3818 1279 3885 majorem
1298 3836 1353 3871 cm·

67 3902 199 3972 phasim:
231 3899 263 3953 id
286 3900 362 3968 quod
379 3900 520 3973 Simplicio
543 3904 585 3957 eet
608 3902 758 3967 familiare,
784 3904 816 3955 ut
837 3901 866 3954 in
889 3902 1078 3971 superioribus
1099 3901 1200 3955 litteris
1222 3902 1250 3954 in
1269 3920 1353 3956 unum

67 3987 243 4042 nuiliacum
256 3983 388 4040 invehens
401 3998 531 4056 tyrannos,
551 3992 712 4042 incubatores
730 4007 835 4041 curreres
854 3991 882 4040 ct
900 3987 1000 4041 similia
1012 3988 1152 4041 inclamat.
1181 3986 1353 4055 Stephanum

67 4076 168 4126 mrtem
194 4069 359 4140 praeacutis
376 4070 601 4127 Antiochensium
623 4090 773 4141 puerorum
796 4072 909 4126 calamis
931 4071 1126 4125 miserabiliter
1149 4074 1303 4125 confossum
1325 4076 1354 4125 et·

68 4156 259 4211 interfectum
280 4153 377 4219 frume,
405 4155 541 4226 Euagrius
562 4157 596 4210 Η.
614 4157 644 4210 Ε.
665 4157 711 4222 ΙΙΙ,
730 4164 761 4211 10
785 4174 818 4209 cx
839 4156 965 4210 Johannc
989 4157 1100 4209 rhetore
1124 4157 1223 4221 tradit,
1254 4157 1353 4223 quiturs

69 4239 269 4311 Theophanes
286 4239 406 4293 concinit
423 4243 452 4294 et
468 4242 616 4310 synodicas
633 4241 747 4295 libellus.
778 4241 857 4295 Unde
876 4241 949 4295 infra
961 4239 1125 4310 Simplicius,
1145 4240 1192 4293 ubi
1206 4258 1268 4293 curn
1280 4241 1354 4294 inter

67 4325 179 4380 altaria
194 4328 296 4393 plodio
313 4327 487 4394 peremptum
504 4325 603 4392 irmuit,
626 4327 749 4393 generali
766 4333 908 4394 prediorum
927 4325 1061 4379 vocabulo
1080 4326 1223 4378 cruentam
1241 4324 1353 4377 ornnino

68 4427 172 4465 ric-cem
195 4407 328 4463 indicare
349 4409 464 4465 uoluisse
486 4410 684 4478 intelligendus
706 4412 756 4465 est.
793 4410 853 4464 Hoc
875 4410 980 4464 facinus
1004 4408 1187 4477 Theophanes
1210 4410 1352 4476 patratum

67 4511 131 4549 esse
152 4493 244 4549 docet
262 4493 292 4546 in
310 4511 331 4546 s.
350 4494 478 4564 martyris
496 4495 627 4549 Barlaam
646 4483 818 4571 baptisterio.

139 4583 165 4645 ²)
184 4578 223 4632 cf.
245 4595 333 4647 supra
351 4578 426 4647 epist.
442 4585 456 4633 7
475 4587 532 4634 n.3
551 4582 580 4633 et
599 4585 628 4633 11
648 4599 674 4633 n.
688 4587 712 4634 ⁴2.

138 4667 164 4727 ³>
181 4662 246 4717 scil.
258 4661 368 4715 Petrus
383 4663 467 4741 Fullo,
491 4680 574 4732 quem
595 4664 669 4718 idem
690 4665 874 4734 Theophanes
893 4666 1039 4732 chronogr.
1058 4682 1123 4734 pag.
1136 4670 1182 4719 10¹1
1207 4663 1293 4717 tradit
1311 4664 1352 4716 Pi—

66 4754 175 4818 tyonta
194 4747 225 4800 in
247 4744 334 4799 Ponti
351 4746 415 4802 lines
432 4749 467 4803 ab
484 4748 654 4818 imperatore
673 4751 828 4817 relegatum
847 4750 947 4804 delusis
966 4749 1126 4803 custodibus
1144 4748 1291 4818 aufugisse.

139 4837 163 4899 ⁴)
184 4832 234 4885 lta
251 4830 305 4895 G';
323 4829 388 4884 editi
404 4834 536 4902 pestiferis
553 4838 668 4889 rensibus
686 4840 832 4905 quibusque.

139 4921 164 4986 ς)
182 4917 234 4972 lla
251 4915 276 4971 G
282 4916 307 4980 ’ς
323 4913 394 4985 vulg.
412 4925 480 4989 quod
496 4931 547 4974 tum
564 4931 675 4989 apparet
748 4940 813 4991 quac
831 4925 906 4974 uliae.
