3224 5506
574 355 764 406 surerenas
787 346 922 404 41-42.
1339 345 1382 409 45

140 518 266 575 lunibium
280 531 525 573 commemorasse:
537 515 659 600 adeoque
674 516 747 572 nulla
762 519 865 573 ratione
887 517 992 573 nullave
1012 519 1172 574 auctoritate
1188 517 1285 582 fulciri.
1308 522 1381 594 quod

138 605 165 659 dc
177 602 298 678 praedicto
314 601 430 658 decreto
445 600 529 658 Leoni
544 602 679 676 quondam
695 601 797 658 tributo
813 604 959 659 novissime
974 603 1140 677 divulgatum
1157 612 1208 660 est.

207 688 232 745 3.
259 687 339 743 idem»
357 686 498 744 decretum
518 687 654 743 lohannes
669 687 830 744 Pearsonius
850 686 1050 762 ignatianorum
1072 705 1135 763 pag.
1151 687 1201 753 44,
1224 688 1382 746 Guilielmus

135 774 276 848 bereegius
297 781 325 829 et
347 772 401 836 alii,
430 773 586 847 praesertim
608 771 796 828 additamentis
818 772 978 846 quibusdam
999 775 1074 836 moti,
1096 773 1194 848 quibus
1216 776 1242 830 in
1265 775 1381 849 vulgatis

133 866 226 914 anctum
240 859 348 929 legitur,
364 860 498 914 incertum
515 873 573 913 esse
589 857 693 913 loetum
709 857 812 923 volunt,
830 859 875 931 qui
890 867 953 932 post
965 860 1085 932 quintam
1097 857 1227 932 prodierit
1238 860 1381 934 synodum,
1451 895 1453 899 -

132 944 239 1018 alcoque
257 960 306 998 nec
327 942 497 999 Hormisdam
525 942 731 1005 rreclleiasinm.
755 943 840 998 multo
862 944 949 999 minus
965 943 1104 1017 llamasum
1124 952 1262 1017 parentem
1285 943 1382 1001 habere
1452 997 1455 1006 ,

131 1037 209 1104 queat.
238 1026 340 1096 Quibus
355 1030 502 1085 concinens
515 1027 672 1084 Gnilielmus
688 1027 755 1083 Cave
775 1030 807 1084 iis
823 1028 956 1084 mercibus
972 1028 1138 1093 adulterinis,
1160 1046 1226 1102 quas
1242 1028 1319 1085 nobis
1335 1028 1381 1085 lsi·

130 1115 204 1170 dorus
218 1113 350 1169 llercalor
364 1113 519 1177 venditavit,
542 1112 608 1169 illud
625 1113 820 1168 accensendum
836 1115 996 1186 suspicatur.
1028 1112 1119 1170 Exstat
1135 1114 1242 1188 quidem
1257 1116 1284 1169 in
1301 1113 1381 1185 hujus

129 1198 299 1273 compilatoris
312 1197 520 1276 *exemplaribus
542 1198 590 1254 sed
606 1198 743 1271 quomodo
759 1197 864 1254 celebre
880 1198 950 1254 alind
967 1198 1062 1254 Gelasii
1078 1199 1215 1255 decretum
1231 1199 1262 1255 ad
1279 1200 1382 1273 episco-

128 1302 171 1359 pos
192 1301 239 1358 per
252 1282 404 1347 Lucaniam,
429 1291 457 1340 et
477 1283 615 1358 quomodo
630 1282 679 1338 alia
696 1300 774 1357 qnam
790 1283 912 1357 plurima,
935 1301 1050 1358 quornm
1071 1292 1196 1358 parentes
1217 1301 1271 1340 nou
1293 1286 1381 1340 minus

127 1371 187 1425 certi
206 1377 277 1424 sunt.
318 1369 413 1442 Neque
434 1386 498 1424 vero
520 1370 545 1425 in
563 1367 616 1424 illis
631 1368 706 1431 solis,
728 1368 776 1424 sed
792 1370 819 1424 in
834 1367 956 1443 pluribus
972 1370 1051 1424 etiam
1067 1369 1134 1433 aliis,
1157 1386 1224 1442 quae
1240 1368 1273 1424 de
1289 1370 1382 1424 merci-

127 1454 170 1509 bus
190 1453 246 1525 ejus
266 1454 332 1510 nihil
354 1453 455 1509 habent
480 1470 602 1528 quaeque
628 1461 741 1525 aetatem
764 1453 837 1509 illius
859 1462 1001 1528 superant.
1024 1464 1186 1510 asservatur.
1229 1454 1266 1509 hc
1293 1456 1381 1529 primo

128 1539 225 1613 quidem
241 1538 274 1595 de
290 1538 444 1595 isidorianis
460 1538 592 1595 mercibus
614 1538 680 1594 nihil
702 1537 834 1595 habehant
849 1539 966 1602 codices,
988 1556 1035 1595 seu
1058 1539 1127 1595 unde
1143 1538 1277 1594 Romanus
1294 1539 1382 1594 editor

127 1625 254 1680 decretum
270 1624 337 1680 illud
358 1624 508 1699 descripsit,
529 1641 579 1680 seu
599 1640 631 1679 er
653 1623 749 1698 quibus
767 1626 836 1679 avaria
852 1624 910 1694 ejus
931 1623 1082 1698 fragmenta
1103 1626 1130 1680 in
1151 1625 1269 1698 quinque
1286 1623 1381 1680 saitem

127 1709 253 1765 annalium
269 1709 336 1766 locis
351 1709 481 1765 baronius
492 1703 513 1780 ¹)
535 1707 660 1765 laudavit.
691 1708 729 1764 lta
746 1711 816 1764 enim
832 1709 932 1765 abillis
948 1718 1024 1765 erant
1038 1710 1108 1783 puri,
1132 1717 1161 1764 nt
1176 1709 1381 1765 Cresconiananr

126 1794 307 1850 collectionem
322 1796 355 1851 iis
371 1795 513 1857 contineri,
530 1795 633 1850 etiamsi
649 1809 678 1849 re
693 1811 748 1850 non
764 1796 828 1850 satis
844 1796 897 1851 acri
910 1793 1012 1865 judicio
1028 1810 1168 1869 perpensa,
1185 1796 1379 1850 existimarent.

127 1878 229 1953 laipsa
245 1880 410 1955 fragmenta,
434 1896 501 1954 quae
522 1880 651 1935 baronius
673 1879 776 1942 laudat,
799 1879 906 1936 exhibet
929 1888 956 1935 et
977 1878 1155 1935 bibliothecae
1176 1879 1274 1954 Regiae
1295 1877 1380 1935 codcn

127 1965 211 2022 3887.
228 1966 247 2022 3
263 1966 333 2021 circa
348 1964 464 2021 medium
480 1964 617 2021 saeculum
632 1963 696 2028 llll,
714 1973 745 2021 ut
760 1981 792 2020 er
809 1963 968 2039 quibusdam
984 1966 1154 2021 monimentis
1170 1966 1229 2039 ipso
1245 1965 1380 2021 contentis

127 2059 150 2106 et
162 2050 314 2107 charactere
334 2050 483 2125 colligitur,
505 2058 638 2106 exaratus.
670 2047 814 2106 liabillouii
835 2051 921 2106 nostri
938 2049 1042 2120 judicio
1058 2056 1120 2104 ante
1135 2067 1219 2106 annos
1235 2049 1292 2105 iere
1308 2047 1380 2103 mille

128 2138 248 2210 scriptum
263 2145 307 2191 est
320 2135 456 2210 exemplar
471 2135 625 2192 Vaticanum
632 2127 664 2206 ²).
686 2134 764 2206 cujus
786 2134 970 2210 apographum
986 2136 1130 2191 novissime
1145 2136 1238 2191 Justus
1254 2133 1381 2190 Fontani-

130 2236 172 2275 ras
185 2223 336 2294 antiquitat.
354 2220 432 2278 Hort.
449 2237 511 2296 pag.
528 2221 589 2278 317
612 2237 715 2276 summa
738 2218 789 2276 lide
811 2220 905 2277 excudi
926 2222 1036 2276 curavit.
1068 2219 1139 2275 ldem
1161 2219 1326 2277 censendum
1339 2225 1381 2272 est

130 2304 346 2369 leGermanensi
362 2323 417 2380 quo
433 2305 501 2362 idem
518 2306 655 2362 decretum
672 2323 723 2361 una
736 2306 922 2362 cumvenanrti
936 2305 1076 2362 Fortunati
1091 2306 1198 2380 scriptis
1214 2306 1378 2361 continetur.

129 2389 211 2465 leque
227 2391 267 2447 his
282 2392 420 2448 recentior
436 2391 540 2447 ridetur
555 2392 683 2466 egregius
698 2391 783 2447 codex
799 2390 970 2447 Colhertinus
991 2389 1144 2462 majusculis
1161 2391 1260 2446 litteris
1274 2389 1381 2463 Lango-

130 2475 234 2532 bardicis
249 2475 410 2551 descriptus,
432 2478 475 2533 cui
495 2478 626 2533 insertum
642 2485 693 2533 est.
723 2476 792 2532 illud
809 2493 917 2550 qnoque
934 2493 988 2532 non
1004 2475 1153 2539 tacendum,
1175 2477 1202 2532 in
1217 2477 1324 2550 praevio
1341 2476 1381 2529 in·

130 2560 182 2631 dice
194 2560 291 2618 codicis
303 2561 493 2625 Gerundcusis¹
510 2563 538 2618 in
551 2579 605 2636 quo
621 2579 688 2637 pura
703 2571 731 2618 et
745 2563 850 2620 sincera
861 2561 1002 2618 exhibetur
1009 2561 1125 2636 Hispana
1137 2560 1271 2625 collectio,
1286 2560 1380 2617 ultimo

132 2645 186 2703 loro
200 2649 286 2708 notari
301 2648 455 2704 Decretum
472 2649 622 2705 Romanae
634 2649 709 2704 sedis
723 2650 758 2704 de
774 2649 949 2720 recipiendis
964 2655 992 2705 et
1006 2666 1063 2705 non
1080 2649 1263 2720 recipiendis.
1286 2646 1382 2714 Quam·

132 2732 166 2786 ris
186 2740 270 2789 auteur
285 2733 339 2789 hoc
353 2732 491 2790 decretum
512 2734 614 2808 inipso
630 2732 698 2789 libro
714 2749 769 2789 non
785 2731 961 2797 describatur,
982 2741 1039 2788 tuna
1057 2741 1152 2795 tamen.
1175 2749 1257 2806 quum
1273 2732 1382 2788 concin-

133 2824 186 2872 nata
199 2826 240 2874 est
253 2817 298 2873 illa
312 2818 447 2881 collectio,
469 2820 495 2874 in
511 2819 636 2892 llispania
656 2827 752 2874 uotum
769 2819 852 2874 luisse
868 2818 971 2881 suadet,
995 2818 1067 2891 quod
1082 2818 1201 2873 isidorus
1217 2817 1381 2891 llispalensis

133 2899 187 2957 hhr.
200 2902 232 2958 de
250 2904 311 2959 airis
332 2903 371 2960 ill.
389 2903 444 2960 c.5
467 2906 506 2960 sic
526 2901 639 2959 Probum
655 2902 804 2960 Falconiam
826 2901 860 2959 ob
876 2902 1024 2959 Centonem
1045 2903 1078 2959 de
1099 2903 1207 2959 Christo
1229 2901 1329 2964 landet,
1353 2907 1382 2955 ut

134 2987 208 3043 nihilo
222 2989 308 3044 minus
323 2988 460 3059 subjiciat:
491 2989 583 3062 Cujus
605 2991 774 3061 opusculum
795 2991 901 3062 lepitur
915 2991 991 3046 inter
1012 2990 1199 3061 apocryphas
1218 2992 1384 3059 scripturos

134 3075 267 3130 insenum
292 3074 333 3129 hd
348 3074 403 3131 hoc
417 3076 488 3130 enim
503 3074 642 3130 decretum
658 3073 693 3129 ibi
705 3075 839 3147 respicere
855 3091 909 3129 non
921 3073 1067 3129 dubitatur.
1090 3072 1161 3129 ldem
1174 3089 1283 3147 quoque
1295 3071 1382 3146 palam

136 3155 213 3213 hadar
227 3146 336 3215 Carolus
352 3158 465 3233 dlaguus
480 3161 627 3234 imperator
642 3158 757 3215 Carolini
773 3158 819 3238 lib.
834 3157 862 3213 2.
879 3176 903 3215 c.
913 3159 951 3216 13
967 3166 995 3214 ct
1010 3158 1055 3214 lib.
1068 3158 1098 3214 4.
1115 3160 1225 3216 c.10et
1240 3158 1287 3220 11,
1304 3156 1383 3212 adeo·

136 3253 252 3315 queunte
266 3245 387 3319 vulgatas
403 3244 498 3300 isidori
520 3261 635 3301 merces.
665 3243 705 3299 ad
727 3245 792 3300 hacc
814 3261 893 3318 quam
916 3245 1004 3300 tenuis
1026 3251 1053 3299 et
1069 3261 1147 3317 quam
1173 3251 1288 3317 angusta
1303 3241 1384 3297 luerit

136 3327 276 3385 leccatoris
291 3331 411 3393 scientia,
434 3346 489 3386 non
505 3331 699 3403 recogitarunt
723 3331 770 3403 qui
788 3338 841 3385 tam
864 3328 1005 3403 multiplici
1021 3337 1128 3404 tamque
1143 3327 1280 3385 recondita
1295 3325 1384 3383 erudi·

138 3414 201 3469 tione
215 3415 341 3471 refertum
357 3432 426 3490 opus
442 3415 545 3471 homini
560 3423 614 3471 tam
629 3417 754 3488 imperito
777 3413 858 3470 tribui
877 3413 1052 3488 probabiliter
1072 3431 1153 3489 posse
1168 3422 1233 3470 sunt
1247 3413 1383 3487 suspicati.

138 3496 184 3552 tet
196 3508 220 3554 et
234 3498 298 3555 illud
313 3501 352 3556 sic
367 3517 439 3557 nunc
454 3500 567 3564 edimus,
590 3508 622 3556 ut
634 3499 726 3556 nullus
741 3501 850 3555 omnino
863 3498 918 3570 jam
933 3500 1051 3574 supersit
1066 3499 1221 3570 bujnsmodi
1236 3499 1383 3573 suspicioni

139 3580 211 3639 iocus.
246 3583 307 3641 lnde
329 3587 400 3641 enim
422 3585 516 3659 liquet,
537 3601 705 3658 nequaquam
725 3585 862 3660 integmm
878 3601 946 3649 esse,
970 3584 1043 3658 quod
1063 3584 1181 3641 isidorus
1202 3582 1385 3658 compilationi

139 3670 322 3733 saeeimeruit,
345 3670 393 3726 scd
416 3671 541 3727 mutilum
566 3678 594 3725 et
615 3687 648 3726 es
672 3669 838 3744 plenioribus
859 3671 944 3744 gestis
959 3669 1086 3725 decisum.
1119 3669 1188 3727 llaec
1203 3677 1291 3725 autern
1308 3675 1385 3743 gesta
1421 3727 1433 3739 ⁴

140 3753 190 3824 ipso
202 3755 329 3810 enudare
346 3772 406 3812 esse
419 3757 480 3829 quis
495 3755 596 3830 neget?
626 3754 663 3810 hd
685 3772 818 3810 summurn
839 3756 969 3829 suspicari
987 3772 1047 3810 eum
1063 3755 1157 3812 liceret
1172 3754 1384 3811 detruncationis

141 3837 208 3908 lajas
221 3848 363 3897 auctorem.
393 3840 447 3896 Sed
465 3857 554 3914 neque
568 3840 641 3896 istud
657 3841 817 3913 permittunt
838 3841 987 3914 pervetusti
1007 3840 1122 3902 codices,
1146 3839 1296 3903 Vaticanus,
1321 3839 1385 3894 Ger

140 3926 266 3988 mensis,
288 3924 458 3983 Colhertinus
474 3923 692 4000 Langobardicus
709 3933 736 3982 et
751 3925 806 3987 alii,
829 3924 969 3999 inquibus
993 3924 1085 3981 eadem
1106 3927 1211 3981 ratione
1234 3932 1385 3981 truncatum
1477 3985 1479 3989 ¹

141 4007 220 4081 sicque
230 4009 428 4066 accomodatum
443 4011 553 4085 legitur.
571 4018 601 4066 ut
615 4011 713 4084 integri
731 4012 820 4084 operis
835 4011 952 4083 speciem
968 4027 1030 4084 prae
1042 4027 1071 4066 se
1088 4010 1164 4067 ierat.
1187 4010 1343 4066 deseremus
1359 4016 1386 4063 et

141 4091 199 4148 inira
210 4093 362 4152 ilormisdae
378 4095 465 4158 verba,
493 4095 590 4169 quihus
606 4096 659 4152 hoc
673 4095 812 4151 decretum
828 4096 938 4152 indicari
953 4096 1045 4170 plures
1061 4097 1109 4150 viri
1126 4094 1279 4152 eruditione
1295 4093 1386 4149 claris·

141 4176 192 4232 dni
209 4183 384 4244 caracutium,
407 4197 530 4255 quaeque
551 4181 593 4235 vir
614 4180 666 4235 alio
682 4178 778 4237 referri
799 4197 881 4254 posse
902 4179 1069 4255 largiendum
1091 4189 1142 4235 est,
1181 4179 1255 4235 llnde
1275 4179 1386 4235 illudet

143 4263 222 4334 quine
234 4265 335 4338 synodo
350 4275 378 4322 et
393 4265 533 4321 hormisda
549 4267 608 4339 ipso
624 4267 759 4339 antiquius
776 4282 835 4321 esse
851 4264 1001 4322 coniicitur.
1030 4266 1148 4338 lienique
1163 4265 1267 4321 nullum
1282 4265 1310 4320 in
1326 4272 1386 4321 toto

142 4344 184 4401 iilo
196 4365 270 4423 opere
284 4352 339 4408 sive
354 4350 515 4408 catholicum
530 4351 587 4405 sive
602 4358 758 4424 suspectum
774 4358 819 4406 aut
831 4351 994 4407 haereticum
1007 4353 1145 4424 scriptum,
1162 4350 1267 4406 nullum
1278 4367 1385 4415 nornen,

144 4430 233 4489 nullutn
247 4435 342 4493 lactum
360 4444 533 4497 memoratur,
557 4433 630 4509 quod
646 4434 751 4491 Gelasio
772 4437 809 4491 sit
829 4437 974 4492 recentius.
1006 4433 1208 4491 Haereticorum
1223 4453 1296 4499 vero,
1319 4453 1387 4510 quo·

145 4530 196 4571 nrm
213 4517 372 4578 damnatione
392 4520 530 4577 decretum
551 4518 693 4584 clauditur,
719 4522 857 4576 novissimi
877 4521 1046 4595 appellantur
1066 4518 1162 4576 Petrus
1183 4521 1385 4586 Alexandrinus,

145 4597 229 4658 Petrus
247 4607 427 4664 Antiochcnns
452 4614 481 4662 et
507 4606 617 4662 Acacins
644 4605 967 4679 constantinopolitanus.
1005 4605 1107 4661 Horum
1133 4614 1222 4662 autern
1252 4606 1386 4664 damnatio

148 4722 429 4740 ’κῃ-.-

192 4784 224 4857 .1)
239 4781 303 4839 Sunt
318 4784 438 4841 Romani
455 4755 573 4839 codicesl
580 4783 709 4839 Vaticani
726 4789 793 4842 osto
811 4785 841 4838 ei
859 4791 923 4840 1353
942 4787 971 4839 ei
988 4782 1184 4840 vallicellanus
1202 4787 1233 4841 A.
1248 4793 1272 4854 5,
1289 4801 1388 4842 revere

148 4845 208 4901 nitu
222 4850 515 4908 Psendcleidorienum
531 4853 676 4920 hebentes,
693 4853 779 4906 immo
797 4853 840 4906 his
857 4853 1034 4921 antiquiores.
1072 4854 1152 4923 [Ed]

207 4918 286 4986 'illst
299 4921 426 4978 Vaticana.
445 4921 564 4977 Palatia.
582 4927 640 4977 493.
679 4920 757 4991 [Ed]
