3204 5506
177 359 239 423 150
660 371 688 419 s.
705 368 828 415 umam
851 365 964 413 eneis

68 542 158 597 ascl.
173 530 259 594 enirn
287 531 396 592 nostro
420 525 553 590 Leontio
580 524 662 588 nihil
691 523 857 587 constituti
886 544 904 586 a
932 524 1064 585 sanctae
1086 520 1257 585 memoriae
1280 518 1458 584 decessore

173 654 243 696 meo
263 629 345 714 juris
367 629 475 713 potuit
496 627 704 713 abrogarim),
728 624 810 690 nihil
832 624 944 706 valuit,
968 624 1051 708 quod
1073 623 1187 688 honori
1209 623 1279 706 ejus
1302 621 1458 706 debetur,

174 732 309 797 auferri:
343 731 417 814 quia
446 730 701 795 thristianorum
730 749 854 813 quoque
882 727 1065 810 principum
1093 725 1164 811 lege
1193 725 1362 790 decretum
1392 729 1456 807 est,

173 840 209 900 ut
231 832 384 919 quidquid
406 832 549 897 ecelesiis
572 851 743 916 earumque
765 829 942 894 rectoribus
964 850 1021 913 pro
1037 829 1144 912 quiete
1158 827 1300 892 omnium
1316 826 1458 893 Domini

173 937 372 1002 sacerdotum
401 939 496 1018 atque
525 934 625 1017 ipsius
653 932 858 996 observantia
886 931 1076 1014 disciplinae
1103 931 1138 993 in
1166 929 1353 995 auferendis
1378 953 1457 996 con-

173 1038 354 1105 fusionibus
377 1037 570 1122 apostolicae
593 1035 676 1099 sedis
707 1024 843 1098 antistes
866 1055 923 1098 suo
945 1033 1188 1118 pronuntiasset
1208 1033 1371 1115 examine,
1402 1055 1458 1098 ve·

173 1144 326 1206 neranter
349 1140 451 1223 accipi
474 1138 693 1222 tenaciterque
716 1138 836 1201 seruari
859 1157 931 1200 cum
954 1136 1019 1199 suis
1040 1135 1188 1219 plebibus
1207 1135 1325 1199 caritas
1343 1139 1459 1200 vestra

175 1245 398 1328 cognosceret,
421 1263 480 1305 nec
503 1261 645 1324 unquam
666 1243 799 1324 possent
821 1237 967 1320 convelli,
991 1259 1071 1321 quae
1095 1240 1128 1301 et
1142 1237 1333 1302 sacerdotali
1351 1237 1457 1302 eccle

174 1346 304 1413 siastica
326 1343 552 1429 praeceptione
580 1342 772 1406 fulcirentur
799 1345 832 1407 et
853 1342 954 1425 regia.
999 1339 1250 1423 Unde,¹fratres
1277 1340 1456 1424 carissimi,

174 1446 468 1532 praesumptionem
490 1443 657 1528 praedicti,
681 1465 762 1528 quae
784 1445 819 1508 in
834 1443 944 1506 fratris
960 1445 994 1506 et
1009 1442 1186 1526 coepiscopi
1201 1442 1305 1506 nostri
1320 1441 1457 1508 Leontii

174 1549 330 1634 processit
352 1547 515 1631 injuriam,
539 1547 586 1609 ita
609 1547 761 1610 convenit
780 1546 911 1610 tolerari
933 1545 1051 1630 dignae
1066 1565 1153 1608 nunc
1168 1543 1301 1608 interim
1314 1544 1457 1610 ultionis

175 1653 360 1732 immimem,
385 1654 421 1714 ut
432 1650 459 1713 si
474 1651 694 1734 transgressor
709 1648 856 1712 remediis
872 1647 1016 1712 abutitur
1028 1646 1257 1711 satisfactionis
1274 1648 1307 1711 et
1321 1647 1455 1731 veniae,

175 1775 235 1818 nec
259 1754 385 1836 culpam
408 1751 587 1835 praesentis
610 1771 756 1815 excessus
780 1750 954 1814 curandam
976 1750 1103 1813 futurae
1118 1749 1457 1814 observantiae‘sedu·

130 1904 134 1911 .
175 1856 267 1919 litate
290 1854 461 1939 premittit,
485 1854 639 1917 redermte
662 1853 862 1936 querimonia
884 1874 922 1917 eo
953 1852 1122 1937 privilegia
1138 1850 1336 1916 Viennensis
1352 1851 1456 1917 ecele-

175 1957 241 2020 siae
264 1956 304 2020 ad
320 1955 543 2020 Arelatensem
566 1955 745 2019 antistitem
760 1955 998 2019 transferantur
1013 1954 1168 2039 exempla,
1191 1974 1253 2038 quo
1268 1954 1457 2040 migravere

175 2079 344 2143 principio,

795 2243 821 2307 I.

260 2365 290 2428 5.
335 2363 429 2428 Unde
457 2366 586 2427 nostrae
618 2362 847 2427 moderationis
874 2385 991 2427 nomen
1020 2366 1185 2446 tenentes,
1215 2364 1255 2427 ad
1284 2362 1457 2430 Veranum

175 2467 311 2555 fratrem
340 2468 372 2528 et
403 2465 625 2549 coepiscopum
655 2468 800 2528 nostrum
826 2465 947 2548 scripta
969 2465 1157 2548 direximus,
1186 2468 1223 2529 ut
1248 2466 1457 2549 praedictum

176 2590 215 2631 ex
248 2570 359 2631 nostra
387 2566 589 2650 delegatione
618 2567 803 2649 conveniat,
838 2571 996 2651 quatenus
1024 2567 1100 2652 quid
1133 2567 1171 2631 de
1203 2589 1241 2631 eo
1274 2567 1457 2634 retuleritis

176 2672 348 2754 agnoscat:
382 2668 457 2752 quia
486 2689 655 2757 onerosrun
683 2689 840 2733 essenon
865 2670 976 2753 (lebet,
1000 2669 1287 2753 delinquentem¹¹)
1314 2671 1457 2736 fratrem

178 2771 216 2834 de
244 2771 381 2855 propriis
414 2770 595 2834 excessibus
628 2771 811 2856 increpare,
854 2771 969 2854 quibus
998 2774 1204 2855 praeceptum
1232 2775 1363 2837 constat
1390 2774 1457 2838 fre

177 2876 313 2957 quenter
335 2873 512 2956 ignoscere.
558 2872 696 2937 Necesse
725 2875 774 2936 est
797 2876 913 2956 autern,
945 2873 971 2936 si
999 2872 1124 2937 nullum
1146 2874 1355 2939 correctionis
1382 2875 1458 2959 ejus

177 2974 333 3039 indicium
356 2975 594 3059 sumpserimus,
619 2975 702 3059 quod
725 2974 781 3038 illa
804 2978 853 3038 est
875 2975 1072 3059 professione
1094 2974 1313 3058 retinendum,
1338 2978 1456 3061 qua¹²)

178 3076 397 3141 definitionem
419 3078 503 3141 sedis
526 3078 718 3162 apostolicae
741 3076 882 3161 periculo
905 3077 1025 3141 ordinis
1048 3078 1096 3141 sui
1119 3099 1243 3161 semper
1258 3098 1458 3145 conservan-

178 3179 251 3242 dam
280 3178 349 3243 sinc
372 3179 437 3243 ulla
460 3180 610 3265 deinceps
636 3179 893 3263 transgressione
915 3183 1061 3261 testetur,
1092 3179 1131 3243 ad
1154 3179 1378 3245 Arelatensem
1403 3202 1457 3248 ec·

180 3281 310 3345 clesiam
333 3282 460 3345 easdem
488 3287 625 3366 quatuor
648 3283 804 3364 civitates,
834 3303 968 3365 quarum
996 3303 1061 3345 non
1088 3282 1152 3346 fuit
1180 3285 1236 3346 aut
1263 3303 1329 3347 non
1352 3284 1458 3350 fuerit

179 3381 354 3447 Mamertus
376 3384 543 3467 episcopus
559 3385 760 3448 ordinatione
777 3386 946 3448 contentus
957 3384 1005 3467 ¹³),
1031 3405 1100 3448 esse
1114 3383 1320 3448 revocandas.
1348 3369 1457 3461 ‘Quod

179 3485 276 3547 etiam
303 3487 382 3547 tunc
409 3486 569 3568 oportebit
595 3486 675 3567 fieri,
704 3487 731 3548 si
760 3485 842 3549 ullus
871 3507 1011 3571 unquam
1034 3487 1107 3569 post
1128 3507 1210 3568 eum,
1241 3506 1337 3569 quem
1362 3508 1458 3553 nuno

180 3585 315 3648 caritate
338 3586 526 3669 corripimus
549 3589 581 3650 et
603 3586 735 3650 ulterius
759 3587 800 3650 ab
821 3587 943 3652 illicitis
960 3588 1146 3652 confidimus
1162 3588 1335 3670 abstinere,
1359 3610 1457 3674 prae

179 3685 371 3769 sumptionis
394 3687 489 3771 hujus
508 3689 651 3752 imitator
672 3689 840 3754 exstiterit.
1489 3688 1496 3703 '

62 2852 162 2909 Matth.

67 2926 157 2988 rasa

249 3907 279 3972 ¹⁰)
298 3905 329 3958 ln
347 3922 402 3959 uno
421 3925 470 3961 ms.
490 3913 617 3977 abrepere
635 3940 666 3947 -
685 3914 797 3975 auferre.
838 3910 869 3962 In
893 3909 1070 3978 sequentibus
1092 3910 1203 3964 Hilarus
1230 3925 1458 3970 commemorare

179 3980 291 4044 videtur
308 3989 497 4045 Valentiniani
514 3993 653 4048 novellam
672 3994 697 4046 cl.
717 3994 798 4048 8Jul.
818 4012 842 4047 a.
857 4000 907 4047 445
925 3993 1008 4060 linter
1026 3995 1126 4049 Leonis
1145 3995 1224 4064 epist.
1239 3998 1291 4063 11).

250 4075 279 4143 ¹¹)
298 4074 386 4129 Hilari
403 4079 526 4130 mentem
545 4078 568 4131 si
587 4078 768 4146 assequimur,
786 4079 867 4132 docet
880 4079 1065 4146 delinquentis
1083 4079 1301 4149 increpationem
1320 4096 1354 4134 ex
1372 4082 1457 4150 igno

178 4157 271 4212 scendi
290 4162 440 4229 praecepto
458 4161 604 4231 proficisci,
627 4164 693 4231 quia
710 4162 864 4232 increpatio
883 4163 1011 4218 adhiberi
1029 4164 1122 4228 debet,
1145 4166 1176 4218 ut
1193 4180 1255 4218 reus
1273 4164 1457 4235 indulgentis

178 4260 207 4298 sc
226 4242 342 4312 dignum
359 4247 496 4313 praebeat
514 4248 580 4314 (οῖ’).
900 4267 901 4271 ’

249 4331 278 4395 ¹²)
297 4329 330 4382 L³
341 4331 374 4382 L⁴
387 4331 404 4383 b
423 4338 667 4400 quomdeliaiiioae,
688 4336 715 4385 α1
736 4354 808 4402 quam
826 4338 1002 4399 definitionem.
1031 4334 1110 4398 Quod
1121 4335 1249 4389 Mamerti
1269 4338 1457 4395 correctionis

179 4412 309 4465 indicium
328 4414 395 4468 velit
413 4415 531 4482 Hilarus,
554 4417 599 4470 hic
618 4419 715 4487 aperte
735 4417 870 4472 declarat:
894 4425 925 4471 ut
947 4418 1077 4472 nimirum
1100 4418 1289 4473 definitionem
1311 4438 1395 4476 suani
1420 4424 1457 4480 de

178 4496 343 4551 Viennensis
362 4498 495 4554 dioecesis
514 4501 648 4556 divisione
660 4501 760 4556 Leonis
774 4502 880 4568 juclicio
898 4503 998 4559 fultam
1017 4504 1224 4573 religiosissime
1236 4522 1266 4559 se
1278 4505 1330 4560 snb
1344 4507 1456 4565 ordinis

179 4583 208 4634 ct
230 4581 334 4649 gradus
357 4582 398 4636 sui
421 4585 544 4653 periculo
567 4589 740 4641 servaturum
764 4588 936 4656 profiteatur.
977 4589 1010 4642 Id
1032 4605 1097 4643 vero
1116 4607 1257 4657 nunquam
1275 4607 1293 4646 a
1310 4590 1457 4650 Mamerto

179 4667 283 4720 factum
301 4684 369 4733 esse,
387 4685 419 4721 ex
439 4686 471 4723 eo
489 4670 613 4724 Labatus
633 4671 780 4737 concludit,
804 4673 878 4742 quod
897 4673 1044 4728 Deensium
1063 4675 1178 4729 ecclesia
1195 4691 1305 4745 semper
1323 4677 1376 4731 snb
1396 4679 1457 4751 epi·

179 4764 262 4819 scopo
281 4753 309 4805 et
327 4754 476 4822 metropoli
493 4754 642 4810 Viennensi
661 4757 765 4823 relicta,
788 4757 864 4811 nulla
883 4758 963 4827 hujus
982 4759 1085 4815 decreti
1104 4760 1176 4813 ratio
1193 4760 1294 4815 habita
1311 4761 1455 4820 videatur.

248 4837 279 4902 ¹³)
299 4837 329 4889 ln
347 4837 380 4892 Ι)
392 4837 424 4890 Η
436 4838 499 4892 L‘b
519 4840 597 4895 deest
615 4852 754 4898 contentas.
789 4842 914 4906 Quatuor
932 4843 993 4898 illas
1012 4844 1138 4901 civitates
1156 4862 1190 4898 ex
1201 4845 1303 4901 Leonis
1322 4847 1407 4919 epist
1423 4855 1458 4904 68

173 4920 236 4988 jam
255 4937 338 4990 supra
356 4923 392 4976 ad
411 4923 521 4992 epistt)
539 4929 595 4979 not.
610 4932 626 4980 4
643 4926 853 4981 nominavimus.
