<?xml version="1.0" encoding="UTF-8"?>
<!DOCTYPE html PUBLIC "-//W3C//DTD XHTML 1.0 Transitional//EN"
    "http://www.w3.org/TR/xhtml1/DTD/xhtml1-transitional.dtd">
<html xmlns="http://www.w3.org/1999/xhtml" xml:lang="en" lang="en">
 <head>
  <title>
</title>
<meta http-equiv="Content-Type" content="text/html;charset=utf-8" />
  <meta name='ocr-system' content='tesseract 3.04.00' />
  <meta name='ocr-capabilities' content='ocr_page ocr_carea ocr_par ocr_line ocrx_word'/>
</head>
<body>
  <div class='ocr_page' id='page_1' title='image "./epistolaeromano00thiegoog/epistolaeromano00thiegoog_0306.png"; bbox 0 0 3204 5506; ppageno 0'>
   <div class='ocr_carea' id='block_1_1' title="bbox 558 346 1375 432">
    <p class='ocr_par' dir='ltr' id='par_1_1' title="bbox 558 346 1375 432">
     <span class='ocr_line' id='line_1_1' title="bbox 558 346 1375 432; baseline 0.002 -22"><span class='ocrx_word' id='word_1_1' title='bbox 558 361 752 412; x_wconf 71' lang='lat' dir='ltr'><strong>muscosas</strong></span> <span class='ocrx_word' id='word_1_2' title='bbox 777 353 824 409; x_wconf 91' lang='lat'><strong>11.</strong></span> <span class='ocrx_word' id='word_1_3' title='bbox 849 352 898 408; x_wconf 80' lang='lat'><strong>12.</strong></span> <span class='ocrx_word' id='word_1_4' title='bbox 1131 418 1139 432; x_wconf 15' lang='grc' dir='ltr'>ἱ</span> <span class='ocrx_word' id='word_1_5' title='bbox 1312 346 1375 412; x_wconf 78' lang='grc'><strong>257</strong></span> 
     </span>
    </p>
   </div>
   <div class='ocr_carea' id='block_1_2' title="bbox 10 513 1490 1311">
    <p class='ocr_par' dir='ltr' id='par_1_2' title="bbox 85 513 1481 702">
     <span class='ocr_line' id='line_1_2' title="bbox 90 513 1481 599; baseline 0.001 -21"><span class='ocrx_word' id='word_1_6' title='bbox 90 513 255 579; x_wconf 77' lang='lat' dir='ltr'><strong>catholici</strong></span> <span class='ocrx_word' id='word_1_7' title='bbox 280 514 435 579; x_wconf 74' lang='lat' dir='ltr'><strong>cesserint</strong></span> <span class='ocrx_word' id='word_1_8' title='bbox 462 515 582 580; x_wconf 82' lang='lat' dir='ltr'><strong>relictis</strong></span> <span class='ocrx_word' id='word_1_9' title='bbox 610 515 675 579; x_wconf 90' lang='lat' dir='ltr'><strong>suis</strong></span> <span class='ocrx_word' id='word_1_10' title='bbox 702 515 829 580; x_wconf 90' lang='lat' dir='ltr'><strong>sedibus</strong></span> <span class='ocrx_word' id='word_1_11' title='bbox 858 514 1054 598; x_wconf 75' lang='lat' dir='ltr'><strong>sacerdoteS,</strong></span> <span class='ocrx_word' id='word_1_12' title='bbox 1086 519 1118 578; x_wconf 87' lang='lat' dir='ltr'><strong>et</strong></span> <span class='ocrx_word' id='word_1_13' title='bbox 1145 519 1274 579; x_wconf 87' lang='lat' dir='ltr'><strong>nostrae</strong></span> <span class='ocrx_word' id='word_1_14' title='bbox 1302 538 1373 599; x_wconf 91' lang='lat' dir='ltr'><strong>pro·</strong></span> <span class='ocrx_word' id='word_1_15' title='bbox 1386 531 1481 580; x_wconf 53' lang='lat' dir='ltr'><strong>anso.</strong></span> 
     </span>
     <span class='ocr_line' id='line_1_3' title="bbox 85 615 1374 702; baseline 0.002 -23"><span class='ocrx_word' id='word_1_16' title='bbox 85 615 206 698; x_wconf 75' lang='lat' dir='ltr'><strong>jactae</strong></span> <span class='ocrx_word' id='word_1_17' title='bbox 237 615 304 682; x_wconf 87' lang='lat' dir='ltr'><strong>sint</strong></span> <span class='ocrx_word' id='word_1_18' title='bbox 330 617 436 701; x_wconf 87' lang='lat' dir='ltr'><strong>porcis</strong></span> <span class='ocrx_word' id='word_1_19' title='bbox 464 619 497 680; x_wconf 91' lang='lat' dir='ltr'><strong>et</strong></span> <span class='ocrx_word' id='word_1_20' title='bbox 528 617 662 681; x_wconf 89' lang='lat' dir='ltr'><strong>canibus</strong></span> <span class='ocrx_word' id='word_1_21' title='bbox 696 617 902 702; x_wconf 72' lang='lat' dir='ltr'><strong>margaritae.</strong></span> <span class='ocrx_word' id='word_1_22' title='bbox 953 615 1183 680; x_wconf 77' lang='lat' dir='ltr'>Verumtamen</span> <span class='ocrx_word' id='word_1_23' title='bbox 1212 618 1374 681; x_wconf 87' lang='lat' dir='ltr'><strong>neminem</strong></span> 
     </span>
    </p>

    <p class='ocr_par' dir='ltr' id='par_1_3' title="bbox 10 717 1374 803">
     <span class='ocr_line' id='line_1_4' title="bbox 10 717 1374 803; baseline 0.001 -22"><span class='ocrx_word' id='word_1_24' title='bbox 10 746 12 751; x_wconf 95' lang='lat'>·</span> <span class='ocrx_word' id='word_1_25' title='bbox 90 720 232 797; x_wconf 83' lang='lat' dir='ltr'><strong>terreat,</strong></span> <span class='ocrx_word' id='word_1_26' title='bbox 255 718 337 802; x_wconf 91' lang='lat' dir='ltr'><strong>quod</strong></span> <span class='ocrx_word' id='word_1_27' title='bbox 360 718 530 782; x_wconf 87' lang='lat' dir='ltr'><strong>damnatus</strong></span> <span class='ocrx_word' id='word_1_28' title='bbox 553 719 692 783; x_wconf 80' lang='lat' dir='ltr'>Aeacius</span> <span class='ocrx_word' id='word_1_29' title='bbox 713 741 780 782; x_wconf 92' lang='lat' dir='ltr'><strong>non</strong></span> <span class='ocrx_word' id='word_1_30' title='bbox 803 717 997 803; x_wconf 50' lang='lat' dir='ltr'><strong>quiescite).</strong></span> <span class='ocrx_word' id='word_1_31' title='bbox 1042 718 1149 781; x_wconf 87' lang='lat' dir='ltr'><strong>Elisus</strong></span> <span class='ocrx_word' id='word_1_32' title='bbox 1173 722 1221 782; x_wconf 88' lang='lat' dir='ltr'><strong>est</strong></span> <span class='ocrx_word' id='word_1_33' title='bbox 1243 723 1374 783; x_wconf 86' lang='lat' dir='ltr'><strong>satanas</strong></span> 
     </span>
    </p>

    <p class='ocr_par' dir='ltr' id='par_1_4' title="bbox 10 819 1490 1311">
     <span class='ocr_line' id='line_1_5' title="bbox 10 819 1490 903; baseline 0.001 -21"><span class='ocrx_word' id='word_1_34' title='bbox 10 836 15 865; x_wconf 78' lang='grc'><strong>·“</strong></span> <span class='ocrx_word' id='word_1_35' title='bbox 91 824 127 882; x_wconf 84' lang='lat' dir='ltr'><strong>et</strong></span> <span class='ocrx_word' id='word_1_36' title='bbox 158 822 271 884; x_wconf 85' lang='lat' dir='ltr'><strong>tamen</strong></span> <span class='ocrx_word' id='word_1_37' title='bbox 300 823 459 903; x_wconf 85' lang='lat' dir='ltr'><strong>operatur.</strong></span> <span class='ocrx_word' id='word_1_38' title='bbox 505 819 595 885; x_wconf 87' lang='lat' dir='ltr'><strong>Vicit</strong></span> <span class='ocrx_word' id='word_1_39' title='bbox 616 819 763 885; x_wconf 78' lang='lat' dir='ltr'><strong>Christus</strong></span> <span class='ocrx_word' id='word_1_40' title='bbox 786 823 818 884; x_wconf 89' lang='lat' dir='ltr'><strong>et</strong></span> <span class='ocrx_word' id='word_1_41' title='bbox 840 820 951 901; x_wconf 85' lang='lat' dir='ltr'><strong>vincit,</strong></span> <span class='ocrx_word' id='word_1_42' title='bbox 981 841 1040 884; x_wconf 88' lang='lat' dir='ltr'><strong>nec</strong></span> <span class='ocrx_word' id='word_1_43' title='bbox 1068 820 1172 885; x_wconf 88' lang='lat' dir='ltr'><strong>adhuc</strong></span> <span class='ocrx_word' id='word_1_44' title='bbox 1195 821 1296 884; x_wconf 87' lang='lat' dir='ltr'><strong>hostis</strong></span> <span class='ocrx_word' id='word_1_45' title='bbox 1320 821 1374 884; x_wconf 89' lang='lat' dir='ltr'><strong>ab·</strong></span> <span class='ocrx_word' id='word_1_46' title='bbox 1485 852 1490 861; x_wconf 88' lang='lat'><em>·</em></span> 
     </span>
     <span class='ocr_line' id='line_1_6' title="bbox 91 896 1488 1017; baseline 0.003 -34"><span class='ocrx_word' id='word_1_47' title='bbox 91 918 195 985; x_wconf 82' lang='lat' dir='ltr'><strong>sistit.</strong></span> <span class='ocrx_word' id='word_1_48' title='bbox 241 920 286 985; x_wconf 83' lang='lat' dir='ltr'><strong>Et</strong></span> <span class='ocrx_word' id='word_1_49' title='bbox 313 921 388 1006; x_wconf 85' lang='lat' dir='ltr'><strong>quia</strong></span> <span class='ocrx_word' id='word_1_50' title='bbox 410 926 532 987; x_wconf 84' lang='lat' dir='ltr'><strong>eertum</strong></span> <span class='ocrx_word' id='word_1_51' title='bbox 554 925 603 986; x_wconf 89' lang='lat' dir='ltr'><strong>est</strong></span> <span class='ocrx_word' id='word_1_52' title='bbox 625 922 728 1004; x_wconf 91' lang='lat' dir='ltr'><strong>nobis,</strong></span> <span class='ocrx_word' id='word_1_53' title='bbox 758 922 942 986; x_wconf 82' lang='lat' dir='ltr'><strong>meminisse</strong></span> <span class='ocrx_word' id='word_1_54' title='bbox 969 923 1145 985; x_wconf 82' lang='lat' dir='ltr'><strong>vasatium</strong></span> <span class='ocrx_word' id='word_1_55' title='bbox 1167 922 1375 1006; x_wconf 88' lang='lat' dir='ltr'><strong>propheticae</strong></span> <span class='ocrx_word' id='word_1_56' title='bbox 1387 896 1488 1017; x_wconf 58' lang='lat' dir='ltr'><strong>Ppplpp.</strong></span> 
     </span>
     <span class='ocr_line' id='line_1_7' title="bbox 92 1006 1476 1108; baseline 0.002 -23"><span class='ocrx_word' id='word_1_57' title='bbox 92 1021 250 1087; x_wconf 88' lang='lat' dir='ltr'><strong>lectionis</strong></span> <span class='ocrx_word' id='word_1_58' title='bbox 278 1043 339 1087; x_wconf 89' lang='lat' dir='ltr'><strong>nec</strong></span> <span class='ocrx_word' id='word_1_59' title='bbox 367 1022 488 1108; x_wconf 90' lang='lat' dir='ltr'><strong>aliquid</strong></span> <span class='ocrx_word' id='word_1_60' title='bbox 515 1023 633 1088; x_wconf 90' lang='lat' dir='ltr'><strong>habere</strong></span> <span class='ocrx_word' id='word_1_61' title='bbox 661 1027 774 1088; x_wconf 88' lang='lat' dir='ltr'><strong>contra</strong></span> <span class='ocrx_word' id='word_1_62' title='bbox 809 1023 1019 1088; x_wconf 74' lang='lat' dir='ltr'><strong>consistentia</strong></span> <span class='ocrx_word' id='word_1_63' title='bbox 1048 1027 1152 1087; x_wconf 85' lang='lat' dir='ltr'><strong>castra</strong></span> <span class='ocrx_word' id='word_1_64' title='bbox 1181 1023 1372 1106; x_wconf 82' lang='lat' dir='ltr'><strong>formidinis,</strong></span> <span class='ocrx_word' id='word_1_65' title='bbox 1406 1006 1446 1031; x_wconf 63' lang='grc'><strong>”’</strong></span> <span class='ocrx_word' id='word_1_66' title='bbox 1472 1009 1476 1018; x_wconf 59' lang='grc'><strong>’</strong></span> 
     </span>
     <span class='ocr_line' id='line_1_8' title="bbox 93 1124 1373 1209; baseline 0.002 -22"><span class='ocrx_word' id='word_1_67' title='bbox 93 1124 371 1207; x_wconf 82' lang='lat' dir='ltr'><strong>opportmrissimc</strong></span> <span class='ocrx_word' id='word_1_68' title='bbox 410 1124 612 1189; x_wconf 86' lang='lat' dir='ltr'><strong>cohortamur</strong></span> <span class='ocrx_word' id='word_1_69' title='bbox 659 1128 841 1209; x_wconf 81' lang='lat' dir='ltr'><strong>spectantes</strong></span> <span class='ocrx_word' id='word_1_70' title='bbox 878 1125 1069 1189; x_wconf 88' lang='lat' dir='ltr'><strong>Dominum:</strong></span> <span class='ocrx_word' id='word_1_71' title='bbox 1112 1126 1194 1189; x_wconf 89' lang='lat' dir='ltr'><strong>sicut</strong></span> <span class='ocrx_word' id='word_1_72' title='bbox 1232 1129 1265 1188; x_wconf 87' lang='lat' dir='ltr'><strong>et</strong></span> <span class='ocrx_word' id='word_1_73' title='bbox 1303 1147 1373 1201; x_wconf 90' lang='lat' dir='ltr'><strong>nos,</strong></span> 
     </span>
     <span class='ocr_line' id='line_1_9' title="bbox 91 1226 1373 1311; baseline 0 -22"><span class='ocrx_word' id='word_1_74' title='bbox 91 1226 310 1309; x_wconf 82' lang='lat' dir='ltr'><strong>perseveretis</strong></span> <span class='ocrx_word' id='word_1_75' title='bbox 338 1226 374 1290; x_wconf 90' lang='lat' dir='ltr'><strong>in</strong></span> <span class='ocrx_word' id='word_1_76' title='bbox 405 1227 512 1311; x_wconf 89' lang='lat' dir='ltr'><strong>finem,</strong></span> <span class='ocrx_word' id='word_1_77' title='bbox 549 1230 582 1291; x_wconf 92' lang='lat' dir='ltr'><strong>et</strong></span> <span class='ocrx_word' id='word_1_78' title='bbox 609 1227 821 1310; x_wconf 89' lang='lat' dir='ltr'><strong>sententiam,</strong></span> <span class='ocrx_word' id='word_1_79' title='bbox 855 1250 950 1311; x_wconf 88' lang='lat' dir='ltr'><strong>quam</strong></span> <span class='ocrx_word' id='word_1_80' title='bbox 984 1228 1131 1311; x_wconf 86' lang='lat' dir='ltr'><strong>reperitis</strong></span> <span class='ocrx_word' id='word_1_81' title='bbox 1165 1228 1198 1290; x_wconf 91' lang='lat' dir='ltr'><strong>in</strong></span> <span class='ocrx_word' id='word_1_82' title='bbox 1227 1227 1373 1309; x_wconf 84' lang='lat' dir='ltr'><strong>subditis,</strong></span> 
     </span>
    </p>
   </div>
   <div class='ocr_carea' id='block_1_3' title="bbox 90 1327 601 1393">
    <p class='ocr_par' dir='ltr' id='par_1_5' title="bbox 90 1327 601 1393">
     <span class='ocr_line' id='line_1_10' title="bbox 90 1327 601 1393; baseline 0 -2"><span class='ocrx_word' id='word_1_83' title='bbox 90 1327 206 1392; x_wconf 88' lang='lat' dir='ltr'><strong>animo</strong></span> <span class='ocrx_word' id='word_1_84' title='bbox 229 1327 395 1392; x_wconf 76' lang='lat' dir='ltr'><strong>constanti</strong></span> <span class='ocrx_word' id='word_1_85' title='bbox 418 1329 601 1393; x_wconf 81' lang='lat' dir='ltr'><strong>retineatis!</strong></span> 
     </span>
    </p>
   </div>
   <div class='ocr_carea' id='block_1_4' title="bbox 73 1444 1409 2243">
    <p class='ocr_par' dir='ltr' id='par_1_6' title="bbox 73 1444 1409 2243">
     <span class='ocr_line' id='line_1_11' title="bbox 177 1444 1374 1534; baseline 0.003 -24"><span class='ocrx_word' id='word_1_86' title='bbox 177 1446 211 1511; x_wconf 89' lang='lat'><strong>6.</strong></span> <span class='ocrx_word' id='word_1_87' title='bbox 258 1444 311 1511; x_wconf 89' lang='lat' dir='ltr'><strong>Ne</strong></span> <span class='ocrx_word' id='word_1_88' title='bbox 338 1447 414 1531; x_wconf 89' lang='lat' dir='ltr'><strong>quid</strong></span> <span class='ocrx_word' id='word_1_89' title='bbox 442 1453 550 1512; x_wconf 85' lang='lat' dir='ltr'><strong>autem</strong></span> <span class='ocrx_word' id='word_1_90' title='bbox 576 1449 767 1534; x_wconf 78' lang='lat' dir='ltr'><strong>maligne²²)</strong></span> <span class='ocrx_word' id='word_1_91' title='bbox 797 1450 831 1513; x_wconf 91' lang='lat' dir='ltr'><strong>in</strong></span> <span class='ocrx_word' id='word_1_92' title='bbox 859 1449 976 1513; x_wconf 87' lang='lat' dir='ltr'><strong>litteris</strong></span> <span class='ocrx_word' id='word_1_93' title='bbox 1005 1450 1124 1513; x_wconf 84' lang='lat' dir='ltr'><strong>nostris</strong></span> <span class='ocrx_word' id='word_1_94' title='bbox 1150 1450 1266 1513; x_wconf 86' lang='lat' dir='ltr'><strong>mutari</strong></span> <span class='ocrx_word' id='word_1_95' title='bbox 1290 1451 1374 1533; x_wconf 84' lang='lat' dir='ltr'><strong>apud</strong></span> 
     </span>
     <span class='ocr_line' id='line_1_12' title="bbox 88 1548 1373 1634; baseline 0.003 -22"><span class='ocrx_word' id='word_1_96' title='bbox 88 1548 307 1632; x_wconf 82' lang='lat' dir='ltr'><strong>pravissimas</strong></span> <span class='ocrx_word' id='word_1_97' title='bbox 327 1553 453 1614; x_wconf 81' lang='lat' dir='ltr'><strong>mentes</strong></span> <span class='ocrx_word' id='word_1_98' title='bbox 476 1554 531 1614; x_wconf 86' lang='lat' dir='ltr'><strong>aut</strong></span> <span class='ocrx_word' id='word_1_99' title='bbox 553 1550 647 1614; x_wconf 89' lang='lat' dir='ltr'><strong>aliter</strong></span> <span class='ocrx_word' id='word_1_100' title='bbox 669 1550 876 1634; x_wconf 86' lang='lat' dir='ltr'><strong>interpretari</strong></span> <span class='ocrx_word' id='word_1_101' title='bbox 898 1551 1009 1634; x_wconf 85' lang='lat' dir='ltr'><strong>possit,</strong></span> <span class='ocrx_word' id='word_1_102' title='bbox 1034 1553 1172 1634; x_wconf 88' lang='lat' dir='ltr'><strong>primum</strong></span> <span class='ocrx_word' id='word_1_103' title='bbox 1195 1552 1373 1616; x_wconf 90' lang='lat' dir='ltr'><strong>elementis-</strong></span> 
     </span>
     <span class='ocr_line' id='line_1_13' title="bbox 87 1649 1373 1737; baseline 0.002 -23"><span class='ocrx_word' id='word_1_104' title='bbox 87 1650 171 1714; x_wconf 81' lang='lat' dir='ltr'><strong>simo</strong></span> <span class='ocrx_word' id='word_1_105' title='bbox 199 1649 360 1735; x_wconf 83' lang='lat' dir='ltr'><strong>principi,</strong></span> <span class='ocrx_word' id='word_1_106' title='bbox 388 1650 473 1716; x_wconf 88' lang='lat' dir='ltr'><strong>sicut</strong></span> <span class='ocrx_word' id='word_1_107' title='bbox 494 1653 646 1736; x_wconf 85' lang='lat' dir='ltr'><strong>oportuit,</strong></span> <span class='ocrx_word' id='word_1_108' title='bbox 676 1652 905 1737; x_wconf 87' lang='lat' dir='ltr'><strong>supplicantes,</strong></span> <span class='ocrx_word' id='word_1_109' title='bbox 935 1652 993 1716; x_wconf 89' lang='lat' dir='ltr'><strong>has</strong></span> <span class='ocrx_word' id='word_1_110' title='bbox 1021 1653 1147 1716; x_wconf 88' lang='lat' dir='ltr'><strong>easdem</strong></span> <span class='ocrx_word' id='word_1_111' title='bbox 1171 1653 1296 1717; x_wconf 81' lang='lat' dir='ltr'><strong>litteras</strong></span> <span class='ocrx_word' id='word_1_112' title='bbox 1319 1675 1373 1717; x_wconf 94' lang='lat' dir='ltr'><strong>no-</strong></span> 
     </span>
     <span class='ocr_line' id='line_1_14' title="bbox 84 1751 1373 1838; baseline 0.002 -24"><span class='ocrx_word' id='word_1_113' title='bbox 84 1756 172 1815; x_wconf 81' lang='lat' dir='ltr'><strong>stras</strong></span> <span class='ocrx_word' id='word_1_114' title='bbox 201 1751 250 1815; x_wconf 88' lang='lat' dir='ltr'><strong>ad</strong></span> <span class='ocrx_word' id='word_1_115' title='bbox 279 1751 485 1817; x_wconf 88' lang='lat' dir='ltr'><strong>dilectionem</strong></span> <span class='ocrx_word' id='word_1_116' title='bbox 512 1757 669 1837; x_wconf 83' lang='lat' dir='ltr'><strong>vestram,</strong></span> <span class='ocrx_word' id='word_1_117' title='bbox 705 1754 824 1818; x_wconf 89' lang='lat' dir='ltr'><strong>clerum</strong></span> <span class='ocrx_word' id='word_1_118' title='bbox 858 1754 1048 1838; x_wconf 83' lang='lat' dir='ltr'><strong>plebemque</strong></span> <span class='ocrx_word' id='word_1_119' title='bbox 1080 1757 1113 1818; x_wconf 87' lang='lat' dir='ltr'><strong>et</strong></span> <span class='ocrx_word' id='word_1_120' title='bbox 1142 1755 1373 1838; x_wconf 84' lang='lat' dir='ltr'><strong>amplissimum</strong></span> 
     </span>
     <span class='ocr_line' id='line_1_15' title="bbox 83 1853 1374 1940; baseline 0.003 -24"><span class='ocrx_word' id='word_1_121' title='bbox 83 1866 247 1917; x_wconf 85' lang='lat' dir='ltr'><strong>senatum</strong></span> <span class='ocrx_word' id='word_1_122' title='bbox 261 1853 448 1938; x_wconf 85' lang='lat' dir='ltr'><strong>direximus,</strong></span> <span class='ocrx_word' id='word_1_123' title='bbox 471 1855 585 1940; x_wconf 90' lang='lat' dir='ltr'><strong>quibus</strong></span> <span class='ocrx_word' id='word_1_124' title='bbox 598 1856 718 1940; x_wconf 84' lang='lat' dir='ltr'><strong>singuli</strong></span> <span class='ocrx_word' id='word_1_125' title='bbox 732 1856 935 1940; x_wconf 88' lang='lat' dir='ltr'><strong>universique</strong></span> <span class='ocrx_word' id='word_1_126' title='bbox 951 1857 1206 1939; x_wconf 82' lang='lat' dir='ltr'><strong>subscripsimus,</strong></span> <span class='ocrx_word' id='word_1_127' title='bbox 1231 1857 1374 1920; x_wconf 86' lang='lat' dir='ltr'><strong>divinum</strong></span> 
     </span>
     <span class='ocr_line' id='line_1_16' title="bbox 79 1955 1373 2041; baseline 0.002 -23"><span class='ocrx_word' id='word_1_128' title='bbox 79 1958 243 2041; x_wconf 84' lang='lat' dir='ltr'><strong>petentes</strong></span> <span class='ocrx_word' id='word_1_129' title='bbox 267 1955 435 2039; x_wconf 85' lang='lat' dir='ltr'><strong>auxilium,</strong></span> <span class='ocrx_word' id='word_1_130' title='bbox 459 1959 495 2020; x_wconf 91' lang='lat' dir='ltr'><strong>ut</strong></span> <span class='ocrx_word' id='word_1_131' title='bbox 514 1957 624 2021; x_wconf 86' lang='lat' dir='ltr'><strong>vitatis</strong></span> <span class='ocrx_word' id='word_1_132' title='bbox 646 1958 772 2022; x_wconf 90' lang='lat' dir='ltr'><strong>insidiis</strong></span> <span class='ocrx_word' id='word_1_133' title='bbox 795 1958 875 2022; x_wconf 89' lang='lat' dir='ltr'><strong>haec</strong></span> <span class='ocrx_word' id='word_1_134' title='bbox 898 1959 941 2041; x_wconf 81' lang='lat' dir='ltr'><strong>ad</strong></span> <span class='ocrx_word' id='word_1_135' title='bbox 960 1981 1016 2022; x_wconf 80' lang='lat' dir='ltr'><strong>vos</strong></span> <span class='ocrx_word' id='word_1_136' title='bbox 1039 1959 1160 2041; x_wconf 86' lang='lat' dir='ltr'><strong>scripta</strong></span> <span class='ocrx_word' id='word_1_137' title='bbox 1181 1959 1283 2022; x_wconf 88' lang='lat' dir='ltr'><strong>faciat</strong></span> <span class='ocrx_word' id='word_1_138' title='bbox 1304 1980 1373 2041; x_wconf 90' lang='lat' dir='ltr'><strong>per-</strong></span> 
     </span>
     <span class='ocr_line' id='line_1_17' title="bbox 78 2056 1409 2145; baseline 0.002 -23"><span class='ocrx_word' id='word_1_139' title='bbox 78 2058 210 2122; x_wconf 80' lang='lat' dir='ltr'><strong>renirc.</strong></span> <span class='ocrx_word' id='word_1_140' title='bbox 234 2094 275 2104; x_wconf 88' lang='lat'><em>—</em></span> <span class='ocrx_word' id='word_1_141' title='bbox 300 2056 397 2145; x_wconf 64' lang='lat' dir='ltr'><strong>me)</strong></span> <span class='ocrx_word' id='word_1_142' title='bbox 412 2057 523 2123; x_wconf 87' lang='lat' dir='ltr'><strong>Nonas</strong></span> <span class='ocrx_word' id='word_1_143' title='bbox 540 2058 688 2124; x_wconf 80' lang='lat' dir='ltr'><strong>Octobris</strong></span> <span class='ocrx_word' id='word_1_144' title='bbox 704 2059 894 2144; x_wconf 81' lang='lat' dir='ltr'><strong>Symmacho</strong></span> <span class='ocrx_word' id='word_1_145' title='bbox 909 2083 939 2124; x_wconf 88' lang='lat' dir='ltr'><strong>v.</strong></span> <span class='ocrx_word' id='word_1_146' title='bbox 958 2083 983 2124; x_wconf 91' lang='lat' dir='ltr'><strong>c.</strong></span> <span class='ocrx_word' id='word_1_147' title='bbox 1002 2082 1089 2124; x_wconf 86' lang='lat' dir='ltr'><strong>cons.</strong></span> <span class='ocrx_word' id='word_1_148' title='bbox 1127 2065 1167 2124; x_wconf 79' lang='lat' dir='ltr'><strong>at</strong></span> <span class='ocrx_word' id='word_1_149' title='bbox 1188 2064 1253 2125; x_wconf 85' lang='lat' dir='ltr'><strong>alia</strong></span> <span class='ocrx_word' id='word_1_150' title='bbox 1274 2082 1375 2125; x_wconf 86' lang='lat' dir='ltr'><strong>mano.</strong></span> <span class='ocrx_word' id='word_1_151' title='bbox 1406 2077 1409 2084; x_wconf 86' lang='lat'>·</span> 
     </span>
     <span class='ocr_line' id='line_1_18' title="bbox 73 2159 973 2243; baseline -0.003 -16"><span class='ocrx_word' id='word_1_152' title='bbox 73 2159 169 2227; x_wconf 82' lang='lat' dir='ltr'><strong>Deus</strong></span> <span class='ocrx_word' id='word_1_153' title='bbox 195 2180 264 2225; x_wconf 83' lang='lat' dir='ltr'><strong>voe</strong></span> <span class='ocrx_word' id='word_1_154' title='bbox 287 2159 463 2224; x_wconf 87' lang='lat' dir='ltr'><strong>incolumes</strong></span> <span class='ocrx_word' id='word_1_155' title='bbox 486 2161 655 2243; x_wconf 88' lang='lat' dir='ltr'><strong>custodiat,</strong></span> <span class='ocrx_word' id='word_1_156' title='bbox 680 2161 737 2225; x_wconf 90' lang='lat' dir='ltr'><strong>filii</strong></span> <span class='ocrx_word' id='word_1_157' title='bbox 759 2162 973 2226; x_wconf 88' lang='lat' dir='ltr'><strong>dilectissimi!</strong></span> 
     </span>
    </p>
   </div>
   <div class='ocr_carea' id='block_1_5' title="bbox 10 2281 1375 3197">
    <p class='ocr_par' dir='ltr' id='par_1_7' title="bbox 10 2281 1375 3197">
     <span class='ocr_line' id='line_1_19' title="bbox 164 2281 1374 2364; baseline -0.001 -18"><span class='ocrx_word' id='word_1_158' title='bbox 164 2283 215 2346; x_wconf 72' lang='lat' dir='ltr'><strong>Bt</strong></span> <span class='ocrx_word' id='word_1_159' title='bbox 247 2281 495 2361; x_wconf 72' lang='lat' dir='ltr'><strong>subscriptiones</strong></span> <span class='ocrx_word' id='word_1_160' title='bbox 528 2285 749 2364; x_wconf 83' lang='lat' dir='ltr'><strong>episcoporum.</strong></span> <span class='ocrx_word' id='word_1_161' title='bbox 806 2281 967 2346; x_wconf 79' lang='lat' dir='ltr'><strong>Candidus</strong></span> <span class='ocrx_word' id='word_1_162' title='bbox 1004 2281 1192 2345; x_wconf 80' lang='lat' dir='ltr'><strong>Tiburtinae</strong></span> <span class='ocrx_word' id='word_1_163' title='bbox 1234 2282 1374 2345; x_wconf 89' lang='lat' dir='ltr'><strong>civitatis</strong></span> 
     </span>
     <span class='ocr_line' id='line_1_20' title="bbox 66 2378 1374 2468; baseline 0 -21"><span class='ocrx_word' id='word_1_164' title='bbox 66 2382 266 2467; x_wconf 85' lang='lat' dir='ltr'><strong>episcopus</strong></span> <span class='ocrx_word' id='word_1_165' title='bbox 298 2378 395 2445; x_wconf 87' lang='lat' dir='ltr'><strong>Petro</strong></span> <span class='ocrx_word' id='word_1_166' title='bbox 422 2381 661 2446; x_wconf 83' lang='lat' dir='ltr'><strong>Alexandrinae</strong></span> <span class='ocrx_word' id='word_1_167' title='bbox 697 2383 850 2447; x_wconf 88' lang='lat' dir='ltr'><strong>ecelesiae</strong></span> <span class='ocrx_word' id='word_1_168' title='bbox 879 2383 1040 2466; x_wconf 88' lang='lat' dir='ltr'><strong>pervasori</strong></span> <span class='ocrx_word' id='word_1_169' title='bbox 1070 2385 1104 2447; x_wconf 90' lang='lat' dir='ltr'><strong>et</strong></span> <span class='ocrx_word' id='word_1_170' title='bbox 1127 2383 1245 2446; x_wconf 84' lang='lat' dir='ltr'><strong>Aeacio</strong></span> <span class='ocrx_word' id='word_1_171' title='bbox 1275 2406 1374 2468; x_wconf 90' lang='lat' dir='ltr'><strong>quon-</strong></span> 
     </span>
     <span class='ocr_line' id='line_1_21' title="bbox 10 2480 1375 2568; baseline -0.001 -19"><span class='ocrx_word' id='word_1_172' title='bbox 10 2480 12 2485; x_wconf 68' lang='grc'><strong>’</strong></span> <span class='ocrx_word' id='word_1_173' title='bbox 62 2485 151 2549; x_wconf 85' lang='lat' dir='ltr'><strong>dam</strong></span> <span class='ocrx_word' id='word_1_174' title='bbox 178 2480 352 2548; x_wconf 88' lang='lat' dir='ltr'><strong>ecclesiae</strong></span> <span class='ocrx_word' id='word_1_175' title='bbox 372 2482 750 2568; x_wconf 78' lang='lat' dir='ltr'><strong>Constantinopolitanae</strong></span> <span class='ocrx_word' id='word_1_176' title='bbox 781 2507 908 2549; x_wconf 90' lang='lat' dir='ltr'><strong>necnon</strong></span> <span class='ocrx_word' id='word_1_177' title='bbox 932 2485 1030 2548; x_wconf 87' lang='lat' dir='ltr'><strong>etiam</strong></span> <span class='ocrx_word' id='word_1_178' title='bbox 1052 2483 1148 2548; x_wconf 90' lang='lat' dir='ltr'><strong>Petro</strong></span> <span class='ocrx_word' id='word_1_179' title='bbox 1171 2485 1375 2549; x_wconf 82' lang='lat' dir='ltr'><strong>Antiocheno</strong></span> 
     </span>
     <span class='ocr_line' id='line_1_22' title="bbox 59 2584 1375 2670; baseline 0 -19"><span class='ocrx_word' id='word_1_180' title='bbox 59 2588 111 2651; x_wconf 82' lang='lat' dir='ltr'><strong>ab</strong></span> <span class='ocrx_word' id='word_1_181' title='bbox 144 2585 375 2670; x_wconf 74' lang='lat' dir='ltr'><strong>episcopatus</strong></span> <span class='ocrx_word' id='word_1_182' title='bbox 406 2588 438 2649; x_wconf 91' lang='lat' dir='ltr'><strong>et</strong></span> <span class='ocrx_word' id='word_1_183' title='bbox 467 2584 723 2650; x_wconf 79' lang='lat' dir='ltr'><strong>Christianorum</strong></span> <span class='ocrx_word' id='word_1_184' title='bbox 756 2608 888 2650; x_wconf 89' lang='lat' dir='ltr'><strong>numero</strong></span> <span class='ocrx_word' id='word_1_185' title='bbox 919 2587 994 2650; x_wconf 90' lang='lat' dir='ltr'><strong>olim</strong></span> <span class='ocrx_word' id='word_1_186' title='bbox 1021 2587 1093 2669; x_wconf 89' lang='lat' dir='ltr'><strong>jure</strong></span> <span class='ocrx_word' id='word_1_187' title='bbox 1124 2590 1157 2650; x_wconf 93' lang='lat' dir='ltr'><strong>et</strong></span> <span class='ocrx_word' id='word_1_188' title='bbox 1185 2588 1299 2651; x_wconf 90' lang='lat' dir='ltr'><strong>merito</strong></span> <span class='ocrx_word' id='word_1_189' title='bbox 1328 2609 1375 2651; x_wconf 88' lang='lat' dir='ltr'><strong>se-</strong></span> 
     </span>
     <span class='ocr_line' id='line_1_23' title="bbox 41 2686 1375 2776; baseline 0.001 -25"><span class='ocrx_word' id='word_1_190' title='bbox 41 2687 240 2776; x_wconf 69' lang='lat' dir='ltr'><strong>gregatis</strong></span> <span class='ocrx_word' id='word_1_191' title='bbox 272 2686 485 2772; x_wconf 90' lang='lat' dir='ltr'><strong>omnibusque</strong></span> <span class='ocrx_word' id='word_1_192' title='bbox 516 2688 704 2772; x_wconf 83' lang='lat' dir='ltr'><strong>sequacibus</strong></span> <span class='ocrx_word' id='word_1_193' title='bbox 739 2710 863 2772; x_wconf 90' lang='lat' dir='ltr'><strong>eorum,</strong></span> <span class='ocrx_word' id='word_1_194' title='bbox 899 2709 1033 2772; x_wconf 87' lang='lat' dir='ltr'><strong>sequens</strong></span> <span class='ocrx_word' id='word_1_195' title='bbox 1068 2689 1294 2753; x_wconf 88' lang='lat' dir='ltr'><strong>auctoritatem</strong></span> <span class='ocrx_word' id='word_1_196' title='bbox 1329 2711 1375 2753; x_wconf 89' lang='lat' dir='ltr'><strong>se-</strong></span> 
     </span>
     <span class='ocr_line' id='line_1_24' title="bbox 58 2786 1375 2875; baseline -0.003 -18"><span class='ocrx_word' id='word_1_197' title='bbox 58 2792 117 2857; x_wconf 82' lang='lat' dir='ltr'><strong>dis</strong></span> <span class='ocrx_word' id='word_1_198' title='bbox 156 2786 394 2875; x_wconf 85' lang='lat' dir='ltr'><strong>apostolicae,</strong></span> <span class='ocrx_word' id='word_1_199' title='bbox 432 2790 606 2854; x_wconf 88' lang='lat' dir='ltr'><strong>secundum</strong></span> <span class='ocrx_word' id='word_1_200' title='bbox 639 2790 877 2874; x_wconf 78' lang='lat' dir='ltr'><strong>desiderium²⁴)</strong></span> <span class='ocrx_word' id='word_1_201' title='bbox 915 2792 1059 2852; x_wconf 89' lang='lat' dir='ltr'><strong>nostrum</strong></span> <span class='ocrx_word' id='word_1_202' title='bbox 1089 2790 1182 2871; x_wconf 84' lang='lat' dir='ltr'><strong>juxta</strong></span> <span class='ocrx_word' id='word_1_203' title='bbox 1211 2790 1375 2854; x_wconf 81' lang='lat' dir='ltr'><strong>Ecclesiae</strong></span> 
     </span>
     <span class='ocr_line' id='line_1_25' title="bbox 57 2888 1375 2975; baseline -0.003 -15"><span class='ocrx_word' id='word_1_204' title='bbox 57 2899 210 2960; x_wconf 81' lang='lat' dir='ltr'><strong>statum</strong></span> <span class='ocrx_word' id='word_1_205' title='bbox 254 2888 419 2954; x_wconf 77' lang='lat' dir='ltr'><strong>catholica</strong></span> <span class='ocrx_word' id='word_1_206' title='bbox 465 2891 694 2956; x_wconf 87' lang='lat' dir='ltr'><strong>deliberatione</strong></span> <span class='ocrx_word' id='word_1_207' title='bbox 730 2892 905 2975; x_wconf 85' lang='lat' dir='ltr'><strong>prolatam,</strong></span> <span class='ocrx_word' id='word_1_208' title='bbox 949 2892 1120 2955; x_wconf 87' lang='lat' dir='ltr'><strong>anathema</strong></span> <span class='ocrx_word' id='word_1_209' title='bbox 1157 2891 1266 2956; x_wconf 86' lang='lat' dir='ltr'><strong>dicens</strong></span> <span class='ocrx_word' id='word_1_210' title='bbox 1303 2892 1375 2956; x_wconf 86' lang='lat' dir='ltr'><strong>sub-</strong></span> 
     </span>
     <span class='ocr_line' id='line_1_26' title="bbox 57 2993 214 3080; baseline -0.025 -19"><span class='ocrx_word' id='word_1_211' title='bbox 57 2993 214 3080; x_wconf 84' lang='lat' dir='ltr'><strong>scripsi.</strong></span> 
     </span>
     <span class='ocr_line' id='line_1_27' title="bbox 161 3110 1117 3197; baseline 0.002 -23"><span class='ocrx_word' id='word_1_212' title='bbox 161 3110 412 3194; x_wconf 82' lang='lat' dir='ltr'><strong>Quadraginta</strong></span> <span class='ocrx_word' id='word_1_213' title='bbox 433 3111 495 3176; x_wconf 92' lang='lat' dir='ltr'><strong>duo</strong></span> <span class='ocrx_word' id='word_1_214' title='bbox 517 3112 658 3197; x_wconf 88' lang='lat' dir='ltr'><strong>episcopi</strong></span> <span class='ocrx_word' id='word_1_215' title='bbox 681 3113 828 3176; x_wconf 90' lang='lat' dir='ltr'><strong>similiter</strong></span> <span class='ocrx_word' id='word_1_216' title='bbox 850 3112 1117 3196; x_wconf 86' lang='lat' dir='ltr'><strong>subscripserunt.</strong></span> 
     </span>
    </p>
   </div>
   <div class='ocr_carea' id='block_1_6' title="bbox 604 3351 865 3454">
    <p class='ocr_par' dir='ltr' id='par_1_8' title="bbox 604 3351 865 3454">
     <span class='ocr_line' id='line_1_28' title="bbox 604 3351 865 3454; baseline -0.008 -19"><span class='ocrx_word' id='word_1_217' title='bbox 604 3351 786 3454; x_wconf 85' lang='lat' dir='ltr'><strong>Epistola</strong></span> <span class='ocrx_word' id='word_1_218' title='bbox 813 3351 865 3434; x_wconf 79' lang='grc'><strong>12.</strong></span> 
     </span>
    </p>
   </div>
   <div class='ocr_carea' id='block_1_7' title="bbox 120 3500 1484 3687">
    <p class='ocr_par' dir='ltr' id='par_1_9' title="bbox 120 3500 1484 3687">
     <span class='ocr_line' id='line_1_29' title="bbox 120 3500 1484 3687; baseline -0.006 -113"><span class='ocrx_word' id='word_1_219' title='bbox 120 3504 285 3573; x_wconf 75' lang='lat' dir='ltr'><strong>Felicis</strong></span> <span class='ocrx_word' id='word_1_220' title='bbox 308 3519 418 3585; x_wconf 81' lang='lat' dir='ltr'><strong>papae</strong></span> <span class='ocrx_word' id='word_1_221' title='bbox 440 3503 483 3568; x_wconf 81' lang='lat' dir='ltr'><strong>ad</strong></span> <span class='ocrx_word' id='word_1_222' title='bbox 506 3503 1258 3687; x_wconf 49' lang='lat' dir='ltr'><strong>monaclppisthrprpiipeConstantinopolitanae</strong></span> <span class='ocrx_word' id='word_1_223' title='bbox 1281 3506 1319 3569; x_wconf 81' lang='lat' dir='ltr'><strong>et</strong></span> <span class='ocrx_word' id='word_1_224' title='bbox 1387 3500 1484 3634; x_wconf 44' lang='grc' dir='ltr'><strong>(ἓξὲξ</strong></span> 
     </span>
    </p>
   </div>
   <div class='ocr_carea' id='block_1_8' title="bbox 109 3745 1342 3980">
    <p class='ocr_par' dir='ltr' id='par_1_10' title="bbox 109 3745 1342 3980">
     <span class='ocr_line' id='line_1_30' title="bbox 110 3745 1341 3811; baseline -0.002 -13"><span class='ocrx_word' id='word_1_225' title='bbox 110 3747 275 3810; x_wconf 76' lang='lat' dir='ltr'><strong>Patefacto</strong></span> <span class='ocrx_word' id='word_1_226' title='bbox 294 3747 518 3809; x_wconf 79' lang='lat' dir='ltr'><strong>praeuaricatione</strong></span> <span class='ocrx_word' id='word_1_227' title='bbox 540 3745 627 3795; x_wconf 79' lang='lat' dir='ltr'><strong>Tutum</strong></span> <span class='ocrx_word' id='word_1_228' title='bbox 649 3746 809 3808; x_wconf 77' lang='lat' dir='ltr'><strong>defensorem</strong></span> <span class='ocrx_word' id='word_1_229' title='bbox 833 3748 957 3796; x_wconf 83' lang='lat' dir='ltr'><strong>ccclesiae</strong></span> <span class='ocrx_word' id='word_1_230' title='bbox 981 3749 1121 3811; x_wconf 79' lang='lat' dir='ltr'><strong>depositum</strong></span> <span class='ocrx_word' id='word_1_231' title='bbox 1140 3754 1165 3796; x_wconf 79' lang='lat' dir='ltr'><strong>et</strong></span> <span class='ocrx_word' id='word_1_232' title='bbox 1182 3763 1260 3796; x_wconf 84' lang='lat' dir='ltr'><strong>suero</strong></span> <span class='ocrx_word' id='word_1_233' title='bbox 1277 3764 1341 3797; x_wconf 78' lang='lat' dir='ltr'><strong>eorn-</strong></span> 
     </span>
     <span class='ocr_line' id='line_1_31' title="bbox 109 3829 1342 3896; baseline -0.002 -13"><span class='ocrx_word' id='word_1_234' title='bbox 109 3833 248 3883; x_wconf 71' lang='lat' dir='ltr'><strong>nrrnioae</strong></span> <span class='ocrx_word' id='word_1_235' title='bbox 264 3834 469 3894; x_wconf 62' lang='lat' dir='ltr'><strong>privatumne</strong></span> <span class='ocrx_word' id='word_1_236' title='bbox 488 3829 523 3893; x_wconf 86' lang='lat' dir='ltr'><strong>(n.</strong></span> <span class='ocrx_word' id='word_1_237' title='bbox 537 3833 571 3894; x_wconf 85' lang='lat' dir='ltr'><strong>l).</strong></span> <span class='ocrx_word' id='word_1_238' title='bbox 610 3830 644 3880; x_wconf 81' lang='lat' dir='ltr'><strong>Ut</strong></span> <span class='ocrx_word' id='word_1_239' title='bbox 661 3833 712 3895; x_wconf 82' lang='lat' dir='ltr'><strong>ipsi</strong></span> <span class='ocrx_word' id='word_1_240' title='bbox 732 3833 757 3880; x_wconf 85' lang='lat' dir='ltr'><strong>r&#39;n</strong></span> <span class='ocrx_word' id='word_1_241' title='bbox 779 3834 930 3896; x_wconf 75' lang='lat' dir='ltr'><strong>transsupus</strong></span> <span class='ocrx_word' id='word_1_242' title='bbox 947 3832 1081 3882; x_wconf 77' lang='lat' dir='ltr'><strong>monachos</strong></span> <span class='ocrx_word' id='word_1_243' title='bbox 1098 3833 1212 3881; x_wconf 80' lang='lat' dir='ltr'><strong>similiter</strong></span> <span class='ocrx_word' id='word_1_244' title='bbox 1230 3833 1342 3881; x_wconf 82' lang='lat' dir='ltr'><strong>animad-</strong></span> 
     </span>
     <span class='ocr_line' id='line_1_32' title="bbox 309 3915 1172 3980; baseline 0.001 -16"><span class='ocrx_word' id='word_1_245' title='bbox 309 3921 417 3971; x_wconf 77' lang='lat' dir='ltr'><strong>vertant,</strong></span> <span class='ocrx_word' id='word_1_246' title='bbox 431 3915 506 3977; x_wconf 78' lang='lat' dir='ltr'><strong>jueta</strong></span> <span class='ocrx_word' id='word_1_247' title='bbox 525 3923 607 3965; x_wconf 83' lang='lat' dir='ltr'><strong>tamen</strong></span> <span class='ocrx_word' id='word_1_248' title='bbox 625 3919 714 3980; x_wconf 83' lang='lat' dir='ltr'><strong>eulpae</strong></span> <span class='ocrx_word' id='word_1_249' title='bbox 733 3917 846 3979; x_wconf 54' lang='lat' dir='ltr'><strong>aristenis</strong></span> <span class='ocrx_word' id='word_1_250' title='bbox 864 3918 964 3966; x_wconf 74' lang='lat' dir='ltr'><strong>ratione</strong></span> <span class='ocrx_word' id='word_1_251' title='bbox 982 3917 1068 3966; x_wconf 78' lang='lat' dir='ltr'><strong>lubitu</strong></span> <span class='ocrx_word' id='word_1_252' title='bbox 1088 3915 1122 3978; x_wconf 84' lang='lat' dir='ltr'><strong>(u.</strong></span> <span class='ocrx_word' id='word_1_253' title='bbox 1136 3919 1172 3979; x_wconf 69' lang='lat' dir='ltr'><strong>i).</strong></span> 
     </span>
    </p>
   </div>
   <div class='ocr_carea' id='block_1_9' title="bbox 10 3786 61 3835">
    <p class='ocr_par' dir='ltr' id='par_1_11' title="bbox 10 3786 61 3835">
     <span class='ocr_line' id='line_1_33' title="bbox 10 3786 61 3835; baseline 0 0"><span class='ocrx_word' id='word_1_254' title='bbox 10 3786 61 3835; x_wconf 55' lang='lat'><strong>11⁴.</strong></span> 
     </span>
    </p>
   </div>
   <div class='ocr_carea' id='block_1_10' title="bbox 253 4020 1376 4132">
    <p class='ocr_par' dir='ltr' id='par_1_12' title="bbox 253 4020 1376 4132">
     <span class='ocr_line' id='line_1_34' title="bbox 253 4020 1376 4132; baseline 0.001 -22"><span class='ocrx_word' id='word_1_255' title='bbox 253 4045 369 4111; x_wconf 81' lang='lat' dir='ltr'><strong>Felix</strong></span> <span class='ocrx_word' id='word_1_256' title='bbox 391 4045 556 4131; x_wconf 76' lang='lat' dir='ltr'><strong>liuline,</strong></span> <span class='ocrx_word' id='word_1_257' title='bbox 581 4020 787 4131; x_wconf 83' lang='lat' dir='ltr'><strong>Thalasio,</strong></span> <span class='ocrx_word' id='word_1_258' title='bbox 816 4048 1066 4132; x_wconf 85' lang='lat' dir='ltr'><strong>presbyteris</strong></span> <span class='ocrx_word' id='word_1_259' title='bbox 1089 4053 1127 4111; x_wconf 90' lang='lat' dir='ltr'><strong>et</strong></span> <span class='ocrx_word' id='word_1_260' title='bbox 1150 4049 1376 4112; x_wconf 88' lang='lat' dir='ltr'><strong>archiman-</strong></span> 
     </span>
    </p>
   </div>
   <div class='ocr_carea' id='block_1_11' title="bbox 10 4318 1376 5066">
    <p class='ocr_par' dir='ltr' id='par_1_13' title="bbox 80 4318 1376 4475">
     <span class='ocr_line' id='line_1_35' title="bbox 153 4318 1376 4390; baseline -0.001 -18"><span class='ocrx_word' id='word_1_261' title='bbox 153 4326 193 4390; x_wconf 83' lang='lat'><strong>²¹)</strong></span> <span class='ocrx_word' id='word_1_262' title='bbox 216 4318 340 4389; x_wconf 78' lang='lat' dir='ltr'><strong>Volgati</strong></span> <span class='ocrx_word' id='word_1_263' title='bbox 361 4326 474 4389; x_wconf 69' lang='lat' dir='ltr'><strong>peiraco!</strong></span> <span class='ocrx_word' id='word_1_264' title='bbox 502 4320 531 4373; x_wconf 90' lang='lat' dir='ltr'><strong>ct</strong></span> <span class='ocrx_word' id='word_1_265' title='bbox 552 4335 617 4373; x_wconf 83' lang='lat' dir='ltr'><strong>mox</strong></span> <span class='ocrx_word' id='word_1_266' title='bbox 641 4332 823 4389; x_wconf 78' lang='lat' dir='ltr'><strong>exspectantes</strong></span> <span class='ocrx_word' id='word_1_267' title='bbox 847 4323 975 4374; x_wconf 81' lang='lat' dir='ltr'><strong>Dominum</strong></span> <span class='ocrx_word' id='word_1_268' title='bbox 1004 4333 1030 4374; x_wconf 77' lang='lat' dir='ltr'><strong>ut</strong></span> <span class='ocrx_word' id='word_1_269' title='bbox 1052 4327 1125 4374; x_wconf 73' lang='lat' dir='ltr'><strong>simet.</strong></span> <span class='ocrx_word' id='word_1_270' title='bbox 1170 4319 1261 4373; x_wconf 77' lang='lat' dir='ltr'><strong>Etiam</strong></span> <span class='ocrx_word' id='word_1_271' title='bbox 1282 4319 1311 4371; x_wconf 94' lang='lat' dir='ltr'><strong>in</strong></span> <span class='ocrx_word' id='word_1_272' title='bbox 1333 4318 1376 4372; x_wconf 90' lang='lat' dir='ltr'><strong>his</strong></span> 
     </span>
     <span class='ocr_line' id='line_1_36' title="bbox 80 4402 457 4475; baseline -0.016 -12"><span class='ocrx_word' id='word_1_273' title='bbox 80 4408 292 4475; x_wconf 82' lang='lat' dir='ltr'><strong>archetypum</strong></span> <span class='ocrx_word' id='word_1_274' title='bbox 308 4402 457 4458; x_wconf 86' lang='lat' dir='ltr'><strong>reddimus.</strong></span> 
     </span>
    </p>

    <p class='ocr_par' dir='ltr' id='par_1_14' title="bbox 10 4484 1376 4893">
     <span class='ocr_line' id='line_1_37' title="bbox 10 4484 1375 4561; baseline -0.001 -17"><span class='ocrx_word' id='word_1_275' title='bbox 10 4484 12 4491; x_wconf 70' lang='grc'><em>’</em></span> <span class='ocrx_word' id='word_1_276' title='bbox 155 4493 196 4560; x_wconf 80' lang='lat'><strong>¹¹)</strong></span> <span class='ocrx_word' id='word_1_277' title='bbox 218 4506 252 4544; x_wconf 86' lang='lat' dir='ltr'><strong>oc</strong></span> <span class='ocrx_word' id='word_1_278' title='bbox 269 4494 380 4559; x_wconf 67' lang='lat' dir='ltr'><strong>ruolium,</strong></span> <span class='ocrx_word' id='word_1_279' title='bbox 399 4488 501 4543; x_wconf 82' lang='lat' dir='ltr'><strong>rectius</strong></span> <span class='ocrx_word' id='word_1_280' title='bbox 518 4491 544 4544; x_wconf 79' lang='lat' dir='ltr'><strong>a¹</strong></span> <span class='ocrx_word' id='word_1_281' title='bbox 563 4497 683 4561; x_wconf 74' lang='lat' dir='ltr'><strong>malique,</strong></span> <span class='ocrx_word' id='word_1_282' title='bbox 706 4493 739 4543; x_wconf 90' lang='lat' dir='ltr'><strong>ut</strong></span> <span class='ocrx_word' id='word_1_283' title='bbox 755 4491 896 4560; x_wconf 88' lang='lat' dir='ltr'><strong>postulare</strong></span> <span class='ocrx_word' id='word_1_284' title='bbox 918 4490 1028 4546; x_wconf 84' lang='lat' dir='ltr'><strong>videtur</strong></span> <span class='ocrx_word' id='word_1_285' title='bbox 1046 4491 1122 4559; x_wconf 83' lang='lat' dir='ltr'><strong>quod</strong></span> <span class='ocrx_word' id='word_1_286' title='bbox 1145 4508 1208 4544; x_wconf 84' lang='lat' dir='ltr'><strong>mox</strong></span> <span class='ocrx_word' id='word_1_287' title='bbox 1230 4490 1375 4558; x_wconf 89' lang='lat' dir='ltr'><strong>subjicitur</strong></span> 
     </span>
     <span class='ocr_line' id='line_1_38' title="bbox 10 4572 963 4675; baseline -0.004 -42"><span class='ocrx_word' id='word_1_288' title='bbox 10 4624 14 4675; x_wconf 79' lang='lat'><strong>,</strong></span> <span class='ocrx_word' id='word_1_289' title='bbox 79 4590 132 4633; x_wconf 73' lang='lat' dir='ltr'><strong>nt</strong></span> <span class='ocrx_word' id='word_1_290' title='bbox 149 4581 249 4631; x_wconf 75' lang='lat' dir='ltr'><strong>aliter.</strong></span> <span class='ocrx_word' id='word_1_291' title='bbox 287 4572 374 4629; x_wconf 86' lang='lat' dir='ltr'><strong>Porro</strong></span> <span class='ocrx_word' id='word_1_292' title='bbox 391 4574 509 4628; x_wconf 84' lang='lat' dir='ltr'><strong>verbum</strong></span> <span class='ocrx_word' id='word_1_293' title='bbox 524 4579 694 4644; x_wconf 72' lang='lat' dir='ltr'><strong>interpretari</strong></span> <span class='ocrx_word' id='word_1_294' title='bbox 713 4574 821 4643; x_wconf 87' lang='lat' dir='ltr'><strong>passive</strong></span> <span class='ocrx_word' id='word_1_295' title='bbox 839 4576 963 4629; x_wconf 89' lang='lat' dir='ltr'><strong>sumitur.</strong></span> 
     </span>
     <span class='ocr_line' id='line_1_39' title="bbox 10 4658 1376 4731; baseline -0.001 -18"><span class='ocrx_word' id='word_1_296' title='bbox 10 4700 15 4731; x_wconf 77' lang='lat'><strong>,</strong></span> <span class='ocrx_word' id='word_1_297' title='bbox 156 4664 197 4727; x_wconf 65' lang='grc' dir='ltr'><strong>ὓ)</strong></span> <span class='ocrx_word' id='word_1_298' title='bbox 217 4658 327 4713; x_wconf 80' lang='lat' dir='ltr'><strong>Notam</strong></span> <span class='ocrx_word' id='word_1_299' title='bbox 344 4658 416 4712; x_wconf 86' lang='lat' dir='ltr'><strong>hauc</strong></span> <span class='ocrx_word' id='word_1_300' title='bbox 433 4658 613 4723; x_wconf 85' lang='lat' dir='ltr'><strong>consularem,</strong></span> <span class='ocrx_word' id='word_1_301' title='bbox 631 4676 716 4726; x_wconf 89' lang='lat' dir='ltr'><strong>quam</strong></span> <span class='ocrx_word' id='word_1_302' title='bbox 734 4664 760 4714; x_wconf 81' lang='lat' dir='ltr'><strong>c⁷</strong></span> <span class='ocrx_word' id='word_1_303' title='bbox 772 4664 798 4714; x_wconf 64' lang='grc' dir='ltr'><strong>ο9</strong></span> <span class='ocrx_word' id='word_1_304' title='bbox 811 4662 848 4713; x_wconf 80' lang='lat'><strong>0¹⁰</strong></span> <span class='ocrx_word' id='word_1_305' title='bbox 866 4679 881 4715; x_wconf 90' lang='lat' dir='ltr'><strong>e</strong></span> <span class='ocrx_word' id='word_1_306' title='bbox 899 4660 986 4715; x_wconf 88' lang='lat' dir='ltr'><strong>veteri</strong></span> <span class='ocrx_word' id='word_1_307' title='bbox 1006 4659 1101 4714; x_wconf 86' lang='lat' dir='ltr'><strong>codice</strong></span> <span class='ocrx_word' id='word_1_308' title='bbox 1120 4661 1229 4714; x_wconf 86' lang='lat' dir='ltr'><strong>erutam</strong></span> <span class='ocrx_word' id='word_1_309' title='bbox 1247 4660 1313 4713; x_wconf 86' lang='lat' dir='ltr'><strong>satis</strong></span> <span class='ocrx_word' id='word_1_310' title='bbox 1328 4661 1376 4711; x_wconf 89' lang='lat' dir='ltr'><strong>ha-</strong></span> 
     </span>
     <span class='ocr_line' id='line_1_40' title="bbox 10 4740 1376 4814; baseline 0.001 -19"><span class='ocrx_word' id='word_1_311' title='bbox 10 4772 13 4795; x_wconf 72' lang='lat'><em>·</em></span> <span class='ocrx_word' id='word_1_312' title='bbox 81 4749 182 4803; x_wconf 73' lang='lat' dir='ltr'><strong>baete</strong></span> <span class='ocrx_word' id='word_1_313' title='bbox 203 4744 243 4798; x_wconf 85' lang='lat' dir='ltr'><strong>ad</strong></span> <span class='ocrx_word' id='word_1_314' title='bbox 260 4740 420 4812; x_wconf 80' lang='lat' dir='ltr'><strong>marginem</strong></span> <span class='ocrx_word' id='word_1_315' title='bbox 437 4741 592 4811; x_wconf 81' lang='lat' dir='ltr'><strong>adnotasse,</strong></span> <span class='ocrx_word' id='word_1_316' title='bbox 616 4760 665 4798; x_wconf 86' lang='lat' dir='ltr'><strong>suo</strong></span> <span class='ocrx_word' id='word_1_317' title='bbox 683 4745 744 4799; x_wconf 89' lang='lat' dir='ltr'><strong>loco</strong></span> <span class='ocrx_word' id='word_1_318' title='bbox 767 4745 939 4799; x_wconf 81' lang='lat' dir='ltr'><strong>restituuuus</strong></span> <span class='ocrx_word' id='word_1_319' title='bbox 957 4745 1055 4814; x_wconf 85' lang='lat' dir='ltr'><strong>utpote</strong></span> <span class='ocrx_word' id='word_1_320' title='bbox 1074 4762 1137 4798; x_wconf 90' lang='lat' dir='ltr'><strong>cum</strong></span> <span class='ocrx_word' id='word_1_321' title='bbox 1159 4743 1247 4813; x_wconf 81' lang='lat' dir='ltr'><strong>gestis</strong></span> <span class='ocrx_word' id='word_1_322' title='bbox 1271 4743 1376 4813; x_wconf 85' lang='lat' dir='ltr'><strong>optime</strong></span> 
     </span>
     <span class='ocr_line' id='line_1_41' title="bbox 84 4828 325 4888; baseline -0.025 -1.879"><span class='ocrx_word' id='word_1_323' title='bbox 84 4828 325 4888; x_wconf 73' lang='lat' dir='ltr'><strong>convenientem.</strong></span> 
     </span>
    </p>

    <p class='ocr_par' dir='ltr' id='par_1_15' title="bbox 160 4912 1026 4984">
     <span class='ocr_line' id='line_1_42' title="bbox 160 4912 1026 4984; baseline -0.002 -16"><span class='ocrx_word' id='word_1_324' title='bbox 160 4918 200 4981; x_wconf 58' lang='grc' dir='ltr'><strong>’ἢ</strong></span> <span class='ocrx_word' id='word_1_325' title='bbox 219 4912 262 4968; x_wconf 80' lang='lat' dir='ltr'><strong>lix</strong></span> <span class='ocrx_word' id='word_1_326' title='bbox 281 4912 316 4967; x_wconf 81' lang='lat' dir='ltr'><strong>G¹</strong></span> <span class='ocrx_word' id='word_1_327' title='bbox 336 4928 501 4967; x_wconf 82' lang='lat' dir='ltr'><strong>revocamus</strong></span> <span class='ocrx_word' id='word_1_328' title='bbox 519 4920 679 4978; x_wconf 74' lang='lat' dir='ltr'><strong>desiderium,</strong></span> <span class='ocrx_word' id='word_1_329' title='bbox 699 4916 774 4984; x_wconf 86' lang='lat' dir='ltr'><strong>quod</strong></span> <span class='ocrx_word' id='word_1_330' title='bbox 792 4915 865 4983; x_wconf 80' lang='lat' dir='ltr'><strong>vulg.</strong></span> <span class='ocrx_word' id='word_1_331' title='bbox 887 4914 1026 4967; x_wconf 87' lang='lat' dir='ltr'><strong>omittunt.</strong></span> 
     </span>
    </p>

    <p class='ocr_par' dir='ltr' id='par_1_16' title="bbox 125 5005 1173 5066">
     <span class='ocr_line' id='line_1_43' title="bbox 125 5005 1173 5066; baseline -0.004 -8"><span class='ocrx_word' id='word_1_332' title='bbox 125 5017 294 5059; x_wconf 71' lang='lat' dir='ltr'><strong>sessionis</strong></span> <span class='ocrx_word' id='word_1_333' title='bbox 307 5016 415 5053; x_wconf 72' lang='lat' dir='ltr'><strong>ronan.</strong></span> <span class='ocrx_word' id='word_1_334' title='bbox 430 5018 541 5054; x_wconf 76' lang='lat' dir='ltr'><strong>courir.</strong></span> <span class='ocrx_word' id='word_1_335' title='bbox 560 5005 582 5055; x_wconf 90' lang='lat'><strong>1.</strong></span> <span class='ocrx_word' id='word_1_336' title='bbox 1140 5009 1173 5066; x_wconf 70' lang='lat'><strong>17</strong></span> 
     </span>
    </p>
   </div>
   <div class='ocr_carea' id='block_1_12' title="bbox 1121 5112 1142 5143">
    <p class='ocr_par' dir='ltr' id='par_1_17' title="bbox 1121 5112 1142 5143">
     <span class='ocr_line' id='line_1_44' title="bbox 1121 5112 1142 5143; baseline 0 0"><span class='ocrx_word' id='word_1_337' title='bbox 1121 5112 1142 5143; x_wconf 59' lang='grc' dir='ltr'>δ</span> 
     </span>
    </p>
   </div>
   <div class='ocr_carea' id='block_1_13' title="bbox 0 0 1606 5506">
    <p class='ocr_par' dir='ltr' id='par_1_18' title="bbox 0 0 1606 5506">
     <span class='ocr_line' id='line_1_45' title="bbox 0 0 1606 5506; baseline 0 1"><span class='ocrx_word' id='word_1_338' title='bbox 0 0 1606 5506; x_wconf 95' lang='lat' dir='ltr'><strong> </strong></span> 
     </span>
    </p>
   </div>
  </div>
 </body>
</html>
