3204 5506
592 340 786 391 srrsroma
811 332 860 391 66.
887 327 957 391 66..
1336 331 1396 397 861

126 493 278 559 similiter
309 498 340 558 et
363 495 410 558 vir
432 495 713 560 reverendissimas
735 495 902 560 lohannes
925 494 1302 581 Constantinopolitanae
1325 503 1398 567 civi·
1413 511 1447 576 (a.
1460 515 1528 579 ara.)

125 598 207 661 tatis
231 599 377 662 antistes.
417 597 551 662 Noveris
575 598 672 662 etiam
695 602 727 662 et
750 620 841 662 sacra
863 597 1028 682 generalia
1051 620 1118 662 esse
1134 599 1219 664 dicta
1229 601 1278 688 ¹⁵),
1303 585 1507 687 atqueepar.

127 701 289 765 credimus
311 699 380 764 Deo
402 701 540 785 propitio
570 704 602 765 et
631 700 743 764 vestris
771 700 892 763 sanctis
920 700 1117 764 orationibus
1149 724 1207 786 per
1234 706 1398 770 universas

125 802 312 886 provincias
339 802 529 886 quantocius
558 801 722 866 destinari.
767 801 856 866 Haec
886 799 1164 887 Constantinopoli
1191 808 1285 890 gesta
1313 811 1397 871 sunt.

126 902 172 967 Et
194 925 283 968 nunc
306 903 343 969 de
366 903 571 968 Antiocheno
594 904 727 969 ecclesia
750 907 923 986 tractatur,
953 906 985 967 et
1007 904 1077 968 ideo
1100 904 1203 970 adhuc
1224 906 1399 988 laboratur,

127 1005 205 1091 quia
227 1006 363 1070 necdum
384 1028 522 1090 persona
545 1029 687 1092 congrua
709 1010 758 1071 est
773 1006 884 1070 electa.
922 1005 1000 1070 Oret
1022 1028 1097 1091 ergo
1113 1008 1276 1072 beatitudo
1293 1013 1399 1074 vestra

127 1108 303 1190 intentius,
337 1111 374 1172 ut
396 1106 493 1190 Deus,
518 1109 570 1192 qui
593 1109 708 1173 vestris
730 1109 878 1193 precihus
901 1110 1048 1171 exoratus
1072 1107 1399 1196 Constantinopolita-

127 1231 206 1274 nam
229 1210 396 1275 eeclesiam
418 1211 614 1294 apostolicae
637 1211 703 1276 sedi
725 1211 882 1294 restituit,
911 1211 981 1295 ipse
1009 1214 1042 1275 ct
1068 1211 1200 1295 dignam
1228 1236 1399 1297 personam

127 1311 228 1376 donet
249 1312 284 1375 in
308 1310 484 1377 Antiochia
507 1312 734 1397 ordinandam,
764 1316 797 1377 et
819 1312 962 1376 assiduas
991 1311 1109 1376 adunet
1131 1314 1290 1380 ecclesias.
1335 1316 1398 1380 Re-

127 1412 261 1477 scribite
284 1414 433 1498 episcopo
448 1413 816 1499 Constantinopolitano.
847 1413 886 1479 Si
909 1413 1034 1478 videtur
1055 1415 1246 1480 beatitudini
1261 1423 1396 1502 vestrae,

126 1515 228 1578 facite
249 1517 446 1580 mentionem
469 1515 712 1581 damnationum
735 1515 843 1581 Severi
871 1519 904 1581 et
929 1516 1071 1599 illoram,
1102 1540 1179 1602 quos
1207 1521 1398 1585 nominastis

126 1617 162 1680 in
186 1617 324 1700 epistola
346 1617 418 1701 illa,
442 1639 537 1701 quam
560 1619 732 1702 scripsistis
753 1618 793 1680 ad
808 1618 980 1681 secundam
996 1617 1120 1702 Syriam
1142 1642 1200 1703 per
1214 1620 1397 1687 Johannem
1410 1644 1504 1706 epra.

126 1722 161 1782 et
184 1717 335 1804 Sergium
356 1719 539 1803 monachos,
563 1719 623 1784 hoc
645 1721 799 1806 ipsumffi)
823 1724 856 1784 et
878 1721 917 1784 ad
934 1720 1156 1804 imperatorem
1174 1725 1396 1790 rescribentes.

126 1818 161 1885 Si
184 1820 347 1904 feceritis,
370 1822 496 1886 videtur
517 1821 597 1885 mihi
619 1821 833 1886 necessariam
856 1843 934 1886 esse.

639 2026 823 2129 Epistola
850 2028 897 2111 66

741 2179 789 2217 seu

408 2274 510 2329 Sacra
531 2272 662 2329 Justini
684 2275 727 2330 ad
748 2274 966 2330 Hor-misaam
987 2289 1119 2344 papam.
1409 2269 1434 2305 ἃ·
1448 2258 1497 2306 ⁵¹9
1510 2252 1536 2306 <1-

1408 2321 1473 2373 22A
1495 2321 1537 2374 ril.

88 2407 113 2456 Β.
143 2404 232 2455 Omnia
243 2404 466 2469 Constantinopoli
482 2405 617 2455 secandam
631 2405 784 2455 Hormisdae
802 2413 883 2455 aotam
902 2407 1029 2466 ordinata,
1048 2423 1079 2457 ac
1089 2409 1221 2471 praevalia
1238 2418 1380 2475 praecepta
1474 2339 1493 2390 p

217 2492 245 2540 ia
264 2498 366 2541 ceteras
382 2492 499 2555 repiaaer
518 2492 605 2539 eadem
623 2491 654 2539 de
673 2506 750 2539 caasa
769 2492 923 2540 destinanda
941 2508 956 2539 a
974 2507 1002 2540 se
1020 2493 1103 2541 edicta
1122 2507 1185 2552 esre,
1206 2497 1311 2544 nuntiat.

281 2622 637 2705 VictorJustinus,
661 2623 765 2706 pius,
789 2623 902 2706 felir,
926 2623 1110 2707 inclitus,
1127 2626 1398 2711 triumphator

375 2746 526 2808 semper
548 2727 769 2810 Augustae,
808 2724 1040 2790 Hormisdae
1069 2729 1326 2793 sanctissimo
1354 2754 1397 2795 ac

374 2827 608 2890 beatissimo
631 2827 933 2910 archiepiscopo
956 2831 993 2891 et
1015 2829 1283 2912 patriarchae.

212 2945 303 3011 Scias
327 2945 473 3010 effectum
483 2945 507 3031 ¹)
530 2945 622 3009 nobis
630 2996 639 3027 ,
669 2950 763 3029 pater
784 2946 1037 3030 religiosissime,
1072 2949 1154 3032 quod
1182 2950 1236 3013 diu
1264 2953 1396 3016 summis

125 3049 242 3113 studiis
265 3048 492 3132 quaerebatur,
514 3047 641 3133 noueris
663 3048 876 3131 patefactum,
902 3052 1073 3132 antequam
1092 3051 1280 3115 advenerint
1301 3053 1355 3137 qui
1378 3077 1397 3117 a

125 3151 216 3216 vobis
241 3150 395 3213 destinati
416 3153 507 3214 sunt:
538 3149 621 3234 quod
644 3149 809 3213 iohannes
837 3150 886 3212 vir
909 3150 1109 3215 beatissimus
1139 3154 1273 3217 antistes
1295 3178 1396 3220 novae

120 3251 251 3318 Romae
266 3255 394 3316 nostrae
402 3253 427 3338 2)
451 3274 515 3315 una
532 3274 608 3314 curn-
619 3250 702 3314 clcro
719 3251 786 3334 ejas
802 3251 965 3315 vobiscum
981 3254 1134 3336 sentiunt,
1159 3255 1255 3319 nullis
1271 3257 1395 3320 varian-

119 3360 172 3422 tes
197 3354 481 3439 ambiguitatibuS,
505 3354 603 3418 nullis
625 3353 719 3417 divisi
741 3353 904 3436 dicorclii53
932 3353 1014 3418 scias
1037 3355 1180 3421 libellam
1203 3358 1243 3421 ab
1266 3380 1302 3422 co
1325 3360 1396 3423 suh-

116 3530 431 3541 §.m-..m

195 3632 228 3698 ¹⁵)
247 3628 314 3683 boc
331 3635 415 3686 caira:
434 3628 468 3682 G¹
482 3629 508 3682 a¹
528 3634 605 3692 dicar,
623 3627 641 3679 i.
653 3644 674 3681 e.
691 3627 752 3695 jam
770 3626 876 3682 dictata
894 3627 937 3680 vcl
956 3628 1112 3697 conscripta
1130 3645 1196 3683 csse.
1227 3630 1289 3686 Non
1303 3630 1385 3701 disph

118 3718 202 3773 (teret
221 3720 318 3778 edicta,
338 3714 487 3769 seeundum
504 3712 573 3765 illud
590 3711 691 3765 tustini
708 3712 736 3764 in
750 3712 868 3781 epistola
879 3712 1018 3780 sequenti:
1040 3719 1198 3768 Ileatiaaada
1216 3721 1305 3787 abique
1323 3725 1395 3785 μήπ-

115 3809 220 3872 cr'palia
237 3813 380 3869 praecepta
398 3806 531 3854 ediximus.
569 3797 627 3861 Quo
647 3796 796 3866 respiciens
814 3797 963 3851 Hormisda
980 3797 1058 3866 epist.
1074 3806 1106 3852 60
1124 3817 1150 3851 n.
1165 3806 1180 3853 5
1198 3800 1395 3870 imperatorem

117 3889 156 3942 de
181 3885 341 3952 mittendis,
364 3887 448 3956 prout
469 3882 608 3954 pollicitus
631 3885 703 3947 erat,
731 3889 822 3937 edicas
843 3883 1012 3936 monendum
1035 3899 1093 3937 esse
1117 3883 1206 3937 docet.
1249 3887 1309 3940 Hoc
1331 3887 1394 3943 ideo

117 3971 258 4026 nuntiant
284 3971 382 4040 legati,
410 3971 441 4024 ut
466 3985 500 4022 nc
526 3967 555 4019 id
578 3966 689 4035 quidem
713 3985 730 4021 a
754 3986 782 4021 se
807 3968 936 4022 omissum
959 3967 1126 4037 significent,
1150 3970 1224 4036 quod
1247 3970 1396 4025 Hormisda

117 4056 205 4128 epist.
226 4062 260 4109 aa
277 4059 459 4125 praeceperat
480 4053 523 4107 his
540 4052 644 4107 verbis:
667 4058 730 4107 haec
748 4060 829 4107 carnia
846 4060 870 4106 ai
889 4059 942 4107 Deo
962 4058 1060 4118 suerint
1077 4061 1173 4107 calcate
1191 4063 1326 4124 completa,
1350 4063 1394 4109 ira-

117 4154 272 4212 peratorem
294 4154 396 4211 rapace,
426 4152 452 4193 at
479 4145 613 4194 destinatis
634 4144 717 4192 aaran
739 4159 787 4207 pcr-
810 4145 1018 4207 aratrapolilaaos
1044 4146 1178 4207 episcopas
1201 4152 1262 4201 eta,-
1291 4141 1395 4210 quippe

119 4244 212 4296 quum
239 4226 382 4295 generalia
410 4242 489 4279 sacra
514 4225 574 4293 jam
598 4223 673 4277 dicta
695 4241 743 4278 seu
767 4224 923 4293 conscripta
945 4223 1001 4277 sint
1026 4224 1055 4278 ct
1082 4225 1286 4294 quamprimum
1314 4227 1394 4281 desti-

118 4311 226 4367 nanda.

194 4399 226 4464 ¹⁶)
244 4398 288 4451 Ita
306 4397 487 4463 correximus,
510 4396 584 4465 quod
608 4397 672 4450 ante
695 4401 774 4464 ipsam
793 4401 836 4449 der
854 4403 902 4453 ad:
919 4395 970 4449 nisi
989 4395 1050 4464 quis
1067 4396 1196 4450 maluerit
1214 4402 1291 4464 ipsud
1308 4409 1332 4451 et
1351 4404 1393 4454 aa.

118 4488 154 4538 66
193 4485 214 4550 ¹)
232 4482 277 4536 Ita
295 4482 447 4547 arone,
471 4481 522 4536 nisi
545 4482 619 4549 quod
637 4482 729 4534 Jecc
749 4494 773 4534 et
791 4489 859 4550 qrcoa
930 4495 954 4534 er
976 4492 1117 4550 calepiam.
1159 4482 1242 4536 'Poste
1263 4483 1394 4538 Hucffcro

119 4568 286 4637 („Beitritge
303 4584 352 4621 rur
370 4567 467 4621 Gesch.
488 4567 514 4623 d.
534 4565 649 4631 Qaellen
668 4567 692 4619 d.
712 4567 948 4620 Kirohcnrechts“
965 4567 1052 4620 Bonn.
1074 4573 1138 4622 1862
1156 4584 1222 4637 pag.
1240 4573 1297 4637 108)
1317 4568 1393 4622 Colb.

119 4654 217 4723 Polyc.
236 4659 327 4707 stadiis
343 4664 417 4722 patet
433 4659 558 4717 strictam,
577 4654 641 4706 Ans.
656 4652 719 4719 XII,
737 4659 767 4706 31
787 4657 880 4720 affecta
940 4658 1030 4706 stadiis
1048 4658 1223 4707 occultabatur
1238 4660 1394 4722 patefactam

119 4751 146 4794 et
165 4752 302 4808 antequam
376 4760 392 4792 a
411 4743 482 4793 achia
555 4745 623 4794 clera
643 4743 711 4793 vobis
729 4745 887 4793 consentiant
950 4744 1127 4805 judicaveras.
1165 4744 1288 4809 Neparam
1307 4752 1345 4795 cat
1363 4745 1393 4794 ab

118 4833 160 4880 σὺ
176 4831 321 4879 memoriam
339 4836 387 4878 etc.

191 4912 213 4978 ²)
232 4911 277 4965 lta
295 4911 328 4964 G*
342 4911 358 4963 J
371 4910 391 4964 i²
404 4915 440 4965 al.
472 4914 495 4965 0¹
510 4914 535 4964 θ’
554 4921 651 4971 noster,
671 4911 704 4964 al.
724 4911 765 4965 cd.
787 4921 893 4964 nestrae.
