3204 5506
191 322 229 387 18
532 340 666 388 ΜΟΝΙΤΑ
688 340 841 387 PRAEVIA
863 341 900 387 IN
922 339 1056 388 FELICIS
1080 341 1106 387 11

274 500 302 556 3.
319 500 426 556 Victore
437 501 591 556 Tunonensi
607 500 745 559 ann0489
762 500 928 557 adscribente
940 500 1055 557 Flavitae
1067 500 1272 562 ordinationem,
1288 499 1356 555 nihil
1372 508 1452 562 vetat,

189 586 332 658 quominus
349 585 380 640 ad
397 586 458 641 anni
473 584 555 656 hujus
571 586 672 642 exitum
687 585 783 643 relerri
798 595 887 660 quem.
911 585 989 653 Certe
1004 585 1124 642 nondum
1139 586 1234 641 mortis
1249 583 1308 655 ejus
1324 587 1453 641 nuncium

188 668 262 725 Felix
282 678 434 744 acceperat,
457 688 539 744 quum
559 681 719 745 sequentem
740 672 880 746 epistolam
899 672 937 728 16
958 673 1079 745 scripsit,
1101 670 1223 744 adeoque
1243 671 1330 744 primo
1352 671 1453 725 mensis

188 754 248 825 ldaji
263 754 306 811 die
321 757 383 811 anni
395 755 466 813 490.
497 755 552 812 Nisi
569 758 629 830 quis
645 757 723 819 dicat,
739 774 770 813 ea
785 756 866 827 hujus
882 756 1012 830 epistolae
1027 756 1064 814 16
1080 755 1175 820 verbu.
1200 772 1267 829 quae
1283 753 1405 810 labbeus
1421 755 1455 810 de

189 848 297 896 vacante
312 841 402 915 regiae
417 839 490 896 urbis
506 840 571 898 sede
586 843 793 917 interpretatur,
815 859 872 898 eam
894 842 995 915 reipsa
1011 848 1146 897 vacantem
1162 841 1317 902 enuntiare,
1338 840 1412 896 uude
1429 848 1457 895 et

187 924 371 1000 colligendum
387 934 474 990 esset,
491 927 647 1000 epistolam,
663 928 697 984 de
712 945 765 1001 qua
780 929 893 1002 agimus,
909 926 942 981 ad
957 926 1088 984 auni490
1102 926 1178 982 initia
1192 927 1337 1000 pertinere.
1355 925 1456 980 Verum

188 1026 270 1083 quum
286 1019 390 1066 certum
405 1013 455 1073 sit,
472 1010 588 1067 Felicem
604 1013 673 1069 haud
690 1021 752 1068 ante
768 1011 884 1068 Flaritae
900 1029 930 1067 ac
944 1011 1046 1068 Zenoni
1062 1012 1247 1084 rescripsisse,
1269 1027 1348 1083 quam
1368 1011 1457 1066 archi·

81 1108 84 1115 ·
188 1094 378 1151 mandritarum
394 1096 491 1170 legati,
511 1097 544 1151 ad
567 1113 636 1170 quos
658 1098 772 1172 epistola
787 1098 825 1154 16
846 1097 987 1170 dirigitur,
1009 1098 1036 1152 in
1057 1095 1150 1152 urbem
1172 1096 1288 1170 ingressi
1309 1096 1399 1169 ipsum
1422 1095 1457 1150 do

187 1178 302 1237 Flavitae
318 1179 370 1235 lide
385 1198 511 1254 perversa
527 1198 557 1237 ac
572 1181 641 1237 dolis
658 1185 802 1238 certiorem
819 1181 955 1243 iecissent,
979 1181 1062 1256 longe
1078 1182 1133 1237 veri
1149 1189 1191 1237 est
1207 1181 1328 1242 similius,
1346 1179 1457 1235 ordina·

188 1273 244 1320 tum
260 1263 386 1321 Flavitam
403 1267 473 1322 circa
491 1266 622 1325 anni490
636 1269 837 1341 initium'atque
853 1267 922 1322 banc
936 1267 1077 1341 epistolam
1093 1266 1229 1340 adipsum
1244 1282 1304 1321 cum
1320 1274 1457 1338 sequente

188 1349 360 1407 adZenonem
376 1351 447 1406 baud
463 1352 542 1407 citius
558 1361 605 1407 aut
622 1362 695 1409 certe
710 1353 781 1408 haud
797 1352 882 1407 multo
899 1353 977 1408 citius
994 1351 1155 1425 epistolalli
1167 1351 1368 1412 ad'lbalasium,
1385 1368 1457 1424 quae

187 1436 246 1508 ipso
263 1452 333 1491 anno
349 1434 413 1494 490
427 1435 487 1507 llaji
503 1436 546 1492 die
562 1437 572 1491 l
596 1440 780 1512 consignatur,
798 1438 980 1511 conscriptam
996 1436 1089 1493 luisse.

504 1588 542 1648 In
562 1588 677 1650 Felicia
698 1588 860 1667 epistolum
881 1587 916 1647 15
938 1583 1129 1668 („Dipnus“).

121 1710 174 1778 [n³]
273 1707 329 1764 Una
350 1725 410 1763 cum
433 1711 571 1783 superiore
597 1712 623 1766 in
651 1709 746 1767 codem
767 1709 861 1766 codice
876 1709 1038 1765 Virduuensi
1060 1716 1180 1782 reperta,
1207 1707 1298 1764 Jacobi
1318 1707 1458 1765 Sirmondi

189 1811 270 1868 opera
285 1793 365 1849 simul
381 1794 490 1867 prodiit.
522 1795 608 1852 Simul
623 1797 702 1851 etiam
719 1804 860 1869 utramque
872 1796 978 1850 missam
995 1811 1055 1850 esse
1070 1793 1144 1850 Felix
1159 1795 1224 1849 satis
1237 1802 1328 1868 aperte
1343 1795 1456 1851 indicat.

467 1963 505 2023 In
524 1963 640 2024 Felicia
661 1963 825 2041 epistolam
847 1960 884 2022 16
907 1957 1012 2040 („Post
1025 1959 1171 2043 factas“).

18 2079 19 2082 ’
122 2084 174 2152 [ol]
274 2084 301 2138 1.
338 2082 367 2139 ln
388 2083 495 2140 laudato
517 2084 609 2141 codice
630 2085 801 2148 virdunensi,
824 2101 857 2140 er
878 2100 932 2157 quo
953 2082 1044 2139 Jacobi
1061 2083 1195 2139 Sirmondi
1217 2100 1297 2156 opera
1318 2101 1378 2139 cum
1397 2086 1457 2141 aliis

187 2166 372 2243 superioribus
395 2168 467 2225 edita
488 2177 544 2233 cst,
566 2164 639 2226 hunc
659 2170 828 2244 praelerebat
850 2169 972 2225 titulum:
1004 2170 1176 2240 Exemplum
1198 2171 1345 2240 epistolae,
1367 2189 1455 2242 quam

185 2257 370 2326 pertulerunt
390 2259 418 2309 iu
441 2257 610 2328 leputioaem
633 2257 738 2312 directi
756 2256 890 2311 nrortaclri
913 2255 952 2309 ad
971 2255 1116 2326 Rufinum,
1140 2254 1276 2309 Hilarum
1298 2262 1325 2310 et
1347 2255 1455 2311 Tlrola-

187 2343 259 2395 sinm
280 2341 526 2395 archimandritas
542 2341 796 2412 Constantinopoli.
832 2338 907 2394 Unde
925 2345 952 2393 et
968 2340 1075 2394 nomina
1091 2338 1218 2394 discimus
1235 2339 1457 2396 archimandrita·

188 2441 255 2487 rum,
272 2425 318 2498 qui
334 2424 480 2479 monachos
495 2423 604 2480 llomam
621 2426 755 2500 legarunt,
772 2432 802 2479 ut
816 2424 976 2478 clericorum
992 2440 1005 2477 a
1022 2422 1121 2478 Flavita
1137 2423 1168 2478 ad
1182 2422 1296 2479 Felicem
1309 2427 1457 2480 missorum

188 2507 372 2564 molitionibus
389 2509 596 2572 intercederent,
619 2519 699 2583 atque
716 2508 795 2579 hujus
811 2507 1082 2582 pseudopatriaroliae
1098 2508 1234 2564 rneudacia
1249 2508 1413 2583 detegerent
1429 2520 1457 2565 et

187 2593 280 2656 dolos;
309 2602 337 2649 et
352 2593 482 2650 docemur
496 2603 643 2668 praeterea,
666 2594 807 2668 epistolam
829 2594 896 2648 lrarrc
920 2609 975 2647 non
996 2593 1028 2648 ad
1046 2610 1129 2649 unum
1146 2593 1298 2649 'liralasium
1313 2594 1362 2649 sed
1378 2605 1407 2650 et
1423 2594 1457 2649 od

187 2678 256 2733 riuos
272 2677 331 2748 ejus
347 2680 437 2734 socios
453 2696 468 2733 a
483 2681 539 2753 pari
554 2681 682 2753 scriptam
699 2678 791 2734 luisse.

272 2762 301 2819 2.
337 2763 458 2818 labbeus
480 2781 537 2818 eam
555 2763 641 2819 datam
664 2765 797 2819 existimat
818 2771 942 2818 vaccule
959 2770 1025 2834 post
1041 2770 1158 2819 mortem
1173 2764 1276 2820 Aeacii
1295 2766 1363 2819 sede
1380 2766 1454 2821 Coa-

188 2851 456 2920 stontinopolitana.
488 2848 631 2904 vacantem
653 2849 760 2923 quidem
777 2847 868 2903 sedem
889 2849 1002 2903 innuere
1025 2847 1150 2903 ridentur
1165 2848 1231 2903 liaeo
1246 2847 1341 2904 Felicis
1359 2849 1455 2905 verba:

189 2934 523 3005 Constantinopolitanae
539 2937 682 2990 eeclesiae
698 2937 741 2990 nel
757 2937 922 3006 quicunque
938 2935 1004 3004 ejrrs
1016 2933 1139 3004 [arturus
1150 2941 1192 2988 est
1204 2938 1374 3005 episcopm,-
1390 2937 1456 2990 item

188 3027 215 3073 et
232 3036 299 3091 quae
315 3036 377 3074 mox
393 3018 610 3093 subsequuntur:
631 3023 681 3092 qni
692 3020 786 3091 fuerit
802 3026 920 3073 creatus
935 3022 1097 3089 episcopus.
1130 3021 1163 3072 dt
1178 3020 1200 3073 si
1216 3018 1278 3073 iude
1293 3020 1457 3075 conficiatur

188 3120 246 3158 eam
262 3113 319 3159 tum
335 3121 450 3166 vacasse,
467 3112 541 3159 certe
556 3121 611 3159 non
624 3106 711 3159 Aeacii
722 3112 818 3165 morte,
834 3102 882 3157 sed
901 3101 1015 3158 Flavitae
1030 3101 1147 3158 vacabat.
1178 3103 1275 3158 Vermu
1288 3102 1360 3159 Felix
1376 3121 1457 3178 aper-

188 3189 241 3243 tius
257 3189 375 3245 declarat
389 3188 439 3245 sub
455 3189 586 3263 epistolae
602 3188 691 3251 inem,
706 3192 766 3246 illic
778 3196 908 3244 creatum
917 3191 1092 3260 pontificem,
1109 3205 1172 3243 cum
1185 3206 1241 3260 quo
1251 3205 1344 3262 neque
1353 3199 1457 3260 posset

188 3279 295 3330 sociari
311 3279 477 3346 communio,
494 3282 598 3348 utpote,
615 3276 711 3348 inquit.
728 3277 816 3346 cnjus
831 3274 927 3329 adduc
942 3293 959 3328 a
975 3274 1056 3329 nobis
1070 3289 1125 3328 uec
1140 3274 1232 3329 norror
1243 3276 1390 3345 probatur
1405 3291 1455 3331 su-

145 3369 150 3390 ·
189 3367 314 3431 scopiac,
335 3377 389 3417 nee
404 3362 478 3433 fides
492 3375 584 3432 aeque
598 3364 715 3415 intentio
730 3361 927 3430 comprobata.
959 3357 1060 3425 Quibus
1082 3357 1191 3431 quidem
1212 3357 1299 3414 verbis
1315 3369 1391 3414 certo
1408 3361 1457 3416 de-

188 3445 312 3517 signatur
328 3453 442 3519 tempus,
464 3461 518 3518 quo
539 3444 680 3518 proiessus
703 3453 745 3499 est
760 3442 845 3506 Felix,
867 3444 1083 3498 communionem
1104 3460 1134 3499 se
1154 3442 1273 3498 nondum
1294 3460 1375 3517 posse
1392 3462 1456 3501 cum

190 3527 297 3591 Flavita,
314 3539 395 3603 atque
410 3529 476 3585 adeo
488 3529 543 3599 jam
559 3538 659 3591 creato,
679 3530 756 3584 inire.
788 3527 859 3595 Quae
880 3529 970 3601 itaque
990 3529 1208 3601 praemittuntur,
1235 3528 1262 3583 id
1285 3545 1367 3584 unum
1383 3531 1456 3586 iudi·

189 3621 259 3675 cant,
281 3630 439 3686 persuasum
455 3612 536 3669 Felici
552 3613 643 3676 luisse,
665 3613 731 3669 nibil
747 3612 862 3668 Flavitae
883 3612 917 3668 de
932 3613 1037 3668 honore
1057 3621 1185 3686 suscepto
1200 3622 1336 3676 constare,
1362 3615 1456 3687 quoad

189 3699 360 3772 episcopatus
376 3700 417 3755 sui
432 3702 595 3771 firrraitatem
611 3698 722 3754 Romani
736 3696 871 3772 pontificis
886 3696 1079 3771 approbatione
1094 3702 1269 3768 sumpsisset.
1300 3699 1358 3754 lam
1373 3710 1455 3756 antea

190 3784 335 3857 scripserat
348 3783 499 3840 Bonilacius
521 3785 600 3857 epist.
619 3783 656 3839 15
679 3801 706 3839 n.
723 3783 750 3845 6,
772 3782 885 3838 Nectarii
906 3782 1082 3839 ordinationis
1102 3781 1332 3839 confirmationem
1355 3786 1455 3841 asede

190 3866 307 3924 Rotnana
332 3870 457 3943 petitam:
487 3868 631 3940 Princeps
661 3869 846 3936 Theodosius,
868 3869 965 3941 inquit.
994 3868 1126 3923 Nectarii
1149 3872 1356 3924 ordinationem
1381 3888 1454 3942 pro-

189 3960 302 4025 pterea,
324 3958 392 4028 quia
412 3958 441 4009 iu
456 3961 557 4009 nostra
573 3957 687 4009 notione
701 3971 757 4010 non
774 3960 857 4023 esset,
878 3954 987 4009 babere
1007 3972 1063 4009 nou
1085 3957 1254 4010 existimans
1274 3956 1453 4025 firmitatem,

191 4043 283 4095 missis
304 4055 319 4094 e
339 4044 433 4096 latere
460 4056 512 4095 suo
533 4041 637 4094 ardicis
657 4056 720 4095 carm
741 4042 892 4110 episeopis,
911 4039 1069 4111 formatam
1091 4040 1159 4094 braic
1185 4059 1203 4095 a
1229 4041 1297 4094 sede
1318 4041 1453 4097 Rornano

189 4127 275 4197 diripi
289 4129 464 4198 reputariter
478 4126 652 4196 depoposcit,
669 4142 744 4196 quae
759 4127 826 4196 ejus
840 4125 1031 4179 sacerdotium
1044 4126 1205 4181 roboraret.
1233 4122 1357 4180 Eumdem
1369 4128 1453 4182 etiam

191 4218 353 4283 potestatem
368 4209 463 4266 Felicis
479 4209 606 4265 decessor
621 4209 773 4282 Simplicius
788 4207 838 4263 sibi
854 4208 925 4263 baud
941 4207 1054 4264 obscure
1069 4207 1190 4265 attribuit
1202 4210 1229 4264 in
1241 4209 1453 4267 Alexandrinum

191 4295 338 4350 antistitem
359 4296 437 4368 epist.
457 4294 495 4351 18
517 4312 543 4349 n.
558 4294 586 4348 2.
621 4293 669 4348 Ubi
691 4296 762 4349 enim
779 4293 948 4348 Timotheum
969 4293 1050 4363 liujus
1072 4294 1144 4350 urbis
1161 4296 1317 4368 episcopum
1340 4294 1452 4359 obiisse,

190 4379 272 4451 inque
287 4378 345 4449 ejus
362 4382 444 4434 vicem
464 4395 584 4435 consona
604 4377 723 4434 iidelium
743 4378 881 4434 voluntate
895 4379 1054 4441 Jolraunem,
1075 4381 1118 4435 cui
1142 4378 1175 4435 ad
1189 4378 1370 4436 sacerdotium
1385 4399 1453 4437 con·

191 4471 262 4519 stare
277 4464 452 4519 crederentur
473 4466 569 4525 omnia.
589 4462 766 4538 subrogatum
782 4463 921 4524 enarravit.
942 4465 1033 4519 statim
1048 4463 1169 4535 subjicit:
1200 4465 1238 4519 Et
1252 4466 1321 4521 nibil
1337 4471 1452 4523 ornarino

191 4555 307 4603 restore
321 4550 479 4619 uidebatur,
492 4553 549 4605 nisi
562 4557 593 4604 ut
609 4592 615 4604 .
633 4591 640 4604 .
659 4551 756 4621 quod
769 4549 930 4604 catholicus
943 4551 972 4604 in
987 4548 1120 4620 defuncti
1133 4553 1317 4606 ministerium
1333 4566 1453 4608 sueces-

191 4637 275 4689 sisset
290 4637 417 4702 antistes,
434 4638 612 4705 apostoticae
627 4651 739 4706 quoque
759 4635 960 4691 moderationis
980 4650 1101 4691 assensu
1121 4638 1241 4690 uotiuum
1259 4643 1385 4692 sumeret
1399 4641 1452 4708 fir·

192 4721 326 4774 mitatem.
358 4719 476 4792 lienique
491 4736 574 4793 quum
590 4719 657 4774 baec
672 4719 786 4792 epistola
801 4720 831 4774 iis
848 4719 983 4774 monacbis
998 4721 1035 4775 sit
1048 4719 1151 4782 tradita,
1165 4720 1210 4792 qui
1223 4728 1284 4792 post
1296 4720 1451 4794 legatorum

192 4801 306 4858 Flavitae
327 4812 354 4858 et
374 4804 488 4859 Zenonis
507 4804 650 4859 artnentum
670 4805 858 4877 supervenisse
879 4813 1063 4860 memorantur
1081 4806 1108 4859 in
1128 4803 1233 4859 duobus
1254 4806 1449 4877 superioribus,

192 4887 301 4943 dubium
318 4906 372 4944 non
387 4898 438 4951 est,
455 4891 519 4963 quin
536 4899 598 4962 post
615 4888 729 4943 Flaritae
750 4889 945 4944 ordinationem
960 4890 1060 4962 scripta
1077 4889 1165 4946 luerit.
1202 4890 1319 4944 Alterius
1339 4891 1371 4945 od
1388 4908 1449 4947 eos·
