<?xml version="1.0" encoding="UTF-8"?>
<!DOCTYPE html PUBLIC "-//W3C//DTD XHTML 1.0 Transitional//EN"
    "http://www.w3.org/TR/xhtml1/DTD/xhtml1-transitional.dtd">
<html xmlns="http://www.w3.org/1999/xhtml" xml:lang="en" lang="en">
 <head>
  <title>
</title>
<meta http-equiv="Content-Type" content="text/html;charset=utf-8" />
  <meta name='ocr-system' content='tesseract 3.04.00' />
  <meta name='ocr-capabilities' content='ocr_page ocr_carea ocr_par ocr_line ocrx_word'/>
</head>
<body>
  <div class='ocr_page' id='page_1' title='image "./epistolaeromano00thiegoog/epistolaeromano00thiegoog_0687.png"; bbox 0 0 3204 5506; ppageno 0'>
   <div class='ocr_carea' id='block_1_1' title="bbox 201 352 1374 418">
    <p class='ocr_par' dir='ltr' id='par_1_1' title="bbox 201 352 1374 418">
     <span class='ocr_line' id='line_1_1' title="bbox 201 352 1374 418; baseline 0 -2"><span class='ocrx_word' id='word_1_1' title='bbox 201 352 263 417; x_wconf 83' lang='grc'>638</span> <span class='ocrx_word' id='word_1_2' title='bbox 306 358 336 415; x_wconf 83' lang='lat' dir='ltr'>S.</span> <span class='ocrx_word' id='word_1_3' title='bbox 351 366 533 417; x_wconf 73' lang='lat' dir='ltr'>anteesse</span> <span class='ocrx_word' id='word_1_4' title='bbox 555 369 581 415; x_wconf 92' lang='lat'>11</span> <span class='ocrx_word' id='word_1_5' title='bbox 604 368 635 415; x_wconf 82' lang='lat' dir='ltr'>e.</span> <span class='ocrx_word' id='word_1_6' title='bbox 660 368 803 415; x_wconf 81' lang='lat' dir='ltr'>sortem</span> <span class='ocrx_word' id='word_1_7' title='bbox 827 368 937 417; x_wconf 81' lang='lat' dir='ltr'>nerse.</span> <span class='ocrx_word' id='word_1_8' title='bbox 961 368 1033 415; x_wconf 81' lang='lat' dir='ltr'>nos</span> <span class='ocrx_word' id='word_1_9' title='bbox 1055 368 1227 417; x_wconf 79' lang='lat' dir='ltr'>exerens.</span> <span class='ocrx_word' id='word_1_10' title='bbox 1249 368 1281 416; x_wconf 83' lang='lat' dir='ltr'>n.</span> <span class='ocrx_word' id='word_1_11' title='bbox 1291 368 1374 418; x_wconf 89' lang='lat' dir='ltr'>1-n.</span> 
     </span>
    </p>
   </div>
   <div class='ocr_carea' id='block_1_2' title="bbox 806 520 849 584">
    <p class='ocr_par' dir='ltr' id='par_1_2' title="bbox 806 520 849 584">
     <span class='ocr_line' id='line_1_2' title="bbox 806 520 849 584; baseline -0.023 0"><span class='ocrx_word' id='word_1_12' title='bbox 806 520 849 584; x_wconf 90' lang='grc' dir='ltr'>Π.</span> 
     </span>
    </p>
   </div>
   <div class='ocr_carea' id='block_1_3' title="bbox 200 630 1331 711">
    <p class='ocr_par' dir='ltr' id='par_1_3' title="bbox 200 630 1331 711">
     <span class='ocr_line' id='line_1_3' title="bbox 200 630 1331 711; baseline 0.003 -24"><span class='ocrx_word' id='word_1_13' title='bbox 200 650 276 688; x_wconf 90' lang='lat' dir='ltr'>anno</span> <span class='ocrx_word' id='word_1_14' title='bbox 292 630 363 687; x_wconf 81' lang='grc'>497.</span> <span class='ocrx_word' id='word_1_15' title='bbox 395 633 529 711; x_wconf 70' lang='lat' dir='ltr'>Andreae</span> <span class='ocrx_word' id='word_1_16' title='bbox 545 634 674 702; x_wconf 83' lang='lat' dir='ltr'>episcopi</span> <span class='ocrx_word' id='word_1_17' title='bbox 691 631 954 687; x_wconf 75' lang='lat' dir='ltr'>Thessalonicensis</span> <span class='ocrx_word' id='word_1_18' title='bbox 974 632 1013 686; x_wconf 86' lang='lat' dir='ltr'>ad</span> <span class='ocrx_word' id='word_1_19' title='bbox 1026 631 1212 688; x_wconf 83' lang='lat' dir='ltr'>Anastasiurn</span> <span class='ocrx_word' id='word_1_20' title='bbox 1227 634 1331 707; x_wconf 76' lang='lat' dir='ltr'>legatio</span> 
     </span>
    </p>
   </div>
   <div class='ocr_carea' id='block_1_4' title="bbox 198 706 1500 1656">
    <p class='ocr_par' dir='ltr' id='par_1_4' title="bbox 198 706 1500 1656">
     <span class='ocr_line' id='line_1_4' title="bbox 284 706 1454 809; baseline 0.001 -21"><span class='ocrx_word' id='word_1_21' title='bbox 284 733 343 788; x_wconf 91' lang='lat' dir='ltr'>Non</span> <span class='ocrx_word' id='word_1_22' title='bbox 365 733 446 807; x_wconf 89' lang='lat' dir='ltr'>longe</span> <span class='ocrx_word' id='word_1_23' title='bbox 467 741 530 806; x_wconf 90' lang='lat' dir='ltr'>post</span> <span class='ocrx_word' id='word_1_24' title='bbox 550 741 640 787; x_wconf 90' lang='lat' dir='ltr'>secuta</span> <span class='ocrx_word' id='word_1_25' title='bbox 662 741 702 786; x_wconf 86' lang='lat' dir='ltr'>est</span> <span class='ocrx_word' id='word_1_26' title='bbox 725 732 825 806; x_wconf 88' lang='lat' dir='ltr'>legatio</span> <span class='ocrx_word' id='word_1_27' title='bbox 848 731 880 786; x_wconf 85' lang='lat' dir='ltr'>ab</span> <span class='ocrx_word' id='word_1_28' title='bbox 903 731 1006 787; x_wconf 85' lang='lat' dir='ltr'>dndrea</span> <span class='ocrx_word' id='word_1_29' title='bbox 1029 732 1265 790; x_wconf 78' lang='lat' dir='ltr'>&#39;thessalonicensi</span> <span class='ocrx_word' id='word_1_30' title='bbox 1283 735 1385 809; x_wconf 87' lang='lat' dir='ltr'>episcopo</span> <span class='ocrx_word' id='word_1_31' title='bbox 1413 706 1454 772; x_wconf 58' lang='lat' dir='ltr'>&#39;i</span> 
     </span>
     <span class='ocr_line' id='line_1_5' title="bbox 201 816 1424 894; baseline 0.002 -22"><span class='ocrx_word' id='word_1_32' title='bbox 201 819 368 874; x_wconf 79' lang='lat' dir='ltr'>Anastasinm</span> <span class='ocrx_word' id='word_1_33' title='bbox 385 835 477 891; x_wconf 90' lang='lat' dir='ltr'>papam</span> <span class='ocrx_word' id='word_1_34' title='bbox 493 817 634 873; x_wconf 87' lang='lat' dir='ltr'>destinata.</span> <span class='ocrx_word' id='word_1_35' title='bbox 667 817 739 872; x_wconf 86' lang='lat' dir='ltr'>lianc</span> <span class='ocrx_word' id='word_1_36' title='bbox 754 833 861 890; x_wconf 89' lang='lat' dir='ltr'>sperare</span> <span class='ocrx_word' id='word_1_37' title='bbox 882 826 909 873; x_wconf 92' lang='lat' dir='ltr'>et</span> <span class='ocrx_word' id='word_1_38' title='bbox 930 826 1085 891; x_wconf 79' lang='lat' dir='ltr'>exspectare</span> <span class='ocrx_word' id='word_1_39' title='bbox 1101 835 1130 874; x_wconf 94' lang='lat' dir='ltr'>se</span> <span class='ocrx_word' id='word_1_40' title='bbox 1147 819 1301 875; x_wconf 75' lang='lat' dir='ltr'>Anastasius</span> <span class='ocrx_word' id='word_1_41' title='bbox 1315 816 1424 894; x_wconf 61' lang='lat' dir='ltr'>epistula</span> 
     </span>
     <span class='ocr_line' id='line_1_6' title="bbox 199 893 1472 976; baseline -0.003 -16"><span class='ocrx_word' id='word_1_42' title='bbox 199 921 226 959; x_wconf 91' lang='lat' dir='ltr'>n.</span> <span class='ocrx_word' id='word_1_43' title='bbox 244 904 262 960; x_wconf 90' lang='lat'>3</span> <span class='ocrx_word' id='word_1_44' title='bbox 278 901 420 976; x_wconf 83' lang='lat' dir='ltr'>significat.</span> <span class='ocrx_word' id='word_1_45' title='bbox 443 902 486 958; x_wconf 80' lang='lat' dir='ltr'>nisi</span> <span class='ocrx_word' id='word_1_46' title='bbox 503 912 529 957; x_wconf 87' lang='lat' dir='ltr'>et</span> <span class='ocrx_word' id='word_1_47' title='bbox 545 904 572 957; x_wconf 87' lang='lat' dir='ltr'>in</span> <span class='ocrx_word' id='word_1_48' title='bbox 588 902 721 975; x_wconf 75' lang='lat' dir='ltr'>illyricum</span> <span class='ocrx_word' id='word_1_49' title='bbox 737 904 873 975; x_wconf 80' lang='lat' dir='ltr'>quosdam</span> <span class='ocrx_word' id='word_1_50' title='bbox 895 904 930 958; x_wconf 84' lang='lat' dir='ltr'>de</span> <span class='ocrx_word' id='word_1_51' title='bbox 946 910 1085 960; x_wconf 82' lang='lat' dir='ltr'>conventu</span> <span class='ocrx_word' id='word_1_52' title='bbox 1105 920 1159 959; x_wconf 90' lang='lat' dir='ltr'>sua</span> <span class='ocrx_word' id='word_1_53' title='bbox 1174 906 1345 961; x_wconf 74' lang='lat' dir='ltr'>directurum</span> <span class='ocrx_word' id='word_1_54' title='bbox 1360 920 1383 959; x_wconf 85' lang='lat' dir='ltr'>ss</span> <span class='ocrx_word' id='word_1_55' title='bbox 1397 893 1472 956; x_wconf 58' lang='grc' dir='ltr'>ΓΦ</span> 
     </span>
     <span class='ocr_line' id='line_1_7' title="bbox 198 974 1484 1061; baseline 0 -18"><span class='ocrx_word' id='word_1_56' title='bbox 198 987 299 1050; x_wconf 86' lang='lat' dir='ltr'>scribit,</span> <span class='ocrx_word' id='word_1_57' title='bbox 324 1006 410 1060; x_wconf 85' lang='lat' dir='ltr'>quum</span> <span class='ocrx_word' id='word_1_58' title='bbox 425 990 541 1043; x_wconf 87' lang='lat' dir='ltr'>illarum</span> <span class='ocrx_word' id='word_1_59' title='bbox 560 992 686 1058; x_wconf 86' lang='lat' dir='ltr'>partium</span> <span class='ocrx_word' id='word_1_60' title='bbox 703 991 845 1043; x_wconf 86' lang='lat' dir='ltr'>correctio</span> <span class='ocrx_word' id='word_1_61' title='bbox 866 990 1008 1060; x_wconf 81' lang='lat' dir='ltr'>lepationc</span> <span class='ocrx_word' id='word_1_62' title='bbox 1024 990 1193 1058; x_wconf 87' lang='lat' dir='ltr'>plenissima</span> <span class='ocrx_word' id='word_1_63' title='bbox 1211 989 1303 1061; x_wconf 80' lang='lat' dir='ltr'>suerit</span> <span class='ocrx_word' id='word_1_64' title='bbox 1322 974 1484 1045; x_wconf 66' lang='lat' dir='ltr'>annali·</span> 
     </span>
     <span class='ocr_line' id='line_1_8' title="bbox 199 1062 1490 1147; baseline 0.001 -20"><span class='ocrx_word' id='word_1_65' title='bbox 199 1072 278 1146; x_wconf 84' lang='lat' dir='ltr'>Spem</span> <span class='ocrx_word' id='word_1_66' title='bbox 300 1082 389 1127; x_wconf 89' lang='lat' dir='ltr'>antem</span> <span class='ocrx_word' id='word_1_67' title='bbox 411 1071 468 1142; x_wconf 84' lang='lat' dir='ltr'>ejns</span> <span class='ocrx_word' id='word_1_68' title='bbox 492 1071 582 1127; x_wconf 86' lang='lat' dir='ltr'>inlsam</span> <span class='ocrx_word' id='word_1_69' title='bbox 606 1089 660 1127; x_wconf 77' lang='lat' dir='ltr'>sion</span> <span class='ocrx_word' id='word_1_70' title='bbox 682 1071 765 1126; x_wconf 89' lang='lat' dir='ltr'>luisse</span> <span class='ocrx_word' id='word_1_71' title='bbox 787 1071 865 1127; x_wconf 68' lang='lat' dir='ltr'>«locet</span> <span class='ocrx_word' id='word_1_72' title='bbox 887 1089 936 1126; x_wconf 90' lang='lat' dir='ltr'>nos</span> <span class='ocrx_word' id='word_1_73' title='bbox 952 1072 1100 1145; x_wconf 70' lang='lat' dir='ltr'>epistaten</span> <span class='ocrx_word' id='word_1_74' title='bbox 1123 1090 1150 1128; x_wconf 93' lang='lat' dir='ltr'>n.</span> <span class='ocrx_word' id='word_1_75' title='bbox 1165 1072 1199 1136; x_wconf 83' lang='lat' dir='ltr'>t,</span> <span class='ocrx_word' id='word_1_76' title='bbox 1226 1074 1252 1128; x_wconf 89' lang='lat' dir='ltr'>in</span> <span class='ocrx_word' id='word_1_77' title='bbox 1269 1072 1431 1147; x_wconf 65' lang='lat' dir='ltr'>quartana</span> <span class='ocrx_word' id='word_1_78' title='bbox 1452 1062 1490 1100; x_wconf 56' lang='grc' dir='ltr'>ἰ’</span> 
     </span>
     <span class='ocr_line' id='line_1_9' title="bbox 198 1147 1495 1231; baseline 0.001 -19"><span class='ocrx_word' id='word_1_79' title='bbox 198 1157 326 1213; x_wconf 89' lang='lat' dir='ltr'>diaconas</span> <span class='ocrx_word' id='word_1_80' title='bbox 349 1156 380 1212; x_wconf 84' lang='lat' dir='ltr'>ab</span> <span class='ocrx_word' id='word_1_81' title='bbox 397 1156 501 1212; x_wconf 87' lang='lat' dir='ltr'>dndrea</span> <span class='ocrx_word' id='word_1_82' title='bbox 517 1157 749 1211; x_wconf 81' lang='lat' dir='ltr'>&#39;liressalanicensi</span> <span class='ocrx_word' id='word_1_83' title='bbox 765 1155 874 1212; x_wconf 81' lang='lat' dir='ltr'>llonram</span> <span class='ocrx_word' id='word_1_84' title='bbox 897 1156 1002 1230; x_wconf 87' lang='lat' dir='ltr'>legatus</span> <span class='ocrx_word' id='word_1_85' title='bbox 1022 1157 1084 1212; x_wconf 92' lang='lat' dir='ltr'>inde</span> <span class='ocrx_word' id='word_1_86' title='bbox 1100 1159 1224 1231; x_wconf 82' lang='lat' dir='ltr'>proxime</span> <span class='ocrx_word' id='word_1_87' title='bbox 1239 1156 1347 1215; x_wconf 87' lang='lat' dir='ltr'>rediisse</span> <span class='ocrx_word' id='word_1_88' title='bbox 1359 1166 1455 1213; x_wconf 61' lang='lat' dir='ltr'>metr!</span> <span class='ocrx_word' id='word_1_89' title='bbox 1471 1147 1495 1186; x_wconf 37' lang='grc' dir='ltr'><em>θ</em></span> 
     </span>
     <span class='ocr_line' id='line_1_10' title="bbox 199 1234 1499 1315; baseline -0.001 -18"><span class='ocrx_word' id='word_1_90' title='bbox 199 1251 282 1297; x_wconf 89' lang='lat' dir='ltr'>ratur.</span> <span class='ocrx_word' id='word_1_91' title='bbox 314 1241 363 1310; x_wconf 81' lang='lat' dir='ltr'>Qui</span> <span class='ocrx_word' id='word_1_92' title='bbox 380 1243 442 1297; x_wconf 86' lang='lat' dir='ltr'>lnric</span> <span class='ocrx_word' id='word_1_93' title='bbox 457 1241 570 1296; x_wconf 87' lang='lat' dir='ltr'>diacone</span> <span class='ocrx_word' id='word_1_94' title='bbox 586 1240 703 1310; x_wconf 83' lang='lat' dir='ltr'>adjuncti</span> <span class='ocrx_word' id='word_1_95' title='bbox 725 1241 825 1296; x_wconf 89' lang='lat' dir='ltr'>inerint</span> <span class='ocrx_word' id='word_1_96' title='bbox 847 1239 967 1310; x_wconf 82' lang='lat' dir='ltr'>ejusdem</span> <span class='ocrx_word' id='word_1_97' title='bbox 983 1241 1127 1315; x_wconf 77' lang='lat' dir='ltr'>legationis</span> <span class='ocrx_word' id='word_1_98' title='bbox 1142 1245 1224 1306; x_wconf 83' lang='lat' dir='ltr'>socii,</span> <span class='ocrx_word' id='word_1_99' title='bbox 1248 1251 1356 1298; x_wconf 83' lang='lat' dir='ltr'>tacetur.</span> <span class='ocrx_word' id='word_1_100' title='bbox 1382 1242 1420 1296; x_wconf 85' lang='lat' dir='ltr'>Tu</span> <span class='ocrx_word' id='word_1_101' title='bbox 1448 1234 1499 1281; x_wconf 69' lang='lat'>¹⁶</span> 
     </span>
     <span class='ocr_line' id='line_1_11' title="bbox 199 1318 1500 1400; baseline -0.002 -18"><span class='ocrx_word' id='word_1_102' title='bbox 199 1344 262 1382; x_wconf 87' lang='lat' dir='ltr'>vero</span> <span class='ocrx_word' id='word_1_103' title='bbox 279 1328 447 1382; x_wconf 76' lang='lat' dir='ltr'>Anastasinm</span> <span class='ocrx_word' id='word_1_104' title='bbox 463 1327 498 1394; x_wconf 87' lang='lat' dir='ltr'>id,</span> <span class='ocrx_word' id='word_1_105' title='bbox 516 1325 589 1398; x_wconf 91' lang='lat' dir='ltr'>qnod</span> <span class='ocrx_word' id='word_1_106' title='bbox 606 1325 656 1380; x_wconf 85' lang='lat' dir='ltr'>sibi</span> <span class='ocrx_word' id='word_1_107' title='bbox 673 1325 820 1381; x_wconf 88' lang='lat' dir='ltr'>iaciendum</span> <span class='ocrx_word' id='word_1_108' title='bbox 837 1333 899 1398; x_wconf 91' lang='lat' dir='ltr'>post</span> <span class='ocrx_word' id='word_1_109' title='bbox 916 1325 995 1395; x_wconf 86' lang='lat' dir='ltr'>hnjns</span> <span class='ocrx_word' id='word_1_110' title='bbox 1011 1325 1155 1400; x_wconf 73' lang='lat' dir='ltr'>legationis</span> <span class='ocrx_word' id='word_1_111' title='bbox 1177 1327 1322 1384; x_wconf 75' lang='lat' dir='ltr'>artnentum</span> <span class='ocrx_word' id='word_1_112' title='bbox 1341 1318 1500 1383; x_wconf 58' lang='lat' dir='ltr'>demus*</span> 
     </span>
     <span class='ocr_line' id='line_1_12' title="bbox 198 1396 1498 1485; baseline 0 -18"><span class='ocrx_word' id='word_1_113' title='bbox 198 1422 247 1475; x_wconf 88' lang='lat' dir='ltr'>rat,</span> <span class='ocrx_word' id='word_1_114' title='bbox 265 1413 440 1485; x_wconf 75' lang='lat' dir='ltr'>praestitisse,</span> <span class='ocrx_word' id='word_1_115' title='bbox 458 1411 484 1466; x_wconf 84' lang='lat' dir='ltr'>lr.</span> <span class='ocrx_word' id='word_1_116' title='bbox 494 1429 517 1466; x_wconf 93' lang='lat' dir='ltr'>e.</span> <span class='ocrx_word' id='word_1_117' title='bbox 533 1412 604 1466; x_wconf 86' lang='lat' dir='ltr'>viros</span> <span class='ocrx_word' id='word_1_118' title='bbox 616 1411 642 1465; x_wconf 91' lang='lat' dir='ltr'>in</span> <span class='ocrx_word' id='word_1_119' title='bbox 656 1410 798 1483; x_wconf 86' lang='lat' dir='ltr'>illyricum,</span> <span class='ocrx_word' id='word_1_120' title='bbox 815 1412 860 1483; x_wconf 90' lang='lat' dir='ltr'>qni</span> <span class='ocrx_word' id='word_1_121' title='bbox 874 1419 964 1483; x_wconf 86' lang='lat' dir='ltr'>partes</span> <span class='ocrx_word' id='word_1_122' title='bbox 980 1410 1038 1465; x_wconf 86' lang='lat' dir='ltr'>illas</span> <span class='ocrx_word' id='word_1_123' title='bbox 1053 1412 1269 1474; x_wconf 84' lang='lat' dir='ltr'>reconciliarent.</span> <span class='ocrx_word' id='word_1_124' title='bbox 1284 1411 1319 1467; x_wconf 91' lang='lat' dir='ltr'>de</span> <span class='ocrx_word' id='word_1_125' title='bbox 1332 1428 1434 1468; x_wconf 71' lang='lat' dir='ltr'>consen</span> <span class='ocrx_word' id='word_1_126' title='bbox 1459 1396 1498 1447; x_wconf 71' lang='lat'>¹¹¹</span> 
     </span>
     <span class='ocr_line' id='line_1_13' title="bbox 198 1492 1494 1570; baseline -0.001 -18"><span class='ocrx_word' id='word_1_127' title='bbox 198 1514 248 1552; x_wconf 93' lang='lat' dir='ltr'>sno</span> <span class='ocrx_word' id='word_1_128' title='bbox 264 1495 394 1553; x_wconf 78' lang='lat' dir='ltr'>direxisse</span> <span class='ocrx_word' id='word_1_129' title='bbox 409 1495 572 1551; x_wconf 85' lang='lat' dir='ltr'>eredendum</span> <span class='ocrx_word' id='word_1_130' title='bbox 589 1503 638 1556; x_wconf 88' lang='lat' dir='ltr'>est,</span> <span class='ocrx_word' id='word_1_131' title='bbox 661 1496 711 1550; x_wconf 89' lang='lat' dir='ltr'>nisi</span> <span class='ocrx_word' id='word_1_132' title='bbox 734 1504 820 1550; x_wconf 87' lang='lat' dir='ltr'>morte</span> <span class='ocrx_word' id='word_1_133' title='bbox 836 1496 890 1550; x_wconf 88' lang='lat' dir='ltr'>cito</span> <span class='ocrx_word' id='word_1_134' title='bbox 906 1496 1102 1551; x_wconf 83' lang='lat' dir='ltr'>interveniente</span> <span class='ocrx_word' id='word_1_135' title='bbox 1117 1495 1273 1570; x_wconf 81' lang='lat' dir='ltr'>prohibitus</span> <span class='ocrx_word' id='word_1_136' title='bbox 1288 1496 1375 1553; x_wconf 86' lang='lat' dir='ltr'>inerit.</span> <span class='ocrx_word' id='word_1_137' title='bbox 1402 1492 1494 1551; x_wconf 64' lang='lat' dir='ltr'>poc</span> 
     </span>
     <span class='ocr_line' id='line_1_14' title="bbox 198 1579 1384 1656; baseline 0 -19"><span class='ocrx_word' id='word_1_138' title='bbox 198 1582 292 1638; x_wconf 89' lang='lat' dir='ltr'>saltem</span> <span class='ocrx_word' id='word_1_139' title='bbox 308 1581 340 1636; x_wconf 86' lang='lat' dir='ltr'>ab</span> <span class='ocrx_word' id='word_1_140' title='bbox 357 1579 496 1636; x_wconf 90' lang='lat' dir='ltr'>llormisda</span> <span class='ocrx_word' id='word_1_141' title='bbox 511 1580 650 1653; x_wconf 76' lang='lat' dir='ltr'>inspiciam</span> <span class='ocrx_word' id='word_1_142' title='bbox 668 1581 749 1634; x_wconf 88' lang='lat' dir='ltr'>visnri</span> <span class='ocrx_word' id='word_1_143' title='bbox 763 1597 865 1640; x_wconf 88' lang='lat' dir='ltr'>snmus,</span> <span class='ocrx_word' id='word_1_144' title='bbox 882 1579 955 1654; x_wconf 92' lang='lat' dir='ltr'>qnod</span> <span class='ocrx_word' id='word_1_145' title='bbox 971 1579 1003 1634; x_wconf 87' lang='lat' dir='ltr'>ab</span> <span class='ocrx_word' id='word_1_146' title='bbox 1018 1579 1065 1636; x_wconf 91' lang='lat' dir='ltr'>illo</span> <span class='ocrx_word' id='word_1_147' title='bbox 1082 1579 1169 1636; x_wconf 86' lang='lat' dir='ltr'>inerat</span> <span class='ocrx_word' id='word_1_148' title='bbox 1185 1583 1384 1656; x_wconf 86' lang='lat' dir='ltr'>praestitutum.</span> 
     </span>
    </p>
   </div>
   <div class='ocr_carea' id='block_1_5' title="bbox 803 1707 862 1772">
    <p class='ocr_par' dir='ltr' id='par_1_5' title="bbox 803 1707 862 1772">
     <span class='ocr_line' id='line_1_15' title="bbox 803 1707 862 1772; baseline 0 0"><span class='ocrx_word' id='word_1_149' title='bbox 803 1707 862 1772; x_wconf 90' lang='lat' dir='ltr'>III.</span> 
     </span>
    </p>
   </div>
   <div class='ocr_carea' id='block_1_6' title="bbox 198 1817 1461 1961">
    <p class='ocr_par' dir='ltr' id='par_1_6' title="bbox 198 1817 1461 1961">
     <span class='ocr_line' id='line_1_16' title="bbox 198 1817 1461 1894; baseline -0.001 -18"><span class='ocrx_word' id='word_1_150' title='bbox 198 1839 274 1876; x_wconf 90' lang='lat' dir='ltr'>anno</span> <span class='ocrx_word' id='word_1_151' title='bbox 290 1819 350 1876; x_wconf 81' lang='grc'>498</span> <span class='ocrx_word' id='word_1_152' title='bbox 367 1837 393 1875; x_wconf 88' lang='lat' dir='ltr'>c.</span> <span class='ocrx_word' id='word_1_153' title='bbox 408 1819 571 1874; x_wconf 58' lang='lat' dir='ltr'>nerssdun.</span> <span class='ocrx_word' id='word_1_154' title='bbox 603 1817 704 1874; x_wconf 78' lang='lat' dir='ltr'>dearsit</span> <span class='ocrx_word' id='word_1_155' title='bbox 717 1821 847 1889; x_wconf 78' lang='lat' dir='ltr'>episcopi</span> <span class='ocrx_word' id='word_1_156' title='bbox 860 1819 1038 1874; x_wconf 82' lang='lat' dir='ltr'>Arelatensis</span> <span class='ocrx_word' id='word_1_157' title='bbox 1052 1819 1288 1876; x_wconf 76' lang='lat' dir='ltr'>adduastasium</span> <span class='ocrx_word' id='word_1_158' title='bbox 1303 1821 1339 1876; x_wconf 82' lang='lat' dir='ltr'>dc</span> <span class='ocrx_word' id='word_1_159' title='bbox 1353 1822 1461 1894; x_wconf 80' lang='lat' dir='ltr'>quidus·</span> 
     </span>
     <span class='ocr_line' id='line_1_17' title="bbox 346 1905 987 1961; baseline -0.003 -1"><span class='ocrx_word' id='word_1_160' title='bbox 346 1907 411 1961; x_wconf 84' lang='lat' dir='ltr'>dant</span> <span class='ocrx_word' id='word_1_161' title='bbox 427 1905 647 1959; x_wconf 83' lang='lat' dir='ltr'>traducianismi</span> <span class='ocrx_word' id='word_1_162' title='bbox 661 1905 860 1959; x_wconf 77' lang='lat' dir='ltr'>adsertoribus</span> <span class='ocrx_word' id='word_1_163' title='bbox 876 1906 987 1959; x_wconf 88' lang='lat' dir='ltr'>relatio.</span> 
     </span>
    </p>
   </div>
   <div class='ocr_carea' id='block_1_7' title="bbox 196 2004 1470 2500">
    <p class='ocr_par' dir='ltr' id='par_1_7' title="bbox 196 2004 1470 2500">
     <span class='ocr_line' id='line_1_18' title="bbox 283 2004 1458 2080; baseline 0.003 -19"><span class='ocrx_word' id='word_1_164' title='bbox 283 2007 408 2062; x_wconf 83' lang='lat' dir='ltr'>Memorat</span> <span class='ocrx_word' id='word_1_165' title='bbox 425 2007 579 2060; x_wconf 73' lang='lat' dir='ltr'>Anastasius</span> <span class='ocrx_word' id='word_1_166' title='bbox 596 2007 673 2078; x_wconf 89' lang='lat' dir='ltr'>epist.</span> <span class='ocrx_word' id='word_1_167' title='bbox 688 2006 706 2061; x_wconf 87' lang='lat' dir='ltr'>n</span> <span class='ocrx_word' id='word_1_168' title='bbox 723 2023 749 2059; x_wconf 93' lang='lat' dir='ltr'>n.</span> <span class='ocrx_word' id='word_1_169' title='bbox 765 2004 791 2068; x_wconf 71' lang='grc' dir='ltr'>ἱ),</span> <span class='ocrx_word' id='word_1_170' title='bbox 814 2006 970 2078; x_wconf 88' lang='lat' dir='ltr'>episcopum</span> <span class='ocrx_word' id='word_1_171' title='bbox 987 2005 1178 2068; x_wconf 77' lang='lat' dir='ltr'>arelatensem.</span> <span class='ocrx_word' id='word_1_172' title='bbox 1204 2008 1253 2080; x_wconf 90' lang='lat' dir='ltr'>qni</span> <span class='ocrx_word' id='word_1_173' title='bbox 1268 2017 1336 2064; x_wconf 90' lang='lat' dir='ltr'>tnnc</span> <span class='ocrx_word' id='word_1_174' title='bbox 1353 2009 1458 2065; x_wconf 76' lang='lat' dir='ltr'>deantur</span> 
     </span>
     <span class='ocr_line' id='line_1_19' title="bbox 197 2090 1460 2167; baseline 0.001 -20"><span class='ocrx_word' id='word_1_175' title='bbox 197 2092 256 2154; x_wconf 86' lang='lat' dir='ltr'>init.</span> <span class='ocrx_word' id='word_1_176' title='bbox 273 2090 322 2146; x_wconf 83' lang='lat' dir='ltr'>sibi</span> <span class='ocrx_word' id='word_1_177' title='bbox 338 2091 500 2165; x_wconf 87' lang='lat' dir='ltr'>ingessisse,</span> <span class='ocrx_word' id='word_1_178' title='bbox 522 2092 664 2145; x_wconf 73' lang='lat' dir='ltr'>diaeresim</span> <span class='ocrx_word' id='word_1_179' title='bbox 686 2092 838 2162; x_wconf 85' lang='lat' dir='ltr'>quamdam</span> <span class='ocrx_word' id='word_1_180' title='bbox 859 2093 936 2145; x_wconf 85' lang='lat' dir='ltr'>intra</span> <span class='ocrx_word' id='word_1_181' title='bbox 954 2090 1066 2146; x_wconf 86' lang='lat' dir='ltr'>Gallias</span> <span class='ocrx_word' id='word_1_182' title='bbox 1080 2099 1230 2154; x_wconf 75' lang='lat' dir='ltr'>exortam,</span> <span class='ocrx_word' id='word_1_183' title='bbox 1255 2110 1335 2167; x_wconf 85' lang='lat' dir='ltr'>quae</span> <span class='ocrx_word' id='word_1_184' title='bbox 1352 2101 1460 2166; x_wconf 79' lang='lat' dir='ltr'>putaret</span> 
     </span>
     <span class='ocr_line' id='line_1_20' title="bbox 196 2176 1465 2248; baseline 0.002 -15"><span class='ocrx_word' id='word_1_185' title='bbox 196 2180 251 2233; x_wconf 83' lang='lat' dir='ltr'>lsoc</span> <span class='ocrx_word' id='word_1_186' title='bbox 267 2178 432 2232; x_wconf 82' lang='lat' dir='ltr'>rationabili</span> <span class='ocrx_word' id='word_1_187' title='bbox 446 2177 608 2231; x_wconf 81' lang='lat' dir='ltr'>adsertione</span> <span class='ocrx_word' id='word_1_188' title='bbox 623 2177 755 2243; x_wconf 71' lang='lat' dir='ltr'>scandere,</span> <span class='ocrx_word' id='word_1_189' title='bbox 772 2176 850 2247; x_wconf 83' lang='lat' dir='ltr'>quod</span> <span class='ocrx_word' id='word_1_190' title='bbox 862 2176 986 2232; x_wconf 83' lang='lat' dir='ltr'>damano</span> <span class='ocrx_word' id='word_1_191' title='bbox 997 2179 1098 2248; x_wconf 84' lang='lat' dir='ltr'>peneri</span> <span class='ocrx_word' id='word_1_192' title='bbox 1109 2182 1263 2246; x_wconf 82' lang='lat' dir='ltr'>parentes,</span> <span class='ocrx_word' id='word_1_193' title='bbox 1283 2185 1316 2234; x_wconf 88' lang='lat' dir='ltr'>ut</span> <span class='ocrx_word' id='word_1_194' title='bbox 1331 2195 1374 2236; x_wconf 70' lang='lat' dir='ltr'>ese</span> <span class='ocrx_word' id='word_1_195' title='bbox 1388 2187 1465 2236; x_wconf 79' lang='lat' dir='ltr'>matr·</span> 
     </span>
     <span class='ocr_line' id='line_1_21' title="bbox 197 2261 1468 2340; baseline 0.004 -23"><span class='ocrx_word' id='word_1_196' title='bbox 197 2265 266 2318; x_wconf 88' lang='lat' dir='ltr'>riali</span> <span class='ocrx_word' id='word_1_197' title='bbox 276 2261 364 2333; x_wconf 79' lang='lat' dir='ltr'>faece</span> <span class='ocrx_word' id='word_1_198' title='bbox 380 2278 520 2332; x_wconf 83' lang='lat' dir='ltr'>corpora,</span> <span class='ocrx_word' id='word_1_199' title='bbox 542 2264 581 2315; x_wconf 86' lang='lat' dir='ltr'>ita</span> <span class='ocrx_word' id='word_1_200' title='bbox 599 2265 682 2315; x_wconf 87' lang='lat' dir='ltr'>etiam</span> <span class='ocrx_word' id='word_1_201' title='bbox 706 2263 799 2318; x_wconf 73' lang='lat' dir='ltr'>r’italr&#39;s</span> <span class='ocrx_word' id='word_1_202' title='bbox 814 2264 928 2315; x_wconf 86' lang='lat' dir='ltr'>animae</span> <span class='ocrx_word' id='word_1_203' title='bbox 950 2264 1080 2332; x_wconf 86' lang='lat' dir='ltr'>spiritum</span> <span class='ocrx_word' id='word_1_204' title='bbox 1103 2262 1244 2318; x_wconf 62' lang='lat' dir='ltr'>imbuant.</span> <span class='ocrx_word' id='word_1_205' title='bbox 1276 2262 1327 2319; x_wconf 84' lang='lat' dir='ltr'>Cui</span> <span class='ocrx_word' id='word_1_206' title='bbox 1348 2264 1468 2340; x_wconf 78' lang='lat' dir='ltr'>longiore</span> 
     </span>
     <span class='ocr_line' id='line_1_22' title="bbox 197 2344 1470 2419; baseline 0.004 -17"><span class='ocrx_word' id='word_1_207' title='bbox 197 2347 358 2402; x_wconf 79' lang='lat' dir='ltr'>refutatione</span> <span class='ocrx_word' id='word_1_208' title='bbox 375 2344 496 2419; x_wconf 80' lang='lat' dir='ltr'>pontiles</span> <span class='ocrx_word' id='word_1_209' title='bbox 512 2344 653 2419; x_wconf 91' lang='lat' dir='ltr'>respondit</span> <span class='ocrx_word' id='word_1_210' title='bbox 669 2344 690 2399; x_wconf 76' lang='grc' dir='ltr'>Χ</span> <span class='ocrx_word' id='word_1_211' title='bbox 706 2344 762 2400; x_wconf 84' lang='lat' dir='ltr'>lial.</span> <span class='ocrx_word' id='word_1_212' title='bbox 780 2346 854 2418; x_wconf 85' lang='lat' dir='ltr'>Sept.</span> <span class='ocrx_word' id='word_1_213' title='bbox 872 2362 895 2399; x_wconf 89' lang='lat' dir='ltr'>a.</span> <span class='ocrx_word' id='word_1_214' title='bbox 912 2345 983 2401; x_wconf 84' lang='grc'>498.</span> <span class='ocrx_word' id='word_1_215' title='bbox 1015 2344 1101 2412; x_wconf 78' lang='lat' dir='ltr'>Quare</span> <span class='ocrx_word' id='word_1_216' title='bbox 1122 2345 1168 2401; x_wconf 86' lang='lat' dir='ltr'>illa</span> <span class='ocrx_word' id='word_1_217' title='bbox 1188 2346 1293 2404; x_wconf 89' lang='lat' dir='ltr'>relatio</span> <span class='ocrx_word' id='word_1_218' title='bbox 1314 2357 1382 2406; x_wconf 83' lang='lat' dir='ltr'>ante</span> <span class='ocrx_word' id='word_1_219' title='bbox 1404 2367 1470 2407; x_wconf 82' lang='lat' dir='ltr'>men·</span> 
     </span>
     <span class='ocr_line' id='line_1_23' title="bbox 196 2429 881 2500; baseline -0.003 -13"><span class='ocrx_word' id='word_1_220' title='bbox 196 2448 252 2487; x_wconf 89' lang='lat' dir='ltr'>sem</span> <span class='ocrx_word' id='word_1_221' title='bbox 267 2431 366 2486; x_wconf 83' lang='lat' dir='ltr'>inlinm</span> <span class='ocrx_word' id='word_1_222' title='bbox 383 2429 503 2500; x_wconf 87' lang='lat' dir='ltr'>ejusdem</span> <span class='ocrx_word' id='word_1_223' title='bbox 518 2433 580 2486; x_wconf 87' lang='lat' dir='ltr'>anni</span> <span class='ocrx_word' id='word_1_224' title='bbox 595 2431 674 2485; x_wconf 86' lang='lat' dir='ltr'>missa</span> <span class='ocrx_word' id='word_1_225' title='bbox 691 2447 750 2485; x_wconf 87' lang='lat' dir='ltr'>esse</span> <span class='ocrx_word' id='word_1_226' title='bbox 767 2430 881 2486; x_wconf 75' lang='lat' dir='ltr'>vitietur.</span> 
     </span>
    </p>
   </div>
   <div class='ocr_carea' id='block_1_8' title="bbox 799 2558 856 2623">
    <p class='ocr_par' dir='ltr' id='par_1_8' title="bbox 799 2558 856 2623">
     <span class='ocr_line' id='line_1_24' title="bbox 799 2558 856 2623; baseline 0.018 -1"><span class='ocrx_word' id='word_1_227' title='bbox 799 2558 856 2623; x_wconf 75' lang='lat' dir='ltr'>tu.</span> 
     </span>
    </p>
   </div>
   <div class='ocr_carea' id='block_1_9' title="bbox 196 2667 1100 2742">
    <p class='ocr_par' dir='ltr' id='par_1_9' title="bbox 196 2667 1100 2742">
     <span class='ocr_line' id='line_1_25' title="bbox 196 2667 1100 2742; baseline 0 -17"><span class='ocrx_word' id='word_1_228' title='bbox 196 2670 282 2742; x_wconf 88' lang='lat' dir='ltr'>(anna</span> <span class='ocrx_word' id='word_1_229' title='bbox 298 2667 382 2740; x_wconf 76' lang='lat' dir='ltr'>est.)</span> <span class='ocrx_word' id='word_1_230' title='bbox 411 2671 560 2725; x_wconf 82' lang='lat' dir='ltr'>Anastasii</span> <span class='ocrx_word' id='word_1_231' title='bbox 570 2687 628 2741; x_wconf 86' lang='lat' dir='ltr'>pro</span> <span class='ocrx_word' id='word_1_232' title='bbox 644 2672 723 2725; x_wconf 80' lang='lat' dir='ltr'>Anile</span> <span class='ocrx_word' id='word_1_233' title='bbox 748 2669 900 2725; x_wconf 79' lang='lat' dir='ltr'>Viennensi</span> <span class='ocrx_word' id='word_1_234' title='bbox 908 2671 1100 2742; x_wconf 77' lang='lat' dir='ltr'>priuilegium.</span> 
     </span>
    </p>
   </div>
   <div class='ocr_carea' id='block_1_10' title="bbox 194 2770 1479 3100">
    <p class='ocr_par' dir='ltr' id='par_1_10' title="bbox 194 2770 1479 3100">
     <span class='ocr_line' id='line_1_26' title="bbox 279 2770 1477 2844; baseline 0.006 -18"><span class='ocrx_word' id='word_1_235' title='bbox 279 2772 410 2827; x_wconf 74' lang='lat' dir='ltr'>Anastasii</span> <span class='ocrx_word' id='word_1_236' title='bbox 425 2788 508 2844; x_wconf 84' lang='lat' dir='ltr'>papae</span> <span class='ocrx_word' id='word_1_237' title='bbox 523 2773 653 2844; x_wconf 89' lang='lat' dir='ltr'>scriptum</span> <span class='ocrx_word' id='word_1_238' title='bbox 668 2779 797 2826; x_wconf 86' lang='lat' dir='ltr'>memorat</span> <span class='ocrx_word' id='word_1_239' title='bbox 819 2770 876 2840; x_wconf 85' lang='lat' dir='ltr'>ejus</span> <span class='ocrx_word' id='word_1_240' title='bbox 898 2788 1040 2826; x_wconf 85' lang='lat' dir='ltr'>successor</span> <span class='ocrx_word' id='word_1_241' title='bbox 1055 2770 1234 2844; x_wconf 81' lang='lat' dir='ltr'>Symmachus</span> <span class='ocrx_word' id='word_1_242' title='bbox 1252 2771 1288 2828; x_wconf 80' lang='lat' dir='ltr'>ab</span> <span class='ocrx_word' id='word_1_243' title='bbox 1304 2777 1391 2832; x_wconf 74' lang='lat' dir='ltr'>Avito</span> <span class='ocrx_word' id='word_1_244' title='bbox 1402 2776 1477 2833; x_wconf 85' lang='lat' dir='ltr'>Vien-</span> 
     </span>
     <span class='ocr_line' id='line_1_27' title="bbox 195 2854 1477 2931; baseline 0.005 -18"><span class='ocrx_word' id='word_1_245' title='bbox 195 2860 271 2913; x_wconf 93' lang='lat' dir='ltr'>nensi</span> <span class='ocrx_word' id='word_1_246' title='bbox 287 2858 414 2931; x_wconf 89' lang='lat' dir='ltr'>episcopo</span> <span class='ocrx_word' id='word_1_247' title='bbox 429 2856 596 2930; x_wconf 87' lang='lat' dir='ltr'>subreptum.</span> <span class='ocrx_word' id='word_1_248' title='bbox 621 2873 675 2929; x_wconf 91' lang='lat' dir='ltr'>qno</span> <span class='ocrx_word' id='word_1_249' title='bbox 690 2854 736 2911; x_wconf 90' lang='lat' dir='ltr'>ille</span> <span class='ocrx_word' id='word_1_250' title='bbox 751 2872 818 2929; x_wconf 87' lang='lat' dir='ltr'>papa</span> <span class='ocrx_word' id='word_1_251' title='bbox 834 2865 927 2911; x_wconf 90' lang='lat' dir='ltr'>contra</span> <span class='ocrx_word' id='word_1_252' title='bbox 943 2855 1116 2911; x_wconf 89' lang='lat' dir='ltr'>decessorum</span> <span class='ocrx_word' id='word_1_253' title='bbox 1137 2873 1256 2913; x_wconf 88' lang='lat' dir='ltr'>suornm</span> <span class='ocrx_word' id='word_1_254' title='bbox 1274 2859 1477 2918; x_wconf 79' lang='lat' dir='ltr'>ordinationem</span> 
     </span>
     <span class='ocr_line' id='line_1_28' title="bbox 195 2940 1478 3017; baseline 0.004 -19"><span class='ocrx_word' id='word_1_255' title='bbox 195 2942 323 3017; x_wconf 86' lang='lat' dir='ltr'>quaedam</span> <span class='ocrx_word' id='word_1_256' title='bbox 339 2943 505 2997; x_wconf 89' lang='lat' dir='ltr'>concessisse</span> <span class='ocrx_word' id='word_1_257' title='bbox 520 2940 627 3002; x_wconf 88' lang='lat' dir='ltr'>dicitnr,</span> <span class='ocrx_word' id='word_1_258' title='bbox 644 2957 711 3014; x_wconf 90' lang='lat' dir='ltr'>qnae</span> <span class='ocrx_word' id='word_1_259' title='bbox 727 2958 822 2996; x_wconf 88' lang='lat' dir='ltr'>novam</span> <span class='ocrx_word' id='word_1_260' title='bbox 838 2942 864 2995; x_wconf 94' lang='lat' dir='ltr'>in</span> <span class='ocrx_word' id='word_1_261' title='bbox 881 2942 1030 3014; x_wconf 82' lang='lat' dir='ltr'>provincias</span> <span class='ocrx_word' id='word_1_262' title='bbox 1044 2957 1134 2996; x_wconf 88' lang='lat' dir='ltr'>reram</span> <span class='ocrx_word' id='word_1_263' title='bbox 1146 2942 1351 3002; x_wconf 77' lang='lat' dir='ltr'>confusionem</span> <span class='ocrx_word' id='word_1_264' title='bbox 1368 2947 1478 3003; x_wconf 80' lang='lat' dir='ltr'>induxe-</span> 
     </span>
     <span class='ocr_line' id='line_1_29' title="bbox 194 3024 1479 3100; baseline 0.004 -17"><span class='ocrx_word' id='word_1_265' title='bbox 194 3037 266 3083; x_wconf 91' lang='lat' dir='ltr'>runt.</span> <span class='ocrx_word' id='word_1_266' title='bbox 299 3027 366 3082; x_wconf 91' lang='lat' dir='ltr'>llnic</span> <span class='ocrx_word' id='word_1_267' title='bbox 386 3028 487 3100; x_wconf 89' lang='lat' dir='ltr'>scripto</span> <span class='ocrx_word' id='word_1_268' title='bbox 509 3027 663 3081; x_wconf 86' lang='lat' dir='ltr'>intercessit</span> <span class='ocrx_word' id='word_1_269' title='bbox 678 3026 843 3081; x_wconf 74' lang='lat' dir='ltr'>Arelatensis</span> <span class='ocrx_word' id='word_1_270' title='bbox 864 3027 986 3081; x_wconf 87' lang='lat' dir='ltr'>antistes.</span> <span class='ocrx_word' id='word_1_271' title='bbox 1024 3025 1076 3081; x_wconf 86' lang='lat' dir='ltr'>Sed</span> <span class='ocrx_word' id='word_1_272' title='bbox 1097 3024 1173 3082; x_wconf 83' lang='lat' dir='ltr'>brevi</span> <span class='ocrx_word' id='word_1_273' title='bbox 1194 3028 1396 3088; x_wconf 83' lang='lat' dir='ltr'>interveniens</span> <span class='ocrx_word' id='word_1_274' title='bbox 1413 3036 1479 3087; x_wconf 77' lang='lat' dir='ltr'>dna·</span> 
     </span>
    </p>
   </div>
   <div class='ocr_carea' id='block_1_11' title="bbox 107 3110 1477 3188">
    <p class='ocr_par' dir='ltr' id='par_1_11' title="bbox 107 3110 1477 3188">
     <span class='ocr_line' id='line_1_30' title="bbox 107 3110 1477 3188; baseline 0.004 -20"><span class='ocrx_word' id='word_1_275' title='bbox 107 3132 110 3137; x_wconf 86' lang='lat'><strong>·</strong></span> <span class='ocrx_word' id='word_1_276' title='bbox 193 3115 268 3169; x_wconf 86' lang='lat' dir='ltr'>stasii</span> <span class='ocrx_word' id='word_1_277' title='bbox 284 3129 356 3168; x_wconf 87' lang='lat' dir='ltr'>mors</span> <span class='ocrx_word' id='word_1_278' title='bbox 372 3129 432 3167; x_wconf 83' lang='lat' dir='ltr'>etrm</span> <span class='ocrx_word' id='word_1_279' title='bbox 448 3111 517 3185; x_wconf 89' lang='lat' dir='ltr'>apud</span> <span class='ocrx_word' id='word_1_280' title='bbox 533 3127 718 3167; x_wconf 87' lang='lat' dir='ltr'>successorem</span> <span class='ocrx_word' id='word_1_281' title='bbox 739 3111 811 3167; x_wconf 89' lang='lat' dir='ltr'>illins</span> <span class='ocrx_word' id='word_1_282' title='bbox 827 3110 1014 3184; x_wconf 78' lang='lat' dir='ltr'>Symmachum</span> <span class='ocrx_word' id='word_1_283' title='bbox 1034 3127 1139 3167; x_wconf 84' lang='lat' dir='ltr'>cansam</span> <span class='ocrx_word' id='word_1_284' title='bbox 1161 3128 1242 3169; x_wconf 86' lang='lat' dir='ltr'>snam</span> <span class='ocrx_word' id='word_1_285' title='bbox 1265 3113 1365 3172; x_wconf 87' lang='lat' dir='ltr'>dicere</span> <span class='ocrx_word' id='word_1_286' title='bbox 1387 3134 1419 3174; x_wconf 84' lang='lat' dir='ltr'>ac</span> <span class='ocrx_word' id='word_1_287' title='bbox 1435 3117 1477 3188; x_wconf 81' lang='lat' dir='ltr'>jus</span> 
     </span>
    </p>
   </div>
   <div class='ocr_carea' id='block_1_12' title="bbox 193 3194 1009 3271">
    <p class='ocr_par' dir='ltr' id='par_1_12' title="bbox 193 3194 1009 3271">
     <span class='ocr_line' id='line_1_31' title="bbox 193 3194 1009 3271; baseline -0.004 -18"><span class='ocrx_word' id='word_1_288' title='bbox 193 3215 272 3253; x_wconf 88' lang='lat' dir='ltr'>suurn</span> <span class='ocrx_word' id='word_1_289' title='bbox 289 3199 359 3253; x_wconf 93' lang='lat' dir='ltr'>tneri</span> <span class='ocrx_word' id='word_1_290' title='bbox 374 3198 464 3271; x_wconf 79' lang='lat' dir='ltr'>coegit</span> <span class='ocrx_word' id='word_1_291' title='bbox 485 3195 568 3268; x_wconf 88' lang='lat' dir='ltr'>(conl.</span> <span class='ocrx_word' id='word_1_292' title='bbox 586 3196 736 3270; x_wconf 70' lang='lat' dir='ltr'>Symmachi</span> <span class='ocrx_word' id='word_1_293' title='bbox 751 3197 830 3269; x_wconf 91' lang='lat' dir='ltr'>epist.</span> <span class='ocrx_word' id='word_1_294' title='bbox 848 3196 875 3258; x_wconf 78' lang='lat'>2,</span> <span class='ocrx_word' id='word_1_295' title='bbox 893 3196 911 3252; x_wconf 91' lang='grc'><strong>3</strong></span> <span class='ocrx_word' id='word_1_296' title='bbox 927 3204 954 3251; x_wconf 89' lang='lat' dir='ltr'>et</span> <span class='ocrx_word' id='word_1_297' title='bbox 970 3194 1009 3268; x_wconf 80' lang='lat' dir='ltr'>t).</span> 
     </span>
    </p>
   </div>
   <div class='ocr_carea' id='block_1_13' title="bbox 811 3323 851 3387">
    <p class='ocr_par' dir='ltr' id='par_1_13' title="bbox 811 3323 851 3387">
     <span class='ocr_line' id='line_1_32' title="bbox 811 3323 851 3387; baseline 0.025 -1"><span class='ocrx_word' id='word_1_298' title='bbox 811 3323 851 3387; x_wconf 92' lang='lat' dir='ltr'>V.</span> 
     </span>
    </p>
   </div>
   <div class='ocr_carea' id='block_1_14' title="bbox 194 3431 1478 3594">
    <p class='ocr_par' dir='ltr' id='par_1_14' title="bbox 194 3431 1478 3594">
     <span class='ocr_line' id='line_1_33' title="bbox 194 3431 1478 3510; baseline 0.002 -17"><span class='ocrx_word' id='word_1_299' title='bbox 194 3436 281 3510; x_wconf 90' lang='lat' dir='ltr'>(anno</span> <span class='ocrx_word' id='word_1_300' title='bbox 297 3431 379 3510; x_wconf 77' lang='lat' dir='ltr'>tet.)</span> <span class='ocrx_word' id='word_1_301' title='bbox 423 3436 587 3491; x_wconf 75' lang='lat' dir='ltr'>Macedonis·</span> <span class='ocrx_word' id='word_1_302' title='bbox 607 3437 735 3506; x_wconf 86' lang='lat' dir='ltr'>episcopi</span> <span class='ocrx_word' id='word_1_303' title='bbox 755 3435 1063 3505; x_wconf 87' lang='lat' dir='ltr'>Constantinopolitani</span> <span class='ocrx_word' id='word_1_304' title='bbox 1081 3435 1120 3490; x_wconf 85' lang='lat' dir='ltr'>ad</span> <span class='ocrx_word' id='word_1_305' title='bbox 1140 3436 1343 3496; x_wconf 80' lang='lat' dir='ltr'>Anastasinns</span> <span class='ocrx_word' id='word_1_306' title='bbox 1364 3444 1478 3498; x_wconf 84' lang='lat' dir='ltr'>litterar</span> 
     </span>
     <span class='ocr_line' id='line_1_34' title="bbox 346 3523 918 3594; baseline -0.005 -17"><span class='ocrx_word' id='word_1_307' title='bbox 346 3523 501 3594; x_wconf 77' lang='lat' dir='ltr'>synodicae</span> <span class='ocrx_word' id='word_1_308' title='bbox 517 3523 652 3577; x_wconf 86' lang='lat' dir='ltr'>decretae</span> <span class='ocrx_word' id='word_1_309' title='bbox 668 3523 719 3576; x_wconf 84' lang='lat' dir='ltr'>sed</span> <span class='ocrx_word' id='word_1_310' title='bbox 733 3538 789 3576; x_wconf 91' lang='lat' dir='ltr'>non</span> <span class='ocrx_word' id='word_1_311' title='bbox 806 3524 918 3576; x_wconf 88' lang='lat' dir='ltr'>missae.</span> 
     </span>
    </p>
   </div>
   <div class='ocr_carea' id='block_1_15' title="bbox 192 3620 1478 4035">
    <p class='ocr_par' dir='ltr' id='par_1_15' title="bbox 192 3620 1478 4035">
     <span class='ocr_line' id='line_1_35' title="bbox 278 3620 1477 3702; baseline 0.005 -23"><span class='ocrx_word' id='word_1_312' title='bbox 278 3623 428 3679; x_wconf 80' lang='lat' dir='ltr'>tacentum</span> <span class='ocrx_word' id='word_1_313' title='bbox 446 3623 489 3678; x_wconf 89' lang='lat' dir='ltr'>hic</span> <span class='ocrx_word' id='word_1_314' title='bbox 504 3639 558 3678; x_wconf 79' lang='lat' dir='ltr'>nort</span> <span class='ocrx_word' id='word_1_315' title='bbox 574 3623 687 3682; x_wconf 80' lang='lat' dir='ltr'>ridetur.</span> <span class='ocrx_word' id='word_1_316' title='bbox 710 3622 782 3695; x_wconf 89' lang='lat' dir='ltr'>qnod</span> <span class='ocrx_word' id='word_1_317' title='bbox 798 3620 957 3677; x_wconf 80' lang='lat' dir='ltr'>&#39;lirendorns</span> <span class='ocrx_word' id='word_1_318' title='bbox 980 3621 1137 3677; x_wconf 79' lang='lat' dir='ltr'>lectorii!</span> <span class='ocrx_word' id='word_1_319' title='bbox 1159 3621 1216 3693; x_wconf 91' lang='lat' dir='ltr'>(ed.</span> <span class='ocrx_word' id='word_1_320' title='bbox 1236 3625 1333 3682; x_wconf 84' lang='lat' dir='ltr'>Vates.</span> <span class='ocrx_word' id='word_1_321' title='bbox 1353 3646 1381 3702; x_wconf 90' lang='lat' dir='ltr'>p.</span> <span class='ocrx_word' id='word_1_322' title='bbox 1400 3630 1477 3697; x_wconf 55' lang='lat'>560),</span> 
     </span>
     <span class='ocr_line' id='line_1_36' title="bbox 193 3705 1478 3784; baseline 0.004 -18"><span class='ocrx_word' id='word_1_323' title='bbox 193 3710 370 3783; x_wconf 81' lang='lat' dir='ltr'>Tireophanes</span> <span class='ocrx_word' id='word_1_324' title='bbox 391 3707 444 3780; x_wconf 87' lang='lat' dir='ltr'>(ed.</span> <span class='ocrx_word' id='word_1_325' title='bbox 462 3708 546 3763; x_wconf 83' lang='lat' dir='ltr'>donn.</span> <span class='ocrx_word' id='word_1_326' title='bbox 564 3724 625 3781; x_wconf 84' lang='lat' dir='ltr'>pag.</span> <span class='ocrx_word' id='word_1_327' title='bbox 641 3706 721 3778; x_wconf 74' lang='lat'>220),</span> <span class='ocrx_word' id='word_1_328' title='bbox 744 3707 909 3779; x_wconf 66' lang='lat' dir='ltr'>Nil-ephorus</span> <span class='ocrx_word' id='word_1_329' title='bbox 926 3705 1030 3761; x_wconf 83' lang='lat' dir='ltr'>liallisti</span> <span class='ocrx_word' id='word_1_330' title='bbox 1044 3706 1107 3769; x_wconf 75' lang='lat' dir='ltr'>XVI,</span> <span class='ocrx_word' id='word_1_331' title='bbox 1120 3706 1161 3763; x_wconf 82' lang='lat'>35</span> <span class='ocrx_word' id='word_1_332' title='bbox 1183 3708 1293 3784; x_wconf 85' lang='lat' dir='ltr'>aliique</span> <span class='ocrx_word' id='word_1_333' title='bbox 1317 3725 1478 3773; x_wconf 76' lang='lat' dir='ltr'>memorant.</span> 
     </span>
     <span class='ocr_line' id='line_1_37' title="bbox 193 3790 1478 3869; baseline 0.004 -18"><span class='ocrx_word' id='word_1_334' title='bbox 193 3812 289 3869; x_wconf 88' lang='lat' dir='ltr'>nempe</span> <span class='ocrx_word' id='word_1_335' title='bbox 304 3792 487 3848; x_wconf 86' lang='lat' dir='ltr'>Macedonium</span> <span class='ocrx_word' id='word_1_336' title='bbox 504 3794 593 3866; x_wconf 83' lang='lat' dir='ltr'>regiae</span> <span class='ocrx_word' id='word_1_337' title='bbox 610 3792 681 3846; x_wconf 76' lang='lat' dir='ltr'>nrlris</span> <span class='ocrx_word' id='word_1_338' title='bbox 697 3794 853 3865; x_wconf 89' lang='lat' dir='ltr'>episcopum</span> <span class='ocrx_word' id='word_1_339' title='bbox 874 3791 905 3845; x_wconf 90' lang='lat' dir='ltr'>ad</span> <span class='ocrx_word' id='word_1_340' title='bbox 923 3792 1090 3847; x_wconf 83' lang='lat' dir='ltr'>drrastasinm</span> <span class='ocrx_word' id='word_1_341' title='bbox 1106 3790 1250 3850; x_wconf 81' lang='lat' dir='ltr'>Romanae</span> <span class='ocrx_word' id='word_1_342' title='bbox 1272 3798 1399 3855; x_wconf 78' lang='lat' dir='ltr'>civitatis</span> <span class='ocrx_word' id='word_1_343' title='bbox 1414 3802 1478 3855; x_wconf 67' lang='lat' dir='ltr'>anti</span> 
     </span>
     <span class='ocr_line' id='line_1_38' title="bbox 192 3876 1478 3954; baseline 0.001 -19"><span class='ocrx_word' id='word_1_344' title='bbox 192 3882 283 3935; x_wconf 82' lang='lat' dir='ltr'>etitem</span> <span class='ocrx_word' id='word_1_345' title='bbox 299 3877 440 3953; x_wconf 78' lang='lat' dir='ltr'>synodicas</span> <span class='ocrx_word' id='word_1_346' title='bbox 461 3877 564 3933; x_wconf 89' lang='lat' dir='ltr'>litteras</span> <span class='ocrx_word' id='word_1_347' title='bbox 587 3894 636 3950; x_wconf 88' lang='lat' dir='ltr'>per</span> <span class='ocrx_word' id='word_1_348' title='bbox 652 3876 760 3931; x_wconf 83' lang='lat' dir='ltr'>Festum</span> <span class='ocrx_word' id='word_1_349' title='bbox 777 3877 916 3950; x_wconf 90' lang='lat' dir='ltr'>patricium</span> <span class='ocrx_word' id='word_1_350' title='bbox 933 3876 1093 3931; x_wconf 81' lang='lat' dir='ltr'>&#39;iheodorici</span> <span class='ocrx_word' id='word_1_351' title='bbox 1113 3879 1189 3951; x_wconf 88' lang='lat' dir='ltr'>regis</span> <span class='ocrx_word' id='word_1_352' title='bbox 1212 3878 1348 3954; x_wconf 85' lang='lat' dir='ltr'>legatum</span> <span class='ocrx_word' id='word_1_353' title='bbox 1373 3886 1478 3940; x_wconf 83' lang='lat' dir='ltr'>mittere</span> 
     </span>
     <span class='ocr_line' id='line_1_39' title="bbox 192 3960 1137 4035; baseline -0.005 -14"><span class='ocrx_word' id='word_1_354' title='bbox 192 3965 352 4027; x_wconf 87' lang='lat' dir='ltr'>decrevisse,</span> <span class='ocrx_word' id='word_1_355' title='bbox 369 3962 416 4018; x_wconf 90' lang='lat' dir='ltr'>sed</span> <span class='ocrx_word' id='word_1_356' title='bbox 433 3980 466 4018; x_wconf 89' lang='lat' dir='ltr'>ne</span> <span class='ocrx_word' id='word_1_357' title='bbox 481 3961 506 4018; x_wconf 93' lang='lat' dir='ltr'>id</span> <span class='ocrx_word' id='word_1_358' title='bbox 523 3962 623 4017; x_wconf 89' lang='lat' dir='ltr'>laceret</span> <span class='ocrx_word' id='word_1_359' title='bbox 639 3960 670 4016; x_wconf 85' lang='lat' dir='ltr'>ab</span> <span class='ocrx_word' id='word_1_360' title='bbox 686 3963 847 4035; x_wconf 87' lang='lat' dir='ltr'>imperatore</span> <span class='ocrx_word' id='word_1_361' title='bbox 864 3960 947 4016; x_wconf 88' lang='lat' dir='ltr'>inisse</span> <span class='ocrx_word' id='word_1_362' title='bbox 963 3960 1137 4034; x_wconf 87' lang='lat' dir='ltr'>prohibitum.</span> 
     </span>
    </p>
   </div>
   <div class='ocr_carea' id='block_1_16' title="bbox 478 4089 1172 4274">
    <p class='ocr_par' dir='ltr' id='par_1_16' title="bbox 478 4089 1172 4274">
     <span class='ocr_line' id='line_1_40' title="bbox 478 4089 1172 4274; baseline -0.001 -15"><span class='ocrx_word' id='word_1_363' title='bbox 478 4193 632 4259; x_wconf 84' lang='lat' dir='ltr'>Decreta</span> <span class='ocrx_word' id='word_1_364' title='bbox 655 4089 850 4258; x_wconf 46' lang='lat' dir='ltr'>hastas}</span> <span class='ocrx_word' id='word_1_365' title='bbox 865 4191 956 4257; x_wconf 83' lang='lat' dir='ltr'>falso</span> <span class='ocrx_word' id='word_1_366' title='bbox 978 4190 1172 4274; x_wconf 83' lang='lat' dir='ltr'>adscripta.</span> 
     </span>
    </p>
   </div>
   <div class='ocr_carea' id='block_1_17' title="bbox 192 4402 1477 4994">
    <p class='ocr_par' dir='ltr' id='par_1_17' title="bbox 192 4402 1475 4720">
     <span class='ocr_line' id='line_1_41' title="bbox 192 4402 1475 4482; baseline 0 -18"><span class='ocrx_word' id='word_1_367' title='bbox 192 4409 326 4482; x_wconf 88' lang='lat' dir='ltr'>priorilms</span> <span class='ocrx_word' id='word_1_368' title='bbox 343 4407 518 4463; x_wconf 89' lang='lat' dir='ltr'>conciliorum</span> <span class='ocrx_word' id='word_1_369' title='bbox 535 4404 696 4461; x_wconf 79' lang='lat' dir='ltr'>editionibus</span> <span class='ocrx_word' id='word_1_370' title='bbox 711 4407 843 4460; x_wconf 74' lang='lat' dir='ltr'>drrtrstasii</span> <span class='ocrx_word' id='word_1_371' title='bbox 858 4404 878 4457; x_wconf 93' lang='lat' dir='ltr'>ll</span> <span class='ocrx_word' id='word_1_372' title='bbox 895 4404 990 4459; x_wconf 84' lang='lat' dir='ltr'>litteris</span> <span class='ocrx_word' id='word_1_373' title='bbox 1007 4405 1058 4459; x_wconf 84' lang='lat' dir='ltr'>lroc</span> <span class='ocrx_word' id='word_1_374' title='bbox 1073 4402 1217 4460; x_wconf 89' lang='lat' dir='ltr'>decretum</span> <span class='ocrx_word' id='word_1_375' title='bbox 1233 4407 1393 4480; x_wconf 83' lang='lat' dir='ltr'>subjicitur</span> <span class='ocrx_word' id='word_1_376' title='bbox 1406 4411 1475 4468; x_wconf 75' lang='lat' dir='ltr'>vetat</span> 
     </span>
     <span class='ocr_line' id='line_1_42' title="bbox 193 4486 1475 4568; baseline 0.003 -19"><span class='ocrx_word' id='word_1_377' title='bbox 193 4494 271 4564; x_wconf 72' lang='lat' dir='ltr'>huius</span> <span class='ocrx_word' id='word_1_378' title='bbox 288 4511 370 4568; x_wconf 86' lang='lat' dir='ltr'>papae</span> <span class='ocrx_word' id='word_1_379' title='bbox 386 4493 493 4548; x_wconf 79' lang='lat' dir='ltr'>nornine</span> <span class='ocrx_word' id='word_1_380' title='bbox 515 4492 669 4546; x_wconf 80' lang='lat' dir='ltr'>atiratinno</span> <span class='ocrx_word' id='word_1_381' title='bbox 687 4490 861 4563; x_wconf 89' lang='lat' dir='ltr'>descriptum.</span> <span class='ocrx_word' id='word_1_382' title='bbox 907 4489 959 4544; x_wconf 90' lang='lat' dir='ltr'>Sed</span> <span class='ocrx_word' id='word_1_383' title='bbox 980 4505 1054 4544; x_wconf 90' lang='lat' dir='ltr'>mero</span> <span class='ocrx_word' id='word_1_384' title='bbox 1075 4486 1177 4544; x_wconf 85' lang='lat' dir='ltr'>librarii</span> <span class='ocrx_word' id='word_1_385' title='bbox 1199 4506 1305 4550; x_wconf 86' lang='lat' dir='ltr'>errore</span> <span class='ocrx_word' id='word_1_386' title='bbox 1327 4495 1356 4551; x_wconf 82' lang='lat' dir='ltr'>td</span> <span class='ocrx_word' id='word_1_387' title='bbox 1378 4496 1475 4553; x_wconf 63' lang='lat' dir='ltr'>isan</span> 
     </span>
     <span class='ocr_line' id='line_1_43' title="bbox 192 4575 1474 4653; baseline 0.001 -19"><span class='ocrx_word' id='word_1_388' title='bbox 192 4588 267 4651; x_wconf 84' lang='lat' dir='ltr'>puto,</span> <span class='ocrx_word' id='word_1_389' title='bbox 285 4596 367 4653; x_wconf 87' lang='lat' dir='ltr'>quum</span> <span class='ocrx_word' id='word_1_390' title='bbox 383 4594 473 4633; x_wconf 86' lang='lat' dir='ltr'>revera</span> <span class='ocrx_word' id='word_1_391' title='bbox 490 4577 630 4632; x_wconf 86' lang='lat' dir='ltr'>Gratianus</span> <span class='ocrx_word' id='word_1_392' title='bbox 654 4577 671 4632; x_wconf 94' lang='lat' dir='ltr'>l.</span> <span class='ocrx_word' id='word_1_393' title='bbox 686 4594 709 4632; x_wconf 90' lang='lat' dir='ltr'>c.</span> <span class='ocrx_word' id='word_1_394' title='bbox 729 4593 779 4649; x_wconf 89' lang='lat' dir='ltr'>pro</span> <span class='ocrx_word' id='word_1_395' title='bbox 802 4575 876 4630; x_wconf 86' lang='lat' dir='ltr'>tonte</span> <span class='ocrx_word' id='word_1_396' title='bbox 898 4592 948 4630; x_wconf 90' lang='lat' dir='ltr'>sno</span> <span class='ocrx_word' id='word_1_397' title='bbox 966 4575 1126 4630; x_wconf 76' lang='lat' dir='ltr'>Chronicon</span> <span class='ocrx_word' id='word_1_398' title='bbox 1142 4576 1308 4636; x_wconf 83' lang='lat' dir='ltr'>.lnastasii</span> <span class='ocrx_word' id='word_1_399' title='bbox 1328 4581 1474 4640; x_wconf 62' lang='lat' dir='ltr'>bibliane-</span> 
     </span>
     <span class='ocr_line' id='line_1_44' title="bbox 193 4663 381 4720; baseline -0.005 -1"><span class='ocrx_word' id='word_1_400' title='bbox 193 4668 269 4720; x_wconf 89' lang='lat' dir='ltr'>carii</span> <span class='ocrx_word' id='word_1_401' title='bbox 283 4663 381 4719; x_wconf 85' lang='lat' dir='ltr'>landet.</span> 
     </span>
    </p>

    <p class='ocr_par' dir='ltr' id='par_1_18' title="bbox 192 4733 1477 4994">
     <span class='ocr_line' id='line_1_45' title="bbox 277 4733 1477 4819; baseline 0.001 -17"><span class='ocrx_word' id='word_1_402' title='bbox 277 4748 304 4803; x_wconf 74' lang='lat'>⁶2.</span> <span class='ocrx_word' id='word_1_403' title='bbox 338 4749 392 4816; x_wconf 79' lang='lat' dir='ltr'>Qui</span> <span class='ocrx_word' id='word_1_404' title='bbox 403 4756 498 4819; x_wconf 89' lang='lat' dir='ltr'>potest</span> <span class='ocrx_word' id='word_1_405' title='bbox 513 4749 629 4804; x_wconf 69' lang='lat' dir='ltr'>obsitare</span> <span class='ocrx_word' id='word_1_406' title='bbox 645 4756 672 4803; x_wconf 87' lang='lat' dir='ltr'>ct</span> <span class='ocrx_word' id='word_1_407' title='bbox 682 4748 862 4819; x_wconf 78' lang='lat' dir='ltr'>perturbare</span> <span class='ocrx_word' id='word_1_408' title='bbox 874 4759 1045 4816; x_wconf 74' lang='lat' dir='ltr'>perversae,</span> <span class='ocrx_word' id='word_1_409' title='bbox 1067 4749 1094 4799; x_wconf 89' lang='lat' dir='ltr'>et</span> <span class='ocrx_word' id='word_1_410' title='bbox 1109 4761 1165 4799; x_wconf 88' lang='lat' dir='ltr'>non</span> <span class='ocrx_word' id='word_1_411' title='bbox 1179 4744 1282 4819; x_wconf 78' lang='lat' dir='ltr'>facit,</span> <span class='ocrx_word' id='word_1_412' title='bbox 1306 4733 1383 4809; x_wconf 51' lang='lat' dir='ltr'>ainfal</span> <span class='ocrx_word' id='word_1_413' title='bbox 1398 4752 1477 4810; x_wconf 67' lang='lat' dir='ltr'>dini</span> 
     </span>
     <span class='ocr_line' id='line_1_46' title="bbox 192 4832 1474 4905; baseline 0.008 -18"><span class='ocrx_word' id='word_1_414' title='bbox 192 4840 242 4903; x_wconf 88' lang='lat' dir='ltr'>est,</span> <span class='ocrx_word' id='word_1_415' title='bbox 263 4853 348 4905; x_wconf 77' lang='lat' dir='ltr'>proram</span> <span class='ocrx_word' id='word_1_416' title='bbox 361 4832 465 4903; x_wconf 78' lang='lat' dir='ltr'>fauere</span> <span class='ocrx_word' id='word_1_417' title='bbox 481 4850 577 4889; x_wconf 86' lang='lat' dir='ltr'>eorum</span> <span class='ocrx_word' id='word_1_418' title='bbox 593 4837 739 4904; x_wconf 83' lang='lat' dir='ltr'>impietati.</span> <span class='ocrx_word' id='word_1_419' title='bbox 771 4832 831 4887; x_wconf 90' lang='lat' dir='ltr'>Nec</span> <span class='ocrx_word' id='word_1_420' title='bbox 852 4835 924 4887; x_wconf 88' lang='lat' dir='ltr'>enim</span> <span class='ocrx_word' id='word_1_421' title='bbox 941 4838 1023 4887; x_wconf 87' lang='lat' dir='ltr'>caret</span> <span class='ocrx_word' id='word_1_422' title='bbox 1043 4832 1185 4900; x_wconf 85' lang='lat' dir='ltr'>scrupulo</span> <span class='ocrx_word' id='word_1_423' title='bbox 1201 4837 1362 4895; x_wconf 78' lang='lat' dir='ltr'>societatis</span> <span class='ocrx_word' id='word_1_424' title='bbox 1377 4839 1474 4897; x_wconf 60' lang='lat' dir='ltr'>occd-</span> 
     </span>
     <span class='ocr_line' id='line_1_47' title="bbox 193 4912 1325 4994; baseline -0.004 -19"><span class='ocrx_word' id='word_1_425' title='bbox 193 4925 248 4993; x_wconf 81' lang='lat' dir='ltr'>tae,</span> <span class='ocrx_word' id='word_1_426' title='bbox 265 4923 315 4992; x_wconf 81' lang='lat' dir='ltr'>qui</span> <span class='ocrx_word' id='word_1_427' title='bbox 328 4918 481 4990; x_wconf 79' lang='lat' dir='ltr'>marrisesto</span> <span class='ocrx_word' id='word_1_428' title='bbox 494 4919 625 4991; x_wconf 74' lang='lat' dir='ltr'>facinori</span> <span class='ocrx_word' id='word_1_429' title='bbox 638 4921 738 4974; x_wconf 88' lang='lat' dir='ltr'>desinit</span> <span class='ocrx_word' id='word_1_430' title='bbox 754 4920 880 4974; x_wconf 82' lang='lat' dir='ltr'>obviare.</span> <span class='ocrx_word' id='word_1_431' title='bbox 911 4915 983 4971; x_wconf 86' lang='lat' dir='ltr'>Grat.</span> <span class='ocrx_word' id='word_1_432' title='bbox 1001 4933 1024 4970; x_wconf 93' lang='lat' dir='ltr'>c.</span> <span class='ocrx_word' id='word_1_433' title='bbox 1042 4915 1060 4973; x_wconf 88' lang='lat'><em>8</em></span> <span class='ocrx_word' id='word_1_434' title='bbox 1076 4914 1105 4970; x_wconf 83' lang='lat' dir='ltr'>C.</span> <span class='ocrx_word' id='word_1_435' title='bbox 1120 4912 1203 4971; x_wconf 78' lang='lat' dir='ltr'>XXlll</span> <span class='ocrx_word' id='word_1_436' title='bbox 1219 4934 1272 4994; x_wconf 80' lang='lat' dir='ltr'>qn.</span> <span class='ocrx_word' id='word_1_437' title='bbox 1291 4920 1325 4981; x_wconf 82' lang='grc'>3,</span> 
     </span>
    </p>
   </div>
   <div class='ocr_carea' id='block_1_18' title="bbox 0 0 1606 5506">
    <p class='ocr_par' dir='ltr' id='par_1_19' title="bbox 0 0 1606 5506">
     <span class='ocr_line' id='line_1_48' title="bbox 0 0 1606 5506; baseline 0 2"><span class='ocrx_word' id='word_1_438' title='bbox 0 0 1606 5506; x_wconf 95' lang='lat' dir='ltr'> </span> 
     </span>
    </p>
   </div>
  </div>
 </body>
</html>
