3204 5506
182 284 243 349 136
665 304 692 353 s.
709 303 831 352 umam
854 301 968 350 curua

72 466 168 517 alim
182 458 244 521 tur.
278 456 413 521 Passum
428 460 534 522 autem
556 457 720 522 domiuum
742 461 886 523 nostrum
901 457 1012 523 Jcsum
1028 457 1190 524 Christum
1205 455 1353 544 peractis
1368 456 1463 542 quin·

182 581 243 644 que
265 559 406 631 millibus
429 561 576 625 ducentis
599 562 714 645 viginti
739 564 811 626 octo
834 561 928 625 annis
951 561 992 624 ab
1014 565 1086 625 ortu
1108 560 1218 625 muudi
1234 560 1353 626 eadem
1369 559 1462 625 chre·

182 663 326 728 uicorum
357 662 514 727 relatione
543 667 748 727 monstratur.
805 662 894 738 Quod
928 666 1055 748 gestum
1087 663 1262 728 inchoante
1296 663 1463 748 vigesimo

182 788 268 830 nono
302 787 387 830 anno
421 787 487 830 nen
514 769 620 849 potest
648 765 804 847 dubitari,
843 765 998 850 siquidem
1031 765 1111 830 VIII
1138 764 1303 831 Kalendas
1334 765 1463 851 Aprilis

183 868 286 952 primo
308 890 417 932 mense
440 868 517 931 luna
533 867 609 931 XIV
632 890 762 952 vespere
784 869 987 953 precedente,
1011 868 1094 933 sicut
1116 868 1157 932 ab
1177 868 1272 933 initio
1287 871 1462 933 creaturae

183 974 297 1056 quarta
325 971 376 1034 die
404 972 493 1035 facta
522 975 587 1053 est,
618 970 758 1054 coepisse
787 970 953 1053 doceatur,
983 971 1206 1055 adjunctisque
1234 970 1392 1035 bissextis
1421 970 1462 1035 ad

183 1096 340 1138 summam
362 1074 501 1157 quinque
523 1073 660 1137 millium
682 1073 890 1139 ducentorum
903 1073 1020 1158 viginti
1034 1077 1105 1137 octo
1121 1094 1289 1156 annorum,
1307 1072 1464 1158 sequenti

186 1175 339 1260 vigesimo
367 1197 452 1239 nono
481 1197 567 1239 anno
594 1176 707 1259 quinta
734 1175 816 1240 feria
843 1175 936 1240 docet
968 1198 1002 1239 se
1029 1176 1203 1239 traditione
1230 1179 1460 1259 praeventum.

184 1277 292 1342 Primo
314 1299 390 1342 vere
412 1300 594 1361 azymorum
623 1278 674 1343 die
697 1279 843 1343 dominus
864 1278 958 1341 ‘lesus
981 1276 1128 1343 Christus
1151 1299 1290 1343 coenans
1315 1299 1391 1342 curn
1416 1277 1465 1341 di·

185 1380 316 1465 scipulis
347 1380 422 1463 suis,
452 1385 620 1466 postquam
648 1381 697 1444 sui
726 1381 865 1464 corporis
897 1384 929 1444 et
951 1381 1118 1465 sanguinis
1141 1383 1348 1444 sacramenta
1370 1385 1464 1465 pate-

185 1482 273 1563 fecit,
297 1483 337 1546 ad
359 1487 500 1547 montem
524 1484 653 1566 Oliveti,
681 1484 764 1547 sieut
786 1483 954 1568 evangelia
976 1486 1089 1547 sancta
1113 1486 1284 1566 testantia,
1308 1504 1464 1568 progres-

186 1607 239 1648 sus
261 1585 368 1670 ibique
391 1585 539 1650 detentus
563 1590 611 1650 est
634 1610 652 1650 a
673 1584 805 1650 ludaeis
834 1586 983 1650 tra‹lente
1005 1585 1170 1670 discipule.
1215 1583 1347 1650 Dehinc
1368 1587 1464 1649 sexta

186 1686 268 1751 feria
290 1675 519 1772 subsequente,
549 1688 581 1752 id
610 1693 658 1753 est
680 1687 791 1771 vlle)
807 1688 970 1752 Kalendas
994 1687 1125 1771 Aprilis,
1156 1687 1327 1751 crucifixus
1356 1690 1409 1751 eat
1430 1689 1465 1751 et

186 1789 339 1873 sepultae,
364 1791 460 1854 tertia
483 1790 533 1854 die
556 1791 617 1855 hoc
639 1795 688 1855 est
710 1790 740 1855 V
762 1789 925 1854 Kalendas
949 1790 1071 1874 Aprilis
1094 1789 1254 1854 dominica
1275 1789 1423 1855 surrexit
1443 1811 1464 1854 a

186 1892 329 1956 mortuis

275 1995 323 2058 10.
362 1994 564 2081 Quapropter
586 1996 733 2061 omnibus
757 1997 820 2060 fixo
842 1995 943 2060 limite
967 1995 1115 2059 consonis
1138 1995 1356 2059 necessarium
1378 1998 1463 2077 erat,

186 2101 319 2184 propter
340 2099 500 2182 paschalis
523 2099 746 2164 observantiae
768 2099 928 2163 rationem
950 2098 1016 2161 dics
1039 2101 1072 2161 et
1086 2097 1179 2161 lmras
1195 2120 1213 2162 a
1228 2088 1464 2182 mundi'ipsius

188 2201 325 2266 describi
347 2201 516 2285 principi0‚
540 2224 601 2286 que
624 2202 749 2285 possint
771 2224 877 2266 rerum
900 2223 1010 2265 cursus
1032 2200 1195 2264 evidenter
1211 2200 1358 2284 agnosci.
1399 2198 1464 2266 Sed

188 2303 262 2387 quia
284 2304 474 2367 immensum
496 2325 575 2387 epus
598 2304 729 2386 majoris
751 2307 800 2367 est
815 2303 883 2384 otii,
907 2325 948 2366 ne
964 2302 1083 2366 diutius
1098 2304 1272 2386 praecepta
1283 2302 1463 2386 differrem,

188 2405 382 2469 breviarium
405 2405 472 2488 ejus
495 2406 624 2469 interim
648 2406 814 2489 explicavi,
838 2405 920 2491 quod
943 2409 1053 2469 tamen
1075 2426 1113 2468 ex
1129 2404 1228 2488 ipsius
1243 2404 1462 2489 plenitudinis

189 2508 410 2573 observatione
432 2508 619 2572 descendat:
644 2530 681 2571 ex
704 2512 847 2591 tempore
874 2507 1052 2572 dominicae
1074 2507 1242 2591 passionis,
1266 2506 1382 2572 diebus
1399 2507 1464 2572 Ka·

66 2612 176 2671 aeno.
189 2609 357 2674 landarum
388 2609 623 2694 Ianuariarum
650 2613 681 2673 et
707 2610 891 2674 nominibus
920 2610 1085 2675 consulum
1113 2609 1276 2674 aduebus
1299 2608 1464 2693 Geminis,

31 2711 322 2795 .a.c.asr.Ruf0²⁰)
355 2711 477 2775 scilicet
506 2717 538 2776 et
565 2712 729 2793 Rubellio,
764 2735 862 2796 usque
890 2713 929 2776 ad
963 2712 1163 2776 consulatum
1192 2711 1403 2777 Constantini
1432 2718 1467 2778 et

190 2814 264 2878 Rufi
287 2813 435 2898 diligenti
458 2816 667 2879 annotatione
691 2815 842 2896 collectis,
867 2809 923 2897 per
946 2814 1143 2880 CCCCXXX
1163 2835 1265 2879 annos
1288 2815 1467 2881 cumluuis
1510 2818 1517 2837 '

191 2920 286 3001 atque
309 2917 516 3000 temporibus,
547 2940 583 2981 ac
613 2918 763 3000 deinceps
792 2917 861 2981 sine
885 2917 1067 2981 consulibus
1090 2937 1270 3002 perennes
1293 2916 1354 2982 ΟΠ
1375 2916 1466 2983 sutu-

191 3041 252 3101 res,
283 3022 319 3083 ut
341 3018 497 3085 DXXXII
526 3021 621 3085 annis
650 3021 753 3085 omnis
782 3042 904 3084 summa
935 3020 1105 3103 consistat,
1135 3019 1319 3103 patefacere
1348 3041 1467 3104 prope·

190 3122 268 3186 ravi.
307 3121 395 3198 Quae
418 3145 541 3188 summa
563 3124 611 3188 ita
633 3127 831 3205 cunctarum,
855 3123 968 3206 quibus
991 3125 1124 3207 excepta
1146 3125 1206 3202 est,
1229 3121 1345 3186 seriem
1368 3143 1467 3210 regu-

190 3223 294 3288 larum
316 3247 374 3289 sua
396 3226 595 3292 revolutione
618 3226 850 3308 complect'tur,
874 3229 911 3288 ut
933 3224 1042 3289 codem
1064 3224 1193 3291 tramite
1209 3223 1291 3288 etin
1306 3223 1351 3306 id,
1376 3225 1468 3290 unde

191 3331 342 3408 estorta,
372 3332 538 3392 revocetur
566 3332 599 3392 ct
627 3328 787 3391 adfinem
814 3327 985 3409 pristinum
1007 3327 1045 3392 dc
1067 3348 1151 3391 nove
1174 3325 1369 3390 circumacta
1391 3349 1467 3412 per·

190 3429 310 3492 veniat.
357 3429 471 3493 Aderit
502 3433 609 3494 antem
639 3429 855 3495 misericordia
884 3429 1026 3511 Domini,
1059 3433 1096 3492 ut
1124 3431 1378 3494 consummatam
1408 3451 1468 3514 po·

190 3530 281 3593 tioris
304 3531 427 3614 negotii
450 3531 628 3613 veritatem,
656 3553 751 3615 quam
773 3532 918 3616 superius
936 3532 1006 3616 jam
1027 3531 1169 3616 promisi,
1192 3530 1370 3615 praemissa
1393 3553 1465 3597 sae·

192 3631 333 3696 culorum
356 3632 498 3695 emnium
520 3633 655 3715 ratione,
685 3656 746 3717 qua
773 3655 864 3697 sacra
886 3634 1044 3697 festivitas
1067 3633 1186 3718 absque
1209 3632 1358 3718 scrupulo
1381 3635 1468 3699 cele·

191 3733 314 3797 brunda
336 3733 506 3817 pandatur,
531 3755 596 3798 non
617 3736 722 3821 magis
745 3736 889 3802 sensibus
912 3736 1095 3800 intimatam
1110 3758 1206 3820 quam
1221 3738 1469 3820 praesentatam

157 3882 165 3893 .
191 3836 305 3900 vestris
329 3835 531 3919 adspectibus
554 3838 739 3902 aestimetis.

259 4025 291 4091 ²³)
309 4022 445 4076 Eumdem
468 4022 541 4077 diem
563 4039 614 4092 pro
636 4025 766 4093 passione
788 4024 900 4078 Domini
923 4023 1007 4078 ctiam
1030 4024 1191 4079 Lactantius
1212 4025 1274 4078 inst.
1294 4023 1350 4080 div.
1370 4025 1421 4093 IV,
1436 4034 1470 4084 ie

88 4179 96 4186 ἱ
191 4109 231 4176 (iu
248 4107 414 4178 quibusdam
431 4126 494 4164 mss.
515 4110 608 4164 autem
626 4116 768 4164 antediem
788 4114 813 4162 X
826 4114 887 4164 Kal.
900 4114 998 4178 April.)
1017 4110 1111 4164 refert.
1142 4108 1300 4164 Communis
1317 4110 1378 4165 fere
1398 4111 1471 4167 alio·

191 4212 253 4247 rum
266 4193 484 4248 Occidentalium
502 4194 641 4248 sententia
658 4194 721 4248 huic
735 4193 796 4248 Vlll
808 4194 948 4249 Kalendas
960 4193 1069 4263 Apriles
1081 4195 1250 4265 assignabat.
1276 4193 1472 4254 Confer-autur

192 4278 379 4333 Tertullianus
397 4279 458 4333 adv.
478 4279 599 4333 ludaeos
618 4297 639 4333 c.
655 4285 678 4343 8,
696 4279 866 4348 Augustinus
885 4280 919 4333 de
937 4279 987 4333 civ.
1002 4279 1047 4333 dei
1058 4279 1206 4345 xvnlsi,
1225 4279 1259 4333 de
1272 4279 1372 4335 Trinit
1386 4281 1470 4351 IV,5,

192 4364 336 4431 catalogus
353 4362 516 4418 Liberianus
534 4364 695 4432 pontificum
721 4363 780 4417 init.
801 4364 887 4433 (apud
904 4364 999 4433 Miguc
1016 4364 1092 4419 Patr.
1105 4365 1154 4419 lat.
1167 4368 1234 4419 torn.
1248 4363 1384 4433 CXXVII,
1397 4371 1471 4438 119),

192 4451 271 4503 retus
288 4448 385 4502 tabula
402 4448 538 4517 paschalis
557 4465 581 4502 a.
595 4455 643 4502 447
668 4451 714 4519 (ap
743 4448 870 4502 deRessi
886 4450 904 4502 l.
919 4467 941 4502 c.
961 4467 987 4518 p.
1002 4449 1085 4517 LIX),
1107 4449 1279 4520 Epiphanius
1302 4449 1365 4504 adv.
1386 4451 1469 4517 haer.

192 4534 221 4587 L.
242 4539 281 4598 §1
301 4534 462 4599 (secundum
480 4545 539 4588 acea
553 4538 649 4601 Pilati),
667 4533 794 4602 dialogus
812 4535 1005 4602 quaestionum
1017 4534 1091 4589 LXV
1100 4553 1145 4603 qu.
1155 4541 1188 4589 26
1200 4535 1229 4587 in
1240 4553 1260 4588 e.
1272 4535 1406 4606 Aug.0p.
1422 4539 1470 4594 ed.

194 4617 238 4671 cit.
259 4619 326 4671 tem.
339 4616 423 4683 XVII,
438 4625 510 4675 1556.
547 4619 696 4673 Orientalis
713 4619 830 4674 ecclesia
848 4619 937 4688 magis
958 4624 982 4672 Χ
1001 4625 1134 4675 Kalendas
1154 4624 1258 4688 Apriles
1275 4621 1424 4688 praetulit.

261 4707 293 4770 ¹⁶)
311 4704 342 4756 In
360 4704 483 4772 paschali
501 4703 618 4758 Victorii
636 4721 740 4758 canone
758 4704 835 4773 apud
852 4704 1017 4759 Bucherium
1031 4709 1136 4772 [liranu-
1154 4705 1229 4774 apud
1248 4703 1317 4758 aliea
1335 4707 1474 4765 auctores

194 4790 280 4856 (Tert.
299 4789 317 4842 l.
332 4806 363 4856 c.,
382 4787 457 4858 Sulp.
478 4787 538 4843 ch.
558 4789 620 4842 hist.
640 4806 708 4843 sacr.
728 4790 762 4856 ΙΙ,
775 4794 817 4856 ⁶27)
841 4789 916 4842 idem
933 4794 1025 4845 Fusius
1048 4790 1093 4844 vel
1109 4794 1196 4857 Fufius
1215 4794 1331 4844 omna
1355 4790 1474 4863 dicitur,

195 4877 223 4928 et
241 4877 283 4929 cst
300 4892 387 4930 annus
405 4892 487 4929 acrae
504 4874 691 4942 Dionysianae
709 4874 798 4929 XXlX
815 4893 842 4944 p.
857 4873 885 4929 C.
1160 4884 1161 4887 ’
