3224 5506
655 255 657 259 ’
740 260 747 291 l

673 379 844 433 semrom
865 371 925 459 26.Ι
997 431 1000 439 ,
1375 363 1439 431 409

167 558 319 624 crepasse
353 537 551 620 noscuntur3
572 594 573 598 ,
597 535 746 621 flectique
782 535 958 620 potuisset,
991 536 1053 600 nisi
1088 535 1438 620 Constantinopolitani
1451 551 1569 601 aasa-

170 639 327 726 praesuh's
348 639 578 704 accenderetur
598 638 767 720 instinctu,
791 639 845 723 qui
860 639 1022 723 particeps
1039 641 1190 702 externae
1206 639 1438 705 communionis

109 816 116 837 ,
174 742 313 825 effectius,
334 741 528 824 necessario,
552 741 590 805 in
610 740 692 826 quod
715 740 883 823 inciderat,
904 742 973 825 jam
994 741 1134 823 fovebat,
1160 741 1284 805 malens
1305 741 1339 805 in
1362 764 1438 806 suae

109 856 112 873 ²
149 842 455 926 ‚mranoationis
476 842 693 909 obstinatione
714 843 896 927 persistere,
925 866 1020 928 quam
1043 842 1270 926 curandusgad
1296 843 1438 935 salubria

178 965 322 1030 remeare,
345 946 429 1011 aaut
450 945 519 1031 ipse
534 968 641 1010 rerum
654 945 804 1030 probavit
826 949 968 1012 eventus.
992 945 1077 1010 Ecce
1097 966 1200 1029 nuper
1214 944 1437 1032 Honorico⁷⁶),

179 1048 255 1135 regi
272 1047 462 1113 Vandalicas
483 1048 637 1131 nationis,
661 1048 709 1112 vir
730 1070 867 1133 magnus
891 1051 923 1112 et
945 1048 1094 1134 egregius
1111 1047 1258 1112 sacerdos
1273 1047 1438 1133 Eugenius

179 1145 438 1236 carthaginensis
467 1150 635 1236 episcopas
662 1151 816 1235 multique
844 1172 915 1215 oum
944 1150 1053 1215 eodem
1082 1150 1230 1215 catholici
1258 1151 1438 1216 sacerdotes

178 1254 357 1317 constanter
383 1252 580 1339 restitere⁷⁷)
607 1253 773 1336 saeuienti,
805 1256 983 1337 cunctaque
1012 1242 1153 1317 extrema
1180 1253 1355 1317 tolerantes
1383 1252 1437 1317 ho-

176 1348 288 1437 dieque
306 1354 563 1440 persecutoribus
593 1355 742 1420 resistere
770 1377 835 1419 non
858 1356 1021 1419 omittunt.
1066 1351 1133 1418 Nos
1155 1377 1278 1439 quoqne
1301 1355 1437 1422 Odoacri

175 1449 309 1521 barbaro
329 1456 492 1522 haeretico
515 1480 651 1543 regnum
672 1456 788 1522 Italiae
810 1460 888 1521 tunc
910 1456 1046 1540 tenenti,
1071 1479 1168 1540 quum
1184 1457 1291 1541 ahqna
1304 1479 1368 1521 non
1390 1458 1438 1521 fa-

174 1552 288 1624 cienda
318 1560 580 1646 praeciperet78),
625 1559 694 1625 Deo
726 1562 912 1643 praestante
945 1559 1127 1624 nullatenus
1160 1560 1303 1642 paruisse
1336 1560 1438 1624 mani-

132 1706 140 1729 .
171 1650 289 1725 festam
310 1665 369 1728 est.
415 1661 478 1726 Hie
505 1664 612 1726 autem
645 1662 695 1726 vir
721 1662 824 1727 bonus
852 1662 990 1727 Aeacius
1019 1666 1051 1726 et
1074 1662 1220 1726 sacerdos
1247 1662 1381 1725 eximius
1403 1664 1437 1727 in

170 1756 297 1828 tiulium
323 1787 358 1830 se
380 1769 414 1830 et
435 1786 608 1850 suggerere
630 1764 771 1848 potuisse
794 1764 985 1829 monstravit
1012 1767 1045 1827 et
1066 1764 1208 1843 noluisse
1229 1763 1436 1848 deprompsit,

168 1854 405 1933 immolavisse
432 1867 603 1952 patefecit,
632 1869 669 1931 ut
690 1871 723 1931 et
744 1867 917 1950 imperator
945 1869 1061 1931 cuncta
1089 1887 1122 1929 se
1145 1887 1182 1932 cx
1211 1866 1279 1949 ejus
1302 1867 1438 1950 gessisse
1524 1865 1528 1870 ’

167 1967 303 2033 oonsilio
325 1992 392 2034 non
413 1973 547 2054 taceret,
570 1972 602 2034 et
622 1970 692 2053 ipso
714 1968 940 2053 imperatorem
961 1968 1088 2052 magnis
1104 1967 1282 2052 praeconiis
1298 1967 1439 2033 elevaret

109 2074 111 2079 '
165 2058 236 2130 iata
254 2071 445 2156 facientem,
468 2094 597 2156 seseque
619 2071 760 2157 prodidit
781 2070 832 2135 his
854 2071 988 2156 agendis
1010 2070 1103 2135 rebus
1118 2070 1217 2134 fuisse
1235 2071 1435 2154 participem.

255 2174 306 2239 12.
351 2173 416 2240 Sed
444 2178 521 2253 esto,
550 2173 726 2240 Calendion
754 2174 955 2258 imperatoris
984 2195 1101 2237 nomen
1129 2172 1354 2260 abstuleritw),
1383 2173 1437 2237 Jo·
1538 2171 1554 2181 ⁸

164 2260 293 2341 hanncs
321 2276 463 2361 principi
478 2276 644 2341 mentitus
669 2276 784 2341 fuisse.
793 2277 950 2360 jactetnr;
982 2297 1064 2360 quae
1086 2278 1194 2340 tamen
1216 2298 1313 2360 quum
1336 2298 1438 2343 novae

164 2466 245 2531 tem
256 2480 319 2550 jam
334 2480 474 2546 uuam,
492 2496 565 2549 quaa
582 2480 627 2534 ara
645 2480 786 2547 nentur,
814 2497 876 2534 eum
894 2440 973 2550 epar.
993 2487 1025 2535 a
1045 2483 1074 2535 a
1089 2486 1123 2534 n
1141 2480 1240 2535 aeona
1257 2481 1293 2535 aa
1312 2482 1437 2537 'cneoca-

164 2551 241 2632 ⁸5511n
258 2565 417 2632 contulerit,
434 2564 463 2619 in
481 2582 514 2620 eo
533 2565 608 2634 qnod
625 2565 751 2635 proxime
769 2567 905 2621 assertum
922 2568 972 2632 est,
990 2566 1177 2621 Theodosium
1196 2566 1300 2622 scilicet
1317 2568 1438 2624 aLeone

163 2632 257 2730 llbora
273 2650 359 2705 fuisse
377 2650 546 2721 correptum,
563 2650 632 2705 nihil
650 2650 711 2705 falsi
729 2650 928 2722 deprehendet,
945 2651 1046 2706 nedum
1064 2651 1095 2706 id
1113 2669 1175 2706 cum
1187 2651 1334 2717 Quesnello
1352 2651 1439 2707 falsis-

164 2734 270 2788 ⁵¹¹1¹un1
287 2736 406 2790 censeat

235 2818 270 2887 “l
287 2818 452 2889 Legendum
465 2824 611 2881 Horaerico:
628 2820 688 2874 tum
701 2820 733 2885 Q'
745 2820 780 2886 Q²
797 2828 853 2890 regi
863 2827 1053 2877 Wandalorum.
1087 2823 1131 2876 Ab
1149 2824 1203 2877 hoo
1220 2839 1286 2892 rege
1304 2839 1376 2879 anno
1389 2830 1439 2880 483

160 2883 236 2982 llaji
254 2910 288 2958 ‘to
306 2903 351 2960 die
369 2904 497 2974 Eugenio
515 2904 726 2975 Carthaginensi
748 2907 884 2961 traditrnn
902 2908 944 2961 est
961 2906 1089 2974 edictum,
1108 2907 1152 2961 oui
1168 2907 1215 2962 illc
1232 2907 1352 2977 praesul,
1371 2909 1438 2962 mul·

159 2970 247 3046 ¹²‘lue
266 3007 328 3044 enm
347 3006 389 3056 eo,
407 3004 464 3055 non
483 2989 636 3045 cedendum
655 2991 739 3058 ratus,
757 2991 882 3046 exsilium
897 3008 959 3047 curn
971 2993 1051 3046 sociis
1063 2992 1209 3062 vanasque
1222 3009 1367 3048 aerumnas
1378 2992 1439 3063 pati

156 3064 277 3142 11¹²lluit,
293 3076 327 3129 ut
344 3091 379 3129 ex
396 3073 517 3129 Victoris
530 3073 586 3130 Vit.
605 3075 682 3130 lina
699 3095 726 3130 n.
742 3082 772 3131 13
785 3096 819 3130 ss.
838 3077 935 3130 notram
954 3079 1004 3132 est.
1041 3077 1172 3142 eramvis
1190 3079 1283 3133 antem
1300 3076 1439 3131 Hunerico

153 3153 240 3238 ⁸¹{110
258 3166 308 3215 484
327 3158 464 3214 exsfinoto
476 3159 688 3215 Gnatamondus
700 3179 747 3216 seu
760 3162 961 3217 Gontabondus
980 3164 1038 3232 ojus
1057 3179 1198 3216 successor
1216 3161 1283 3217 cum'
1296 3161 1439 3217 cathohais

150 3232 265 3298 untlua
282 3243 382 3314 egerit,
401 3259 449 3298 eoa
466 3245 561 3298 tamen
577 3262 678 3300 vexare
695 3245 829 3300 haeretici
848 3245 970 3318 episcopi
989 3263 1043 3300 non
1063 3247 1241 3300 desistebant.

231 3327 270 3397 ¹⁷)
287 3328 321 3383 In
337 3328 462 3398 vulgatis
478 3335 635 3392 resisterent,
653 3331 682 3384 in
696 3348 758 3386 mss.
772 3337 902 3398 resistere,
922 3332 955 3385 G*
969 3339 1117 3399 consistere,
1136 3331 1169 3396 Q¹
1183 3338 1300 3400 egregius
1316 3338 1440 3389 sacerdos

142 3405 319 3468 t''²'‘2laruer·
334 3420 606 3472 resisteresaeuientt.
643 3413 783 3470 Orationis
801 3415 885 3471 series
903 3416 1049 3471 manifesto
1067 3416 1190 3486 postulat
1208 3424 1335 3472 restitere.

229 3495 271 3567 7”)
289 3497 418 3554 Odoacar
430 3497 525 3577 aliqua
536 3516 592 3554 non
603 3500 730 3555 facienda
740 3501 892 3571 praecepit,
911 3520 997 3571 quum
1009 3520 1082 3558 anno
1094 3508 1145 3557 483
1162 3502 1287 3573 proxime
1305 3505 1369 3573 post
1387 3504 1440 3559 exi-

131 3554 219 3624 tum
244 3580 385 3654 Simplicii
407 3600 499 3654 papae
521 3584 659 3655 scriptura
681 3585 759 3651 data,
789 3604 861 3655 quae
883 3604 956 3641 armo
974 3593 1024 3642 502
1051 3586 1079 3640 in
1102 3587 1217 3641 concilio
1240 3588 1366 3643 Romano
1388 3591 1439 3644 snb

125 3633 338 3748 Symlarrscho
357 3667 478 3724 recitata
495 3670 546 3736 est,
563 3669 691 3724 interdici
710 3670 862 3726 constituta
881 3672 979 3743 capitis
997 3689 1089 3743 poena
1106 3672 1201 3739 voluit,
1223 3689 1258 3727 no
1281 3672 1338 3728 sine
1356 3672 1441 3744 ipsius

120 3735 376 3809 musaraneus
393 3752 514 3808 Romani
535 3754 672 3833 pontificis
690 3756 769 3811 fieret
787 3756 894 3824 electio,
916 3775 985 3812 neve
1004 3759 1097 3813 futuro
1115 3757 1240 3828 pontifici
1259 3776 1291 3813 ao
1308 3759 1442 3814 secuturis

111 3808 261 3948 {glum
277 3837 412 3894 eeclesiae
429 3837 577 3910 praedium
594 3839 733 3895 alienandi
750 3842 876 3910 potestas
895 3844 973 3897 esset.
1009 3843 1051 3896 De
1068 3843 1121 3897 hac
1139 3842 1276 3912 scriptura
1294 3844 1441 3912 quominus

109 3971 127 4023 f
159 3919 193 3997 §²
220 3915 312 3992 loqui
329 3923 457 3980 Gelasius
474 3922 654 3994 intelligatur,
671 3925 740 3980 nihil
757 3928 842 3994 vetat,
865 3927 983 3983 maxime
1003 3947 1088 3997 quum
1105 3929 1182 3983 illam
1201 3931 1261 3983 tum
1277 3930 1369 3984 ratam
1386 3948 1441 3984 non

122 3992 260 4060 '¹¹⁸ae
281 4007 456 4078 mouentium
478 4008 642 4080 pontificum
664 4011 812 4066 electiones
838 4030 871 4067 ao
892 4013 1052 4083 praedictae
1076 4015 1175 4084 synodi
1202 4015 1252 4068 sub
1275 4014 1440 4083 Symmacho

109 4073 228 4139 *et-2
259 4093 338 4149 anm
355 4093 469 4162 raama,
487 4110 539 4161 aaa
556 4096 684 4151 dubiam
702 4112 752 4150 nos
765 4097 864 4164 suant,
883 4098 1251 4166 <lassataslasatas
1269 4101 1356 4168 gesa,
1375 4098 1441 4166 qun

109 4147 231 4222 lunc
261 4177 390 4250 temporis
408 4178 520 4234 Gelasio
537 4182 703 4252 praecipuus
720 4181 749 4234 in
768 4183 841 4237 clero
864 4185 893 4237 et
914 4182 942 4236 in
960 4184 1099 4239 Ecclesiae
1117 4183 1236 4252 negotiis
1253 4184 1329 4237 locus
1347 4182 1438 4236 fixerit.

227 4261 322 4317 etiam
339 4263 509 4335 compositus
526 4266 569 4319 est
586 4264 657 4320 illius
676 4283 780 4333 sermo,
803 4270 834 4321 ut·
856 4268 930 4335 quod
952 4285 1008 4321 non
1031 4270 1118 4335 solus,
1139 4269 1186 4322 sed
1206 4269 1361 4337 quodcum
1379 4267 1440 4321 aliis

109 4319 288 4399 Βιθῐὶῦὶε
302 4348 422 4418 lethot,
440 4367 597 4407 memorare
615 4351 749 4406 videatur.
786 4351 857 4406 Vide
875 4353 951 4422 apud
969 4352 1165 4422 Symmachum
1184 4352 1290 4422 episto
1307 4371 1333 4406 n.
1347 4359 1372 4406 4.

241 4429 284 4495 ’Pi
299 4431 353 4489 lloo
369 4435 426 4490 eat:
445 4441 607 4506 ediptyriir,
626 4435 659 4490 nt
675 4453 709 4491 ex
726 4435 768 4490 his
788 4437 921 4507 epistolae
933 4445 965 4493 ‘27
978 4437 1118 4506 sequentis
1131 4443 1179 4490 nss
1195 4436 1346 4506 colligitur:
1366 4441 1441 4491 Num-

117 4510 238 4562 μὴ
261 4532 344 4581 vaces,
362 4540 425 4591 quoa
442 4527 635 4584 meurorauimua
662 4528 779 4592 episcopi
795 4530 944 4592 imperatori
960 4531 1057 4577 urentiti
1072 4536 1137 4584 arant,
1161 4528 1278 4591 asciriquirl
1294 4541 1378 4576 omues
1395 4529 1440 4576 inr-

122 4596 311 4654 matura
330 4624 416 4660 norrea
437 4625 474 4660 ec
495 4610 623 4674 diptychis
644 4611 825 4669 mutarerunt,
857 4609 964 4662 Horum
986 4607 1072 4677 igitur
1099 4606 1243 4661 orinrinum
1269 4608 1441 4677 postremum

128 4660 350 4756 Calenum,
371 4688 494 4760 primum
510 4690 631 4746 Johanni
652 4692 833 4761 affingebant.
870 4694 936 4747 ldco
959 4695 1052 4748 autem
1072 4691 1235 4760 Calendion,
1257 4695 1289 4747 nt
1305 4693 1441 4763 Euagrius

132 4746 222 4814 lib·
240 4768 264 4816 3
283 4781 333 4842 αφ.
346 4780 377 4830 16
394 4774 500 4843 scribit,
518 4775 621 4832 Zenoni
638 4777 667 4832 in
686 4778 778 4831 otlium
796 4778 881 4845 venit,
898 4779 964 4848 quia
983 4783 1034 4840 Illi,
1055 4783 1157 4833 Leontii
1175 4789 1199 4832 et
1217 4784 1379 4848 Prrmprepii,
1399 4783 1442 4847 qui

138 4845 303 4907 “dmm
315 4863 435 4916 Zenonem
451 4868 611 4931 tyrannidem
627 4875 798 4932 sumpserunt,
819 4876 911 4932 partes
931 4870 1025 4931 fouisse
1048 4868 1254 4931 existimabatur,
1277 4864 1322 4918 vel
1338 4863 1440 4934 potius,

144 4923 196 4973 ¹¹¹²
223 4927 358 5001 ⁰b⁸0mt
372 4945 522 5005 Liberatus
540 4952 654 5019 eap.18,
672 4954 884 5019 praetexebatur.
1147 4941 1151 4948 ¹
