3204 5506
237 107 302 174 444
712 124 740 172 s,
758 121 897 173 senisu
918 122 1033 171 aissa

131 294 225 342 assa.
328 280 377 342 ll.
422 277 484 354 Qui
506 278 533 342 si
555 278 591 342 in
612 276 675 342 hac
696 280 783 359 sunt,
813 277 896 361 quod
920 277 1014 359 absit,
1039 277 1257 343 obstinatione
1278 278 1437 363 mananti,
1471 307 1518 349 re

238 382 344 446 soluta
366 380 508 445 conditio
530 383 580 444 est
601 379 687 443 illius
709 380 767 463 rei,
791 403 873 464 quae
895 403 1004 445 eornm
1021 380 1135 445 studiis
1149 379 1344 445 fiducialiter
1358 384 1513 449 censebo

237 487 291 549 tur
312 482 449 567 impleri.
494 480 552 546 Sin
585 504 675 562 vero,
710 482 793 546 sicut
826 484 932 567 potius
960 484 1124 567 optamus,
1153 481 1278 546 fuerint
1307 480 1347 545 ad
1375 483 1509 549 meliors

238 586 399 668 conversi,
433 606 474 648 ne
501 585 588 648 inter
619 584 698 648 haec
732 585 863 649 interim
895 585 950 669 qui
981 583 1232 649 misericordiam
1264 585 1419 668 postulat,
1449 573 1510 645 vel

237 692 343 754 aetate
365 687 416 751 vel
438 688 559 770 morbo,
583 708 645 770 quo
667 686 852 770 frequenter
873 686 1105 773 impetitae),
1130 685 1233 770 possit
1245 685 1404 771 intercipi,
1424 687 1513 751 dull

237 794 287 856 est
308 793 479 873 supersteS,
509 793 558 853 est
586 789 826 871 consulendum,
854 813 895 854 ne
917 789 1070 853 defuncto
1090 790 1159 872 jam
1181 787 1308 852 nullum
1336 788 1428 872 possit
1442 789 1519 851 st

236 892 376 958 medium
397 890 574 975 subrogari.
620 890 745 975 Quippe
774 914 870 976 quum
892 914 957 955 non
981 891 1102 955 dictum
1124 890 1177 973 sit,
1200 897 1264 955 siae
1285 896 1346 956 ata
1366 889 1528 955 adiit*

236 1000 314 1060 titas
340 1001 401 1059 sive
428 1000 517 1057 etiam
542 996 688 1069 fortassis
710 1000 819 1072 invitis,
850 995 904 1058 sed
934 1015 1002 1059 cam
1029 1013 1130 1058 eoram
1158 993 1263 1076 magis
1286 999 1394 1058 adnisa
1415 967 1539 1077 qual

236 1097 475 1182 promulgatum
496 1094 602 1158 fuerat
630 1117 723 1178 posse
747 1098 903 1179 constare,
936 1094 1030 1181 sic³¹)
1052 1094 1155 1180 igitur
1177 1093 1337 1179 cum-illis
1358 1093 1486 1159 aduite‘
1522 1094 1547 1136 l·

235 1199 322 1262 tibus
344 1197 526 1262 nullatenus
548 1197 690 1281 praefixa
718 1198 904 1281 perdurant.
934 1196 1005 1262 Hoc
1035 1198 1132 1262 etiam
1154 1201 1267 1261 tenore
1289 1197 1399 1261 beatus
1416 1195 1554 1261 Pae-l·

236 1301 286 1364 lus
309 1299 471 1389 apostolus
493 1320 559 1362 non
581 1299 662 1377 idea,
690 1300 774 1383 quod
797 1301 891 1382 absit,
921 1299 1074 1364 fefellisse
1097 1299 1273 1364 credendus
1296 1301 1418 1363 estant
1434 1278 1562 1362 still

237 1402 397 1466 exstitisse
420 1402 610 1484 contrarius,
634 1402 785 1486 quoniam
808 1424 906 1487 quum
928 1425 961 1467 se
978 1403 1017 1467 ad
1032 1402 1209 1486 Hispanias
1231 1400 1425 1486 promisisset
1435 1400 1584 1464 ιί-ἵ-ῊΙ

237 1526 318 1586 rum,
342 1503 550 1587 dispositione
572 1504 681 1567 divina
701 1504 883 1588 majoribus
899 1508 1073 1589 occupatus
1096 1527 1135 1568 ex
1158 1503 1261 1568 causis
1283 1503 1413 1587 implere
1432 1511 1571 1567 nvtss

236 1606 342 1690 potuit
373 1606 457 1690 quod
489 1606 645 1689 promisit.
691 1604 854 1680 Quantum
882 1608 969 1671 enim
1002 1607 1102 1690 ipsius
1131 1605 1308 1671 voluntatis
1342 1604 1490 1670 interlu':
1526 1595 1570 1679 :lt

236 1710 297 1772 hoc
319 1707 551 1792 pronuntiavit,
575 1708 658 1792 quod
681 1731 792 1773 revera
814 1709 966 1774 voluisset
988 1709 1131 1792 efficere;
1161 1710 1319 1792 quantum
1342 1707 1381 1771 ad
1402 1699 1572 1772 diffini

236 1813 359 1875 secreta
383 1809 522 1892 consilii,
552 1832 632 1894 quae
660 1813 697 1874 ut
723 1810 818 1874 homo
840 1812 948 1875 omnia
970 1834 1035 1876 non
1059 1810 1166 1895 potuit
1186 1809 1263 1874 licet
1291 1808 1413 1894 Spiritu
1440 1804 1571 1873 U

236 1912 350 1996 plenus
373 1934 556 1997 agnoscere,
580 1934 719 1995 superna
741 1913 958 1996 praetermisit
972 1913 1185 1997 dispositione
1200 1914 1404 1996 praeventus.
1432 1906 1569 1975 lffloc

160 2042 169 2049 ·
236 2016 311 2098 quia
334 2015 446 2079 beatus
461 2014 575 2078 Petrus
598 2015 760 2097 apostolus
782 2038 840 2099 pro
863 2015 979 2079 aflectu
1001 2015 1128 2079 divinae
1150 2014 1351 2079 reverentiae
1364 2013 1425 2097 ipsi
1438 2010 1564 2078 [lo

83 2117 324 2191 Joh.13,8.mino
346 2117 526 2200 respondit:
551 2121 617 2180 Non
640 2122 756 2182 lavabis
778 2124 852 2182 miti
867 2124 962 2198 pedes
984 2098 1015 2182 in
1039 2130 1206 2199 aeternam,
1232 2115 1397 2199 fefellisse,
1419 2116 1561 2200 qi-od

236 2219 330 2301 absit,
355 2219 465 2283 autin
489 2241 546 2282 sua
568 2220 735 2302 putabitur
755 2220 887 2284 minime
911 2220 1092 2284 constitisse
1114 2220 1288 2301 sententia,
1317 2218 1401 2304 quod
1428 2240 1556 2283 1:³01

236 2319 340 2384 eidem
374 2320 501 2384 divinae
530 2321 662 2385 cesserit
695 2323 870 2405 voluntati,
907 2325 939 2386 et
967 2322 1054 2407 quod
1077 2344 1112 2387 se
1141 2320 1313 2405 dixerat³²)
1342 2342 1407 2385 nou
1433 2342 1486 2384 s-
1508 2342 1551 2385 sse

236 2422 406 2505 facturum,
432 2422 535 2486 causis
551 2423 723 2488 adstrictus
739 2425 898 2488 humanae
914 2424 1026 2491 salutis
1042 2427 1207 2509 expeteret
1221 2445 1325 2507 prona
1336 2421 1546 2511 solunt-aste

236 2523 429 2589 faciendum.
467 2524 590 2589 Idcirco
612 2526 668 2590 illa
690 2550 755 2591 non
788 2527 1024 2612 succedenteffi)
1054 2526 1119 2611 via,
1155 2548 1217 2611 qua
1245 2547 1372 2589 reorum
1398 2524 1490 2589 fue
1501 2525 1548 2585 nit

236 2627 454 2692 reconciliatio
478 2627 664 2710 constituta,
694 2628 829 2692 alteram
851 2629 927 2693 licet
948 2629 1076 2709 adoriri,
1100 2651 1163 2712 qua
1185 2627 1405 2709 subveniatur,
1433 2623 1548 2710 qui·

236 2729 295 2794 bus
311 2730 563 2793 subveniendum
587 2753 655 2794 esse
677 2732 842 2795 decretum
865 2735 929 2795 est:
952 2731 1090 2795 maxime
1111 2752 1209 2814 quum
1226 2729 1353 2794 Miseno
1367 2752 1406 2794 ex
1425 2745 1550 2813 (ιω

235 2830 315 2896 libet
342 2854 472 2896 excessu
500 2831 549 2897 vel
577 2833 719 2917 qualibet
747 2833 1021 2916 praevaricatione
1030 2832 1070 2915 ³¹)
1098 2854 1202 2916 poena
1229 2831 1389 2914 sufficiat,
1419 2844 1553 2915 quae

236 2956 334 3018 usque
357 2957 394 2998 eo
416 2938 521 2999 tracta
543 2938 606 3017 est,
645 2939 682 2999 ut-
709 2936 776 3000 sola
805 2935 997 2999 conditionis
1025 2934 1186 2998 humanae
1217 2922 1369 3018 suprema
1401 2923 1585 2998 consi-¹

140 1378 219 1432 Rom.

132 1453 170 1507 15,
181 1454 223 1505 ⁴28.

303 3157 335 3222 ³⁰)
355 3156 397 3208 ltu
415 3157 448 3207 (¹1¹
463 3158 502 3221 a¹3
525 3156 583 3209 bc⁷
601 3174 677 3225 seqq.
697 3162 844 3225 trapestiiar,
867 3164 949 3224 possit
967 3161 1098 3225 intercipi,
1121 3160 1178 3209 dam
1195 3174 1275 3223 saper
1298 3159 1355 3209 ielis
1371 3164 1397 3208 et
1413 3161 1563 3208 τοῦθ’·

235 3245 333 3294 lendum
405 3247 499 3309 quippe
517 3262 570 3293 ram
588 3248 678 3296 diction
696 3246 746 3298 sit..
1203 3296 1215 3313 ‚

302 3327 335 3391 ³¹)
355 3325 396 3378 Ita
414 3324 448 3389 Ql
461 3326 494 3379 G'
509 3329 534 3379 a¹
555 3326 600 3393 (θ’
612 3329 674 3393 iic),
697 3324 744 3379 alii
763 3325 831 3378 editi
848 3332 913 3379 sicui
931 3332 1009 3393 ipisus
1078 3332 1218 3379 nallatenus
1237 3344 1306 3393 pace
1325 3331 1392 3393 fisa.
1424 3316 1564 3378 [dem

235 3413 330 3464 autem
348 3412 389 3464 eat
406 3419 526 3478 praelixa
545 3411 619 3477 quod
638 3428 721 3480 supra
737 3415 901 3478 praestituta.

302 3497 335 3564 ⁸¹²)
353 3496 397 3549 lta
414 3495 492 3560 ΝΗ),
512 3512 583 3561 quae
601 3494 682 3549 lectio
696 3496 779 3548 antea
791 3507 817 3548 ut
830 3501 936 3565 quartae
948 3495 1058 3550 videtur
1069 3494 1191 3564 exigere.
1218 3494 1304 3549 Ata·
1318 3496 1345 3549 a'
1359 3494 1488 3549 «riserit

234 3599 329 3647 praere
348 3580 402 3646 (vel
419 3583 518 3648 palere)
536 3599 621 3647 prona
639 3580 704 3644 <2²2
723 3600 817 3648 passus
834 3591 872 3634 est
889 3601 981 3649 prona.

303 3667 334 3731 ³³)
352 3664 389 3717 Ns
409 3670 534 3731 faciente,
560 3664 617 3718 be⁷
637 3682 714 3733 seqq.
733 3671 869 3719 accedente
887 3671 939 3728 oia,
959 3687 1008 3736 pria
1026 3685 1127 3728 earam,
1145 3665 1179 3719 G'
1194 3666 1228 3730 Q’
1241 3667 1269 3719 α*
1287 3669 1444 3719 succedente
1478 3653 1554 3708 ά*

199 3804 206 3822 ,
234 3770 314 3818 quare
333 3754 420 3803 torum
437 3751 482 3817 ((,ὶι
501 3771 551 3819 qna
569 3753 691 3816 reorum),
711 3750 783 3803 undo
801 3753 898 3804 nostra
915 3750 1006 3805 lectio.

301 3837 334 3902 ³⁴)
352 3835 370 3885 li
384 3839 410 3887 οἵ
428 3852 504 3903 seqq.
523 3841 753 3902 praevaricationis
815 3847 928 3890 tractata
946 3848 984 3890 est
1043 3839 1257 3890 caasidmtionis
1274 3834 1324 3900 (N‘
1341 3819 1546 3889 maasias-tl

233 3924 355 3973 tresnariae
372 3940 492 3988 stipi-ema
509 3912 725 3982 consideratione,
744 3919 777 3972 G'
792 3922 818 3974 a*
839 3932 923 3974 tracta
935 3933 973 3974 est
1036 3925 1189 3974 conditionis
1205 3910 1331 3974 humanae
1347 3932 1373 3974 et
1388 3920 1543 3986 affl

233 4011 389 4063 conditione,
413 4004 485 4057 unde
508 4005 604 4058 nostra
626 4003 708 4058 lectio
732 4008 851 4074 apparet
872 4004 990 4073 integra.
1027 4005 1159 4059 Declarat
1177 4002 1306 4059 Gelenius
1328 4020 1361 4059 eo
1381 3998 1537 4057 ascl-5¹⁰

233 4105 281 4142 seu
299 4090 438 4159 prolatam
456 4107 514 4144 esse
533 4089 631 4142 Miseni
649 4105 779 4158 poenam,
804 4091 834 4143 ut
852 4105 906 4142 non
924 4090 1041 4157 habeat,
1060 4107 1114 4158 quo
1133 4091 1254 4144 arescat:
1277 4088 1412 4158 siquidem
1425 4098 1458 4136 Β
1474 4082 1537 4160 ‘ll'

234 4173 282 4239 tis,
301 4174 344 4229 cui
362 4175 482 4229 obnoxia
500 4182 543 4229 est
560 4175 682 4228 humana
699 4173 834 4240 conditio,
857 4192 996 4243 quamque
1014 4174 1119 4228 Miseno
1137 4175 1201 4243 jure
1219 4172 1398 4229 metiendam
1411 4150 1536 4224 ουρ*

232 4276 305 4314 nuae
321 4258 395 4312 illius
413 4258 602 4328 aegritudines
619 4259 747 4325 suadent,
771 4261 895 4314 extremo
917 4258 1075 4313 discrimine
1098 4257 1274 4313 considerato
1297 4255 1431 4312 (iamim
1487 4233 1535 4326 3*

233 4346 325 4409 xctur,
348 4345 433 4412 atqua
455 4345 496 4399 ita
513 4343 685 4399 satisfactum
708 4344 744 4398 sit
766 4344 950 4399 severioribus
972 4343 1111 4399 Ecclesiae
1134 4341 1301 4410 canonibus,
1324 4342 1383 4412 qui,
1401 4332 1536 4410 pena

234 4426 391 4485 durioribus
410 4428 543 4498 exeeptis,
566 4429 617 4483 etsi
641 4429 842 4499 poenitentiam
860 4430 896 4483 ad
915 4428 1019 4483 exitum
1036 4428 1111 4483 vitae
1129 4426 1311 4497 protrahant,
1331 4427 1361 4481 in
1420 4422 1425 4435 ⁸
1522 4416 1535 4452 ⁰

234 4511 390 4569 constitutis
408 4529 470 4568 eam
488 4513 593 4569 remitti
609 4514 713 4568 volunt.
750 4521 789 4570 De
807 4521 846 4569 la‘s
863 4536 936 4577 vero,
954 4513 1045 4583 inquit
1056 4513 1210 4568 Nicaenum
1227 4511 1373 4567 canalium
1383 4525 1433 4565 on
1444 4488 1536 4560 α*

234 4603 277 4667 qni
288 4604 410 4651 recedunt
422 4618 458 4652 ea
469 4620 587 4667 corpore,
606 4606 710 4669 antiqua
729 4606 791 4668 lepis
809 4609 898 4669 reputa
916 4603 1092 4655 observabitur
1102 4603 1179 4653 etiam
1190 4617 1264 4663 nunc,
1281 4602 1320 4652 iu
1336 4607 1372 4663 ut,
1387 4574 1535 4661 ΗΚ*

234 4688 290 4757 qais
307 4687 412 4737 recedat
430 4702 465 4738 ea
483 4703 605 4754 corpore,
625 4691 770 4739 necessario
783 4681 853 4740 citae'
866 4706 928 4739 suae
945 4691 1037 4740 viatico
1050 4704 1101 4738 nan
1119 4687 1298 4750 defraudetur.
1325 4666 1533 4749 ΟΜΝ
