3204 5506
581 356 779 405 PRAEFATIO
803 357 980 409 nmroRls.
1375 365 1412 412 XI

131 519 222 591 dem
254 519 302 591 arl
335 518 512 614 epistolas
545 515 752 611 pontificias
783 516 963 611 pertinet,
1003 518 1121 589 solum
1156 516 1338 594 Sirmondi
1373 528 1411 597 et

131 637 348 711 Coustantii
365 637 491 711 studia
509 635 677 709 adhibita
695 657 773 708 esse
790 635 973 724 videntur,
994 637 1065 708 etsi
1083 637 1160 731 ipse
1180 643 1310 725 auctor
1321 664 1409 714 non-

131 757 248 829 nullis
270 757 360 831 locis
379 780 464 830 cum
489 752 679 828 Sirmondo
698 757 860 848 repetat,
899 754 1106 828 etiamtunc
1131 758 1279 830 abiaram
1301 783 1409 833 eaeor

123 878 330 968 plorimm
347 900 442 968 operio
459 877 726 949 desiderandam
745 877 854 965 titisse
877 873 985 962 (conf.
1005 874 1028 945 l.
1053 898 1082 946 c.
1103 873 1136 963 Ι,
1158 877 1258 965 ost).
1301 876 1408 954 oeae

124 995 211 1086 jam
240 995 280 1065 in
303 995 535 1089 praelatione
558 993 722 1088 generali
747 1015 830 1086 pag.
850 990 885 1061 Π
911 995 1039 1085 aperte
1060 993 1241 1082 declarat,
1273 996 1342 1068 sibi
1368 997 1407 1069 in

130 1115 205 1187 hac
224 1138 263 1186 re
281 1111 489 1187 Coustantii
516 1112 776 1185 annotationes
802 1110 884 1183 usui
911 1110 1038 1197 trisse,
1068 1111 1236 1205 idemque
1262 1114 1302 1186 in
1329 1115 1407 1209 ipso

130 1256 245 1328 opere
271 1235 335 1306 col.
365 1235 436 1304 305
469 1231 613 1326 plenius
648 1231 704 1303 ita
728 1229 881 1324 repetit:
919 1230 1032 1317 aarum
1057 1232 1205 1321 scriptas
1234 1235 1280 1303 ad
1303 1238 1405 1326 septi-

133 1377 230 1424 mam-
258 1375 359 1445 usq-aa
385 1353 557 1424 sacadzaa
580 1375 601 1422 o
615 1350 838 1442 pontificibus
857 1349 1025 1421 Ronroais
1043 1350 1202 1440 epistolas
1220 1352 1267 1422 ad
1283 1375 1405 1424 ‘samaa
1523 1418 1530 1426 .

130 1475 338 1563 scriptasit
364 1473 471 1544 editos
496 1471 599 1542 libros
625 1471 666 1540 ab
692 1471 805 1541 mdera
826 1468 1023 1540 Coastaatio
1050 1468 1187 1540 collatas
1212 1469 1404 1559 babeamus,

130 1594 312 1662 variantes
337 1591 494 1662 lcatioacs
521 1596 552 1661 et
570 1590 642 1660 (dio
660 1591 734 1679 fero
751 1590 879 1672 oriiaia,
906 1608 992 1677 qliae
1019 1588 1112 1657 circa
1132 1589 1316 1661 (learetales
1333 1593 1404 1680 epi-

131 1710 237 1781 stolas
269 1711 391 1780 dataai
422 1731 557 1785 saisias,
593 1708 787 1778 Corrstoatii
814 1707 1053 1776 ‹aaaotatioaes
1085 1713 1159 1777 taor
1193 1708 1304 1778 editae
1331 1715 1404 1779 tam

134 1829 287 1899 ineditae
313 1827 589 1918 sappeditabaat.
633 1825 686 1897 Ac
712 1847 841 1897 revera
867 1823 987 1893 nullas
1014 1846 1079 1895 nos
1106 1823 1268 1915 ejusdem
1295 1827 1402 1897 notas

130 1945 282 2018 criticas
307 1968 375 2018 neo
402 1945 617 2039 ampliorem
636 1944 802 2017 codicum
821 1964 929 2014 usum
947 1940 1262 2036 deprehendimus,
1289 1966 1400 2035 quam

129 2064 168 2135 in
195 2064 331 2156 quibus
357 2064 595 2136 Constantius
629 2063 894 2157 antesignanus
927 2061 1082 2134 exstitit.
1136 2060 1259 2137 Nihilo
1284 2063 1402 2135 secius

126 2206 246 2277 quum
279 2184 388 2276 hujus
420 2183 592 2270 schedae,
632 2206 727 2276 quae
766 2181 869 2254 nobis
903 2181 1101 2274 patebant,
1147 2179 1274 2253 iisdem
1314 2181 1401 2254 locis

126 2303 279 2396 saepius
305 2303 527 2390 defecenmt,
555 2301 690 2373 Labati
710 2323 799 2395 opus
819 2301 1001 2394 plurimae
1019 2299 1123 2371 nobis
1141 2299 1299 2372 utilitati
1317 2300 1401 2374 fuit.

234 2424 269 2492 4.
303 2419 481 2492 Similiter
505 2422 734 2493 Bibliothecae
762 2421 927 2504 Patrem,
954 2442 1049 2512 quae
1076 2418 1123 2490 ab
1149 2418 1211 2490 illo
1236 2422 1401 2514 tempore

128 2541 336 2614 adornatae
363 2543 461 2626 sunt,
489 2539 587 2610 inter
614 2541 737 2610 cetera
764 2538 880 2609 etiam
907 2537 1081 2631 epistolas
1108 2536 1315 2630 pontificias
1340 2560 1399 2611 ex·

129 2659 322 2731 bibebant.
376 2657 478 2730 Inter
502 2681 594 2751 quas
621 2681 710 2751 prae
737 2656 905 2728 omnibus
933 2656 1195 2729 nominandae:

232 2779 445 2849 Bibliotheca
466 2785 616 2849 ¹>aeteram
636 2778 780 2847 Patraar
806 2779 1092 2868 ordia-uoraciqaa
1118 2779 1325 2866 scriptarum
1351 2799 1401 2848 aa·

130 2898 400 2968 desiosticoreoa
417 2918 474 2988 op.
490 2894 698 2967 Andreae
712 2893 947 2966 Gallandii
968 2891 1132 2966 Venetiis
1153 2873 1398 2966 irati-1788

131 3015 167 3085 in
202 3017 247 3085 14
275 3019 366 3086 tom.

234 3134 451 3225 Patrdopiac
468 3135 598 3205 Corsos
615 3134 805 3224 (barplctas
831 3153 950 3203 accur.
972 3130 1007 3202 J.
1023 3130 1061 3202 P.
1077 3130 1224 3225 Migne
1250 3130 1400 3204 Parisiis

135 3254 231 3323 1843
246 3274 320 3344 seq.
349 3252 492 3342 (Patres
517 3251 628 3324 latini
655 3251 702 3323 ad
727 3249 982 3324 Innocentium
1009 3247 1062 3319 Π]
1087 3272 1201 3341 usque
1228 3250 1296 3321 vol.
1315 3253 1397 3338 217,

130 3369 258 3464 graeci
283 3392 398 3463 usque
425 3369 472 3441 ad
498 3370 672 3442 Photium
698 3371 768 3442 vol.
795 3371 891 3461 104).

235 3487 356 3572 Quum
382 3492 508 3560 autem
535 3492 660 3562 textus
687 3489 738 3560 ibi
765 3488 991 3560 solmnmodo
1027 3489 1073 3559 ad
1105 3488 1273 3560 litteram
1304 3489 1398 3583 prio-

128 3633 215 3680 rum
242 3608 446 3680 editionum
472 3612 675 3696 revocatus,
704 3631 768 3702 pro
796 3609 925 3680 critica
951 3608 1187 3690 restitutione
1214 3631 1282 3680 sua
1308 3609 1398 3680 nihil

128 3730 323 3822 promotus
350 3729 416 3799 est.

235 3848 269 3917 5.
306 3844 449 3931 Novam
467 3846 707 3939 epistolarum
725 3846 998 3940 pontificiarum
1016 3847 1181 3940 ipsarum
1200 3845 1397 3919 editionem

128 3965 262 4038 deinde
280 3962 555 4038 Schoenemann
581 3966 742 4059 suscepit
768 3966 835 4038 hoc
862 3966 989 4037 titulo:
1021 3966 1258 4056 Epistolorara
1277 3966 1398 4038 Poati-

129 4088 236 4175 timon
254 4085 489 4156 Barcanorum
507 4110 528 4155 o
545 4107 570 4154 s.
592 4085 761 4157 Cleaioate
781 4087 806 4155 I
831 4107 933 4178 usqae
956 4087 1002 4157 ad
1019 4107 1044 4154 s.
1058 4083 1205 4155 Leonem
1225 4083 1399 4176 Mapraaa

137 4204 279 4274 Ἔφη-,1.
308 4204 368 4275 Ea
392 4207 586 4274 aecaasioae
614 4205 713 4275 Petri
743 4205 936 4275 tirrrstaatii
967 4227 1044 4274 aum
1069 4204 1218 4291 ejusdem
1244 4204 1397 4275 (siloami-

129 4322 283 4393 tionibus
308 4329 340 4393 at
366 4323 483 4394 selecta
512 4323 730 4394 adnotatione
757 4326 892 4393 curavit
919 4324 1129 4414 aliorumque
1155 4323 1339 4392 aoarrallas
1366 4332 1397 4396 et

128 4464 212 4512 seros
238 4441 553 4513 aaioradoersiooes
576 4443 714 4514 addidit
735 4441 812 4511 Car.
836 4443 961 4534 Trana.
985 4442 1116 4512 (iottbob
1135 4440 1396 4516 Sabaeaeraaoa.

134 4561 320 4651 (letti-ripae
340 4563 391 4630 17
396 4563 452 4629 96.
497 4557 576 4646 Sed,
604 4563 648 4629 ut
670 4559 750 4651 jam
777 4559 966 4653 inscriptio
984 4560 1099 4647 docet,
1127 4582 1273 4631 summa
1299 4560 1396 4632 illius

127 4702 219 4751 ama
245 4678 285 4749 in
313 4678 546 4771 excerpendis
564 4677 772 4750 Constantii
799 4678 895 4751 notis
917 4679 997 4771 jam
1020 4679 1127 4751 editis
1153 4682 1302 4751 versata
1328 4681 1395 4768 est,

124 4798 263 4891 quibus
296 4796 480 4890 quaedam
519 4820 638 4890 pauca
674 4820 717 4868 ex
750 4797 1031 4870 Balleriniorum
1071 4798 1202 4869 studiis
1242 4797 1393 4889 adJecit;

125 4918 228 4991 ultra
256 4917 321 4988 vix
349 4915 424 4987 ullo
451 4916 556 4987 modo
583 4938 794 5011 progressus
822 4920 888 4989 est.
