3204 5506
154 492 247 542 uest.

148 897 249 953 Matth.

154 975 193 1029 18,
203 972 242 1020 18.

172 1690 236 1744 Luc.

162 1766 247 1823 rust.

260 307 323 371 446
736 323 763 369 s.
782 319 919 399 sumsit
946 318 1086 366 vnvns¹

261 475 425 539 facultatis
449 479 498 538 est
519 474 680 537 modulum
704 474 812 537 divino
831 474 952 557 judicio
976 473 1204 557 relinquentes.
1248 472 1325 537 Non
1348 476 1457 541 autem
1484 501 1549 545 no

261 578 310 640 bis
342 580 494 659 poterunt
532 575 706 658 imputare,
748 598 803 639 eur
840 575 1126 659 prneraricatiouis
1160 575 1317 639 offensam
1350 577 1543 644 viventibus

260 678 472 759 remittamus,
501 678 584 760 quod
613 677 776 740 Ecclesiae
799 677 866 741 Deo
896 678 1055 762 largiente
1077 676 1230 761 possibile
1258 682 1319 758 est,
1347 677 1446 763 quim)
1463 692 1539 745 11⁰⁸

261 780 359 844 etiam
381 780 514 843 mortuis
536 779 663 842 veniam
685 783 850 862 praestare
873 780 1059 862 deposcunt,
1084 778 1167 863 quod
1183 778 1277 843 nobis
1293 778 1438 863 possibile
1451 791 1537 844 11⁰1]

264 903 333 945 esse
355 881 564 944 marrisestrmr
587 889 643 943 est.
689 881 771 954 Quia
794 904 891 964 (qurum
914 881 1034 944 dictum
1057 881 1115 944 sit:
1146 888 1228 956 (tune
1249 887 1415 959 licaverint
1431 890 1540 962 septi

261 995 393 1049 terrum:
421 1005 500 1066 quos
523 1004 600 1066 ergo
616 1004 681 1044 uon
703 1004 770 1045 esse
789 984 858 1066 jam
882 987 1008 1046 constat
1031 987 1279 1066 superterram,
1303 1004 1369 1047 non
1389 982 1543 1045 huni-11⁰

262 1086 316 1149 sed
345 1107 402 1149 suo
427 1084 548 1168 jndicio
577 1084 761 1165 reservavit,
797 1106 856 1147 uec
891 1085 987 1148 audet
1014 1083 1160 1148 Ecclesia
1193 1084 1324 1148 sibimet
1355 1084 1545 1153 vindiealt·

261 1188 343 1271 qnod
366 1187 444 1269 ipsis
467 1186 568 1249 beatis
592 1185 744 1269 apostolis
768 1187 946 1268 conspiciat
967 1207 1033 1249 non
1056 1185 1154 1249 fuisse
1178 1187 1418 1271 concessum⁴⁰).

349 1291 397 1352 14.
442 1289 523 1366 Quia
551 1287 614 1350 alia
636 1287 678 1350 sit
701 1310 797 1350 eausa
820 1287 1038 1370 superstitum,
1069 1286 1132 1349 ulia
1154 1287 1387 1368 defunctorum,
1414 1278 1550 1350 maan

262 1390 380 1453 Vitalis
402 1394 519 1454 sortem
540 1388 641 1452 divini
660 1388 784 1472 judicii,
810 1389 860 1452 eui
883 1389 996 1469 etiam,
1021 1410 1118 1471 quum
1140 1409 1338 1473 magnopere
1364 1389 1549 1461 vellemus

262 1515 328 1555 non
350 1492 454 1574 potuit
476 1490 653 1554 subveniri:
681 1490 756 1553 huic
785 1489 899 1553 saltem
922 1490 1062 1572 prosint,
1092 1490 1167 1553 dum
1197 1488 1289 1575 eopia
1318 1490 1444 1555 viventis
1458 1482 1549 1577 ,nd-

262 1593 378 1674 mittit,
409 1593 442 1655 in
470 1591 618 1661 remediis
652 1592 857 1675 assequendis
886 1591 1016 1655 alterius
1044 1591 1265 1674 experimenta
1293 1596 1419 1677 repente
1446 1584 1550 1655 sulr

260 1695 368 1759 tracti.
404 1694 569 1777 Qumnque
592 1693 746 1776 scriptum
769 1694 967 1757 noverimus:
993 1697 1076 1757 Unus
1099 1707 1267 1760 assumetur
1289 1707 1318 1759 et
1340 1717 1413 1760 nnus
1430 1694 1551 1757 reliu-

262 1808 385 1876 quecun·
407 1795 554 1859 hortatur
575 1817 635 1858 nos
657 1794 829 1878 intercepti
851 1794 1026 1878 periculum
1049 1795 1084 1859 in
1106 1796 1277 1879 superstite
1300 1796 1436 1861 subsidia
1454 1809 1552 1858 non

262 1898 435 1982 differre⁴¹)
468 1897 620 1978 sanandi,
659 1897 713 1979 qui
741 1895 800 1959 hoc
834 1897 903 1980 ipso
936 1896 1136 1979 recipiendus
1169 1897 1325 1962 divinitus
1357 1897 1553 1970 indatur,

262 2022 359 2084 quum
381 2000 428 2063 illi
450 1999 636 2083 supervivit,
660 1998 713 2081 qui
737 1998 777 2061 ad
800 1997 879 2061 haee
892 2020 956 2061 uon
972 1999 1090 2062 meruit
1111 2000 1295 2082 pervenire:
1318 2002 1353 2064 et
1372 1997 1554 2084 quoddam

262 2102 300 2166 de
328 2105 462 2189 utroque
495 2099 640 2164 coelestis
666 2099 779 2181 judieii
812 2098 952 2183 refulget
978 2123 1127 2184 examen,
1161 2100 1402 2186 ostenditurque
1432 2091 1555 2164 nouis

262 2204 439 2268 evidentius
470 2203 505 2266 in
527 2202 659 2284 duobus,
690 2201 723 2264 in
746 2223 808 2285 quo
830 2201 928 2265 luerit
957 2224 1053 2267 eausa
1080 2202 1149 2267 sine
1178 2203 1281 2286 venia,
1306 2206 1339 2267 et
1360 2203 1446 2289 in⁴²)-
1467 2211 1556 2281 qu⁰

262 2309 320 2389 sit,
350 2328 431 2390 quae
453 2305 658 2389 indulgentia
688 2325 795 2367 carere
823 2324 889 2365 non
912 2303 1035 2367 debeat.
1082 2307 1189 2389 Atque
1217 2304 1308 2387 ideo,
1338 2326 1432 2388 quam
1456 2302 1558 2382 ipse

262 2429 397 2493 quoque,
429 2409 456 2470 si
478 2410 639 2491 superstes
663 2407 883 2489 competenter
904 2405 1042 2470 Aeacius
1065 2406 1249 2491 expetisset,
1277 2410 1427 2490 potuerat
1446 2393 1560 2466 obfi-

262 2530 349 2591 nere,
374 2508 492 2592 quippe
520 2508 558 2571 de
586 2529 648 2592 quo
670 2507 716 2571 sie
738 2507 879 2590 positum
901 2511 950 2571 est
971 2515 1156 2574 insolubilem
1182 2512 1266 2591 sore,
1295 2510 1333 2572 ut
1359 2530 1425 2573 non
1445 2502 1562 2571 (lice

263 2614 351 2674 retur
372 2610 535 2693 etiamsi⁴³i
555 2613 641 2699 sorte
662 2617 846 2692 corriperem
872 2609 972 2673 multo
993 2611 1097 2694 magis
1119 2611 1205 2692 huic,
1229 2611 1284 2694 qui
1308 2607 1563 2675 communi01le

331 2834 363 2899 39)
381 2832 501 2884 Rursum
518 2828 588 2884 haec
599 2830 745 2883 Facundus
763 2830 868 2884 ibidem
886 2830 983 2885 laudnt
1000 2831 1039 2884 sic
1050 2831 1232 2901 interpolata:
1251 2838 1295 2902 qm'
1312 2851 1360 2886 nos
1376 2836 1449 2885 etin
1478 2836 1564 2877 *θ’*

263 2921 312 2969 tuis
329 2927 371 2969 unt
391 2921 486 2969 ueniam
509 2920 553 2969 niet
574 2912 804 2969 condemnationem
827 2923 891 2969 (ture
912 2927 1027 2983 poscunt.
1069 2915 1147 2969 Hunc
1168 2917 1264 2970 nutem
1286 2913 1563 2986 interpolationem

263 3000 402 3071 ignoravit
419 2998 536 3068 Vigilius
554 3017 630 3069 papa
652 2998 680 3052 in
698 2999 848 3054 constituto
871 3017 919 3054 seu
940 2999 1020 3069 epist.
1034 3007 1066 3053 m
1088 3019 1114 3053 n.
1131 3008 1191 3068 125,
1217 3000 1266 3055 ubi
1289 2999 1417 3055 eumdem
1437 2998 1562 3052 locum

263 3086 338 3140 citat.
374 3086 410 3138 Et
427 3101 493 3139 vero
513 3085 637 3139 Gelasius
655 3083 809 3138 Orientales
827 3083 1015 3140 schismaticos
1033 3085 1078 3139 hic
1095 3085 1188 3151 notat,
1211 3083 1260 3153 qui
1277 3085 1424 3150 Acacium,
1451 3072 1563 3135 exffl

260 3170 400 3224 Ecclesiae
419 3157 639 3223 communionem
658 3169 825 3234 defunctum,
844 3169 959 3239 abipso
978 3170 1084 3224 absolvi
1101 3170 1246 3234 volebam
1265 3170 1301 3224 de
1320 3185 1376 3239 quo
1394 3170 1423 3223 et
1437 3183 1489 3235 ep·
1542 3152 1564 3245 ¹}

261 3263 317 3308 nb
339 3255 378 3308 sie
400 3272 462 3308 eum
485 3253 640 3307 audivimus
661 3253 834 3321 loquentem:
866 3258 1059 3318 emulationem,
1087 3275 1160 3325 qnam
1180 3264 1314 3322 superstes
1336 3273 1383 3309 nec
1405 3238 1571 3329 quet&

262 3348 360 3394 omniuo
378 3360 424 3393 nec
441 3345 537 3398 ner-uit,
556 3350 667 3392 rnortnus
679 3345 737 3403 jtmr
754 3360 803 3393 non
816 3351 903 3406 potest
915 3346 1061 3407 impetrare,
1079 3345 1201 3408 siquidem
1218 3345 1283 3407 ipsis
1299 3344 1423 3408 apostolis
1433 3321 1572 3390 W

262 3445 321 3479 uoce
339 3430 484 3490 detepntnm·
497 3434 549 3477 est:
568 3427 637 3487 Quae
655 3429 793 3491 Hyameitis
810 3445 888 3491 super·
907 3436 1001 3476 terrum
1020 3425 1071 3477 etc.
1103 3422 1240 3487 Quocirca
1256 3422 1327 3477 nihil
1345 3426 1406 3478 emi
1420 3406 1581 3477 wlff

263 3526 311 3562 our
329 3519 372 3561 aut
390 3514 619 3562 condennationem
637 3514 753 3561 recideret.
1565 3563 1569 3571 ,

329 3595 361 3660 ⁴⁰)
379 3591 463 3661 Apud
475 3592 635 3645 Fiscuudum
653 3593 695 3645 his
707 3593 833 3661 proxime
846 3594 1019 3662 adjungitur:
1039 3598 1069 3647 Si
1085 3599 1149 3646 enim
1167 3599 1225 3646 ticet
1242 3599 1320 3663 lipari
1335 3605 1444 3653 marmor,
1456 3556 1596 3659 tvl*noti

263 3691 286 3735 et
305 3686 381 3736 solm':
400 3682 465 3732 etsi
482 3684 540 3731 licet
558 3684 662 3731 mortuis
680 3683 864 3731 rtnrnnntionem
882 3684 987 3744 inferre,
1007 3683 1065 3731 ticet
1082 3689 1107 3732 et
1124 3683 1220 3731 nenium
1239 3683 1327 3741 dare„
1350 3680 1424 3743 Quae
1436 3633 1596 3731 &1¹45

263 3763 425 3817 Sirmondus
444 3761 548 3815 Gelasii
567 3779 627 3814 esse
647 3761 825 3826 existimavit,
848 3761 897 3815 sed
920 3763 957 3816 ad
974 3763 1065 3832 ipsum
1081 3760 1243 3816 Facundum
1265 3778 1300 3816 ea
1316 3760 1448 3832 pertinere
1460 3726 1596 3813 nvp*

262 3849 350 3901 solum
368 3848 525 3899 nost-rorum
544 3847 669 3900 codicum
688 3847 736 3899 sad
745 3845 842 3914 vigilii
859 3846 944 3899 etiam
956 3863 1047 3916 papae
1060 3845 1227 3900 auctoritate
1240 3845 1384 3903 evincitur.
1411 3830 1521 3900 Ise'‘

262 3933 290 3985 in
308 3932 422 3985 laudato
442 3930 584 3984 constituti
601 3931 662 3983 loco
681 3931 749 3985 haec
767 3931 807 3984 ita
825 3931 965 3985 rescribit:
990 3937 1113 4000 corisptci't
1131 3952 1181 3984 non
1196 3936 1280 3998 [insse
1297 3950 1443 3996 comesus,
1460 3902 1596 4009 βε

262 4023 314 4069 cilia
336 4029 375 4069 est
396 4036 474 4069 cunco
496 4022 670 4083 snper-stilum.
693 4023 744 4068 ntia
767 4020 950 4079 defunctorum.
988 4019 1064 4080 Quae
1083 4015 1181 4069 ultimis
1200 4016 1287 4071 verba
1308 4018 1380 4085 (quin
1395 4021 1443 4070 alia
1584 4010 1596 4020 '¹

263 4102 360 4154 melius
377 4101 413 4154 ud
431 4100 576 4168 sequentia
595 4100 740 4153 referenda
758 4100 837 4153 uobis
856 4101 916 4154 visa
933 4104 1004 4154 sunt.

329 4189 361 4239 ⁴¹l
380 4186 423 4238 Ita
441 4187 474 4236 G·
489 4188 528 4248 a¹;
548 4185 565 4233 b
579 4189 605 4236 c²
617 4201 693 4253 seqq.
714 4190 866 4252 differ-endu,
885 4201 1004 4253 moxque
1022 4185 1058 4237 N⁶
1076 4190 1112 4237 nd
1129 4191 1182 4241 dire,

329 4271 361 4336 ⁴²)
379 4270 483 4322 Fronto
504 4269 629 4322 iunceus
648 4268 721 4322 notis
747 4269 822 4337 apud
844 4270 911 4322 Lab.
931 4270 1080 4338 legendum
1103 4285 1162 4323 esse
1184 4269 1346 4339 conjectans
1367 4278 1392 4325 tn
1412 4290 1458 4341 qm
1477 4268 1559 4323 αὖ

262 4377 310 4425 qno
329 4361 484 4422 indulpentiu
502 4374 592 4407 carcre
612 4374 660 4406 nnn
679 4358 767 4419 debet,
791 4366 866 4424 utque
889 4360 954 4408 odeo
977 4362 1044 4423 qrrod
1062 4361 1117 4423 ipse
1135 4374 1246 4424 quoqne,
1274 4356 1397 4409 mentem
1413 4369 1465 4409 neu
1478 4350 1553 4405 est

263 4442 403 4494 insecutus
422 4438 537 4505 Gelasii,
561 4437 608 4506 qui
627 4437 738 4505 quidem
761 4438 814 4492 hcc
832 4438 885 4491 sibi
903 4439 974 4492 vult:
999 4445 1067 4492 etin
1085 4461 1133 4508 qim
1155 4445 1189 4494 sit
1207 4440 1317 4510 (supple
1334 4442 1434 4507 mm).
1580 4487 1596 4515 ,Ι

262 4531 417 4592 indesinentia
434 4543 525 4576 curere
543 4544 592 4578 non
611 4527 710 4577 eicient.
748 4528 831 4592 Atque
858 4529 915 4577 ideo
939 4544 1011 4592 quum
1029 4524 1138 4592 (supple
1155 4530 1336 4594 indulpentiasr
1357 4541 1407 4579 seu
1421 4516 1596 4579 Μ

262 4615 317 4676 ipse
336 4629 433 4677 quoqne
451 4611 501 4661 etc.
533 4608 722 4661 lnfortunatus
740 4607 793 4673 ille,
812 4614 837 4660 in
856 4627 907 4677 quo·
919 4614 1000 4674 fuerit
1018 4629 1096 4663 cansa
1112 4615 1168 4662 sine
1179 4616 1262 4673 uenia,
1280 4607 1438 4675 estVilslis,
1453 4584 1596 4661 Μ]

264 4691 382 4745 Misenus
400 4692 423 4744 is
442 4695 491 4758 est,
510 4700 534 4745 r'n
553 4714 601 4762 qno
619 4698 652 4746 sit
670 4712 755 4751 cursu,
775 4712 839 4762 qaue
858 4698 1013 4761 indulgentia
1031 4714 1121 4747 cerere
1139 4713 1190 4748 non
1208 4697 1310 4749 debent.

330 4779 362 4842 ⁴³)
381 4777 412 4829 In
429 4776 568 4830 sententia
585 4776 641 4828 scil.
662 4777 792 4829 adversus
809 4776 899 4844 ipsum
918 4794 935 4830 s
952 4777 1043 4831 Felice
1061 4777 1141 4847 epist.
1155 4782 1171 4830 6
1188 4777 1308 4848 prolatu„
1337 4756 1596 4846 QusdeW

263 4861 322 4914 sula
343 4860 403 4912 vide
422 4861 546 4928 ejusdem
564 4860 662 4913 Felicis
682 4861 825 4929 epistularu
850 4870 878 4915 is
897 4869 947 4914 nl
968 4869 996 4916 et
1014 4861 1116 4916 Gelasii
1133 4863 1285 4917 mactatum
1303 4862 1349 4919 lv.
1399 4900 1402 4906 -

1581 4418 1596 4443 ⁴
