<?xml version="1.0" encoding="UTF-8"?>
<!DOCTYPE html PUBLIC "-//W3C//DTD XHTML 1.0 Transitional//EN"
    "http://www.w3.org/TR/xhtml1/DTD/xhtml1-transitional.dtd">
<html xmlns="http://www.w3.org/1999/xhtml" xml:lang="en" lang="en">
 <head>
  <title>
</title>
<meta http-equiv="Content-Type" content="text/html;charset=utf-8" />
  <meta name='ocr-system' content='tesseract 3.04.00' />
  <meta name='ocr-capabilities' content='ocr_page ocr_carea ocr_par ocr_line ocrx_word'/>
</head>
<body>
  <div class='ocr_page' id='page_1' title='image "./epistolaeromano00thiegoog/epistolaeromano00thiegoog_0958.png"; bbox 0 0 3204 5506; ppageno 0'>
   <div class='ocr_carea' id='block_1_1' title="bbox 493 141 1331 208">
    <p class='ocr_par' dir='ltr' id='par_1_1' title="bbox 493 141 1331 208">
     <span class='ocr_line' id='line_1_1' title="bbox 493 141 1331 208; baseline 0.002 -4"><span class='ocrx_word' id='word_1_1' title='bbox 493 158 688 208; x_wconf 81' lang='lat' dir='ltr'><strong>urrsrouss</strong></span> <span class='ocrx_word' id='word_1_2' title='bbox 713 148 898 208; x_wconf 80' lang='lat'>106-109.</span> <span class='ocrx_word' id='word_1_3' title='bbox 1269 141 1331 206; x_wconf 88' lang='grc'><strong>909</strong></span> 
     </span>
    </p>
   </div>
   <div class='ocr_carea' id='block_1_2' title="bbox 55 310 1435 1902">
    <p class='ocr_par' dir='ltr' id='par_1_2' title="bbox 55 310 1435 1413">
     <span class='ocr_line' id='line_1_2' title="bbox 55 310 1435 396; baseline -0.001 -20"><span class='ocrx_word' id='word_1_4' title='bbox 55 311 201 376; x_wconf 81' lang='lat' dir='ltr'><strong>inveniri</strong></span> <span class='ocrx_word' id='word_1_5' title='bbox 222 311 338 396; x_wconf 82' lang='lat' dir='ltr'><strong>possit3</strong></span> <span class='ocrx_word' id='word_1_6' title='bbox 367 315 400 375; x_wconf 90' lang='lat' dir='ltr'><strong>et</strong></span> <span class='ocrx_word' id='word_1_7' title='bbox 421 315 594 396; x_wconf 89' lang='lat' dir='ltr'><strong>antequam</strong></span> <span class='ocrx_word' id='word_1_8' title='bbox 622 310 810 375; x_wconf 75' lang='lat' dir='ltr'>advenerint</span> <span class='ocrx_word' id='word_1_9' title='bbox 837 311 892 395; x_wconf 93' lang='lat' dir='ltr'><strong>qui</strong></span> <span class='ocrx_word' id='word_1_10' title='bbox 914 310 1065 374; x_wconf 90' lang='lat' dir='ltr'><strong>destinati</strong></span> <span class='ocrx_word' id='word_1_11' title='bbox 1091 314 1183 394; x_wconf 92' lang='lat' dir='ltr'><strong>sunt,</strong></span> <span class='ocrx_word' id='word_1_12' title='bbox 1213 314 1435 376; x_wconf 73' lang='lat' dir='ltr'><strong>cunctantia.</strong></span> 
     </span>
     <span class='ocr_line' id='line_1_3' title="bbox 57 411 1330 498; baseline -0.001 -20"><span class='ocrx_word' id='word_1_13' title='bbox 57 413 332 498; x_wconf 81' lang='lat' dir='ltr'><strong>praeparavimus,</strong></span> <span class='ocrx_word' id='word_1_14' title='bbox 356 421 418 498; x_wconf 88' lang='lat' dir='ltr'><strong>quo</strong></span> <span class='ocrx_word' id='word_1_15' title='bbox 440 413 566 478; x_wconf 76' lang='lat' dir='ltr'><strong>facilius</strong></span> <span class='ocrx_word' id='word_1_16' title='bbox 588 413 856 498; x_wconf 73' lang='lat' dir='ltr'><strong>transigerentur,</strong></span> <span class='ocrx_word' id='word_1_17' title='bbox 885 433 967 497; x_wconf 86' lang='lat' dir='ltr'><strong>quae</strong></span> <span class='ocrx_word' id='word_1_18' title='bbox 988 411 1152 497; x_wconf 89' lang='lat' dir='ltr'><strong>perhanc</strong></span> <span class='ocrx_word' id='word_1_19' title='bbox 1174 411 1330 477; x_wconf 89' lang='lat' dir='ltr'><strong>florentis·</strong></span> 
     </span>
     <span class='ocr_line' id='line_1_4' title="bbox 59 508 1387 613; baseline 0 -35"><span class='ocrx_word' id='word_1_20' title='bbox 59 516 178 579; x_wconf 88' lang='lat' dir='ltr'><strong>simam</strong></span> <span class='ocrx_word' id='word_1_21' title='bbox 206 516 316 579; x_wconf 91' lang='lat' dir='ltr'><strong>urbem</strong></span> <span class='ocrx_word' id='word_1_22' title='bbox 341 515 539 598; x_wconf 89' lang='lat' dir='ltr'><strong>disponenda</strong></span> <span class='ocrx_word' id='word_1_23' title='bbox 565 515 704 578; x_wconf 83' lang='lat' dir='ltr'><strong>fuerant.</strong></span> <span class='ocrx_word' id='word_1_24' title='bbox 754 514 875 578; x_wconf 89' lang='lat' dir='ltr'><strong>Verum</strong></span> <span class='ocrx_word' id='word_1_25' title='bbox 905 515 1056 598; x_wconf 92' lang='lat' dir='ltr'><strong>quoniam</strong></span> <span class='ocrx_word' id='word_1_26' title='bbox 1083 536 1193 598; x_wconf 89' lang='lat' dir='ltr'><strong>preces</strong></span> <span class='ocrx_word' id='word_1_27' title='bbox 1221 519 1331 578; x_wconf 90' lang='lat' dir='ltr'><strong>nostro</strong></span> <span class='ocrx_word' id='word_1_28' title='bbox 1344 508 1387 613; x_wconf 54' lang='grc' dir='ltr'><strong>Ἥ</strong></span> 
     </span>
     <span class='ocr_line' id='line_1_5' title="bbox 58 616 1331 701; baseline -0.001 -21"><span class='ocrx_word' id='word_1_29' title='bbox 58 617 188 680; x_wconf 90' lang='lat' dir='ltr'><strong>numini</strong></span> <span class='ocrx_word' id='word_1_30' title='bbox 217 621 383 701; x_wconf 74' lang='lat' dir='ltr'><strong>porrectae</strong></span> <span class='ocrx_word' id='word_1_31' title='bbox 411 621 486 681; x_wconf 92' lang='lat' dir='ltr'><strong>sunt</strong></span> <span class='ocrx_word' id='word_1_32' title='bbox 513 639 552 681; x_wconf 83' lang='lat' dir='ltr'><strong>ex</strong></span> <span class='ocrx_word' id='word_1_33' title='bbox 580 616 711 681; x_wconf 86' lang='lat' dir='ltr'><strong>diversis</strong></span> <span class='ocrx_word' id='word_1_34' title='bbox 738 616 815 680; x_wconf 85' lang='lat' dir='ltr'><strong>Eois</strong></span> <span class='ocrx_word' id='word_1_35' title='bbox 843 616 1032 700; x_wconf 82' lang='lat' dir='ltr'><strong>provinciis,</strong></span> <span class='ocrx_word' id='word_1_36' title='bbox 1063 618 1150 679; x_wconf 90' lang='lat' dir='ltr'><strong>certa</strong></span> <span class='ocrx_word' id='word_1_37' title='bbox 1176 616 1331 700; x_wconf 83' lang='lat' dir='ltr'><strong>quaedam</strong></span> 
     </span>
     <span class='ocr_line' id='line_1_6' title="bbox 59 717 1328 803; baseline -0.001 -22"><span class='ocrx_word' id='word_1_38' title='bbox 59 717 293 782; x_wconf 77' lang='lat' dir='ltr'><strong>disserentibus</strong></span> <span class='ocrx_word' id='word_1_39' title='bbox 308 741 365 802; x_wconf 90' lang='lat' dir='ltr'><strong>pro</strong></span> <span class='ocrx_word' id='word_1_40' title='bbox 380 719 442 782; x_wconf 89' lang='lat' dir='ltr'><strong>fide</strong></span> <span class='ocrx_word' id='word_1_41' title='bbox 466 719 634 802; x_wconf 86' lang='lat' dir='ltr'><strong>catholica,</strong></span> <span class='ocrx_word' id='word_1_42' title='bbox 658 723 842 803; x_wconf 86' lang='lat' dir='ltr'><strong>secretaque</strong></span> <span class='ocrx_word' id='word_1_43' title='bbox 857 741 933 783; x_wconf 90' lang='lat' dir='ltr'><strong>suae</strong></span> <span class='ocrx_word' id='word_1_44' title='bbox 948 718 1065 782; x_wconf 89' lang='lat' dir='ltr'><strong>mentis</strong></span> <span class='ocrx_word' id='word_1_45' title='bbox 1081 717 1328 800; x_wconf 87' lang='lat' dir='ltr'><strong>declarantibus,</strong></span> 
     </span>
     <span class='ocr_line' id='line_1_7' title="bbox 59 820 1331 904; baseline -0.001 -21"><span class='ocrx_word' id='word_1_46' title='bbox 59 842 143 904; x_wconf 88' lang='lat' dir='ltr'><strong>quae</strong></span> <span class='ocrx_word' id='word_1_47' title='bbox 166 820 249 904; x_wconf 86' lang='lat' dir='ltr'><strong>apud</strong></span> <span class='ocrx_word' id='word_1_48' title='bbox 271 843 306 883; x_wconf 94' lang='lat' dir='ltr'><strong>se</strong></span> <span class='ocrx_word' id='word_1_49' title='bbox 328 842 385 904; x_wconf 92' lang='lat' dir='ltr'><strong>pro</strong></span> <span class='ocrx_word' id='word_1_50' title='bbox 407 821 571 884; x_wconf 85' lang='lat' dir='ltr'><strong>individua</strong></span> <span class='ocrx_word' id='word_1_51' title='bbox 593 820 752 885; x_wconf 85' lang='lat' dir='ltr'><strong>Trinitate</strong></span> <span class='ocrx_word' id='word_1_52' title='bbox 782 820 957 884; x_wconf 89' lang='lat' dir='ltr'><strong>constituta</strong></span> <span class='ocrx_word' id='word_1_53' title='bbox 984 822 1161 899; x_wconf 81' lang='lat' dir='ltr'><strong>testantur,</strong></span> <span class='ocrx_word' id='word_1_54' title='bbox 1188 841 1331 904; x_wconf 89' lang='lat' dir='ltr'><strong>quaeque</strong></span> 
     </span>
     <span class='ocr_line' id='line_1_8' title="bbox 59 920 1331 1006; baseline 0 -22"><span class='ocrx_word' id='word_1_55' title='bbox 59 922 196 985; x_wconf 89' lang='lat' dir='ltr'><strong>firmiter</strong></span> <span class='ocrx_word' id='word_1_56' title='bbox 211 944 279 986; x_wconf 87' lang='lat' dir='ltr'><strong>sese</strong></span> <span class='ocrx_word' id='word_1_57' title='bbox 294 923 510 1006; x_wconf 88' lang='lat' dir='ltr'><strong>recepturos¹)</strong></span> <span class='ocrx_word' id='word_1_58' title='bbox 533 922 721 1004; x_wconf 70' lang='lat' dir='ltr'><strong>ostendunt,</strong></span> <span class='ocrx_word' id='word_1_59' title='bbox 743 921 855 1006; x_wconf 88' lang='lat' dir='ltr'><strong>hisque</strong></span> <span class='ocrx_word' id='word_1_60' title='bbox 870 922 1006 1005; x_wconf 77' lang='lat' dir='ltr'><strong>seleutia,</strong></span> <span class='ocrx_word' id='word_1_61' title='bbox 1030 920 1201 985; x_wconf 87' lang='lat' dir='ltr'><strong>Dioscorus</strong></span> <span class='ocrx_word' id='word_1_62' title='bbox 1224 921 1331 1005; x_wconf 88' lang='lat' dir='ltr'><strong>aliqua</strong></span> 
     </span>
     <span class='ocr_line' id='line_1_9' title="bbox 60 1023 1330 1106; baseline 0.001 -20"><span class='ocrx_word' id='word_1_63' title='bbox 60 1024 199 1087; x_wconf 85' lang='lat' dir='ltr'><strong>asseruit</strong></span> <span class='ocrx_word' id='word_1_64' title='bbox 221 1046 287 1087; x_wconf 88' lang='lat' dir='ltr'><strong>non</strong></span> <span class='ocrx_word' id='word_1_65' title='bbox 310 1024 515 1088; x_wconf 85' lang='lat' dir='ltr'><strong>convenienti</strong></span> <span class='ocrx_word' id='word_1_66' title='bbox 537 1024 647 1088; x_wconf 83' lang='lat' dir='ltr'><strong>ordine</strong></span> <span class='ocrx_word' id='word_1_67' title='bbox 669 1024 791 1088; x_wconf 85' lang='lat' dir='ltr'><strong>inserta</strong></span> <span class='ocrx_word' id='word_1_68' title='bbox 812 1024 924 1088; x_wconf 83' lang='lat' dir='ltr'><strong>fuisse:</strong></span> <span class='ocrx_word' id='word_1_69' title='bbox 952 1023 1065 1087; x_wconf 89' lang='lat' dir='ltr'><strong>merito</strong></span> <span class='ocrx_word' id='word_1_70' title='bbox 1087 1023 1233 1087; x_wconf 84' lang='lat' dir='ltr'><strong>duximus</strong></span> <span class='ocrx_word' id='word_1_71' title='bbox 1258 1046 1330 1106; x_wconf 89' lang='lat' dir='ltr'><strong>ape-</strong></span> 
     </span>
     <span class='ocr_line' id='line_1_10' title="bbox 60 1124 1331 1210; baseline 0.001 -22"><span class='ocrx_word' id='word_1_72' title='bbox 60 1125 175 1189; x_wconf 88' lang='lat' dir='ltr'><strong>rienda</strong></span> <span class='ocrx_word' id='word_1_73' title='bbox 198 1126 287 1189; x_wconf 87' lang='lat' dir='ltr'><strong>vobis</strong></span> <span class='ocrx_word' id='word_1_74' title='bbox 310 1147 358 1208; x_wconf 85' lang='lat' dir='ltr'><strong>ea,</strong></span> <span class='ocrx_word' id='word_1_75' title='bbox 382 1148 462 1210; x_wconf 89' lang='lat' dir='ltr'><strong>quae</strong></span> <span class='ocrx_word' id='word_1_76' title='bbox 485 1148 593 1189; x_wconf 82' lang='lat' dir='ltr'><strong>suarm</strong></span> <span class='ocrx_word' id='word_1_77' title='bbox 616 1126 730 1189; x_wconf 90' lang='lat' dir='ltr'><strong>edocti.</strong></span> <span class='ocrx_word' id='word_1_78' title='bbox 768 1124 843 1189; x_wconf 89' lang='lat' dir='ltr'><strong>Non</strong></span> <span class='ocrx_word' id='word_1_79' title='bbox 864 1126 965 1190; x_wconf 90' lang='lat' dir='ltr'><strong>multo</strong></span> <span class='ocrx_word' id='word_1_80' title='bbox 981 1125 1088 1209; x_wconf 85' lang='lat' dir='ltr'><strong>itaque</strong></span> <span class='ocrx_word' id='word_1_81' title='bbox 1110 1129 1185 1209; x_wconf 91' lang='lat' dir='ltr'><strong>post</strong></span> <span class='ocrx_word' id='word_1_82' title='bbox 1206 1149 1225 1188; x_wconf 86' lang='lat' dir='ltr'><strong>a</strong></span> <span class='ocrx_word' id='word_1_83' title='bbox 1240 1125 1331 1189; x_wconf 87' lang='lat' dir='ltr'><strong>nobis</strong></span> 
     </span>
     <span class='ocr_line' id='line_1_11' title="bbox 61 1226 1331 1314; baseline -0.001 -24"><span class='ocrx_word' id='word_1_84' title='bbox 61 1226 193 1311; x_wconf 87' lang='lat' dir='ltr'><strong>quidam</strong></span> <span class='ocrx_word' id='word_1_85' title='bbox 216 1227 429 1291; x_wconf 87' lang='lat' dir='ltr'><strong>destinabitur</strong></span> <span class='ocrx_word' id='word_1_86' title='bbox 451 1227 491 1291; x_wconf 89' lang='lat' dir='ltr'><strong>ad</strong></span> <span class='ocrx_word' id='word_1_87' title='bbox 507 1229 674 1292; x_wconf 86' lang='lat' dir='ltr'><strong>certiorem</strong></span> <span class='ocrx_word' id='word_1_88' title='bbox 688 1227 870 1291; x_wconf 84' lang='lat' dir='ltr'><strong>faciendam</strong></span> <span class='ocrx_word' id='word_1_89' title='bbox 885 1227 1117 1314; x_wconf 82' lang='lat' dir='ltr'><strong>beatitudinem</strong></span> <span class='ocrx_word' id='word_1_90' title='bbox 1130 1231 1221 1291; x_wconf 90' lang='lat' dir='ltr'><strong>tuam</strong></span> <span class='ocrx_word' id='word_1_91' title='bbox 1235 1249 1331 1311; x_wconf 91' lang='lat' dir='ltr'><strong>super</strong></span> 
     </span>
     <span class='ocr_line' id='line_1_12' title="bbox 61 1328 1329 1413; baseline 0.001 -22"><span class='ocrx_word' id='word_1_92' title='bbox 61 1328 210 1391; x_wconf 89' lang='lat' dir='ltr'><strong>omnibus</strong></span> <span class='ocrx_word' id='word_1_93' title='bbox 233 1332 266 1393; x_wconf 91' lang='lat' dir='ltr'><strong>et</strong></span> <span class='ocrx_word' id='word_1_94' title='bbox 287 1329 496 1392; x_wconf 80' lang='lat' dir='ltr'><strong>insinuandas</strong></span> <span class='ocrx_word' id='word_1_95' title='bbox 519 1330 608 1393; x_wconf 88' lang='lat' dir='ltr'><strong>vobis</strong></span> <span class='ocrx_word' id='word_1_96' title='bbox 630 1328 877 1412; x_wconf 79' lang='lat' dir='ltr'><strong>supplicationes</strong></span> <span class='ocrx_word' id='word_1_97' title='bbox 896 1351 977 1413; x_wconf 89' lang='lat' dir='ltr'><strong>quae</strong></span> <span class='ocrx_word' id='word_1_98' title='bbox 993 1329 1085 1392; x_wconf 90' lang='lat' dir='ltr'><strong>nobis</strong></span> <span class='ocrx_word' id='word_1_99' title='bbox 1100 1329 1227 1393; x_wconf 89' lang='lat' dir='ltr'><strong>oblatae</strong></span> <span class='ocrx_word' id='word_1_100' title='bbox 1243 1333 1329 1410; x_wconf 86' lang='lat' dir='ltr'><strong>sunt,</strong></span> 
     </span>
    </p>

    <p class='ocr_par' dir='ltr' id='par_1_3' title="bbox 56 1431 1330 1902">
     <span class='ocr_line' id='line_1_13' title="bbox 60 1431 1330 1516; baseline 0.001 -24"><span class='ocrx_word' id='word_1_101' title='bbox 60 1434 94 1493; x_wconf 92' lang='lat' dir='ltr'><strong>et</strong></span> <span class='ocrx_word' id='word_1_102' title='bbox 116 1452 304 1513; x_wconf 87' lang='lat' dir='ltr'><strong>responsum</strong></span> <span class='ocrx_word' id='word_1_103' title='bbox 325 1431 457 1515; x_wconf 89' lang='lat' dir='ltr'><strong>pietatis</strong></span> <span class='ocrx_word' id='word_1_104' title='bbox 479 1435 603 1495; x_wconf 87' lang='lat' dir='ltr'><strong>vestrae</strong></span> <span class='ocrx_word' id='word_1_105' title='bbox 625 1431 843 1513; x_wconf 89' lang='lat' dir='ltr'><strong>referendum,</strong></span> <span class='ocrx_word' id='word_1_106' title='bbox 872 1453 933 1514; x_wconf 92' lang='lat' dir='ltr'><strong>quo</strong></span> <span class='ocrx_word' id='word_1_107' title='bbox 955 1431 1080 1516; x_wconf 86' lang='lat' dir='ltr'><strong>possint</strong></span> <span class='ocrx_word' id='word_1_108' title='bbox 1101 1431 1236 1494; x_wconf 85' lang='lat' dir='ltr'><strong>resecari</strong></span> <span class='ocrx_word' id='word_1_109' title='bbox 1259 1434 1330 1494; x_wconf 89' lang='lat' dir='ltr'><strong>tan-</strong></span> 
     </span>
     <span class='ocr_line' id='line_1_14' title="bbox 59 1531 1330 1617; baseline 0 -23"><span class='ocrx_word' id='word_1_110' title='bbox 59 1531 134 1595; x_wconf 92' lang='lat' dir='ltr'><strong>dem</strong></span> <span class='ocrx_word' id='word_1_111' title='bbox 157 1531 372 1597; x_wconf 86' lang='lat' dir='ltr'><strong>dubitationes</strong></span> <span class='ocrx_word' id='word_1_112' title='bbox 395 1534 602 1617; x_wconf 84' lang='lat' dir='ltr'><strong>incongruae.</strong></span> <span class='ocrx_word' id='word_1_113' title='bbox 647 1531 755 1596; x_wconf 82' lang='lat' dir='ltr'><strong>Securi</strong></span> <span class='ocrx_word' id='word_1_114' title='bbox 777 1533 877 1617; x_wconf 85' lang='lat' dir='ltr'><strong>igitur</strong></span> <span class='ocrx_word' id='word_1_115' title='bbox 899 1533 937 1596; x_wconf 92' lang='lat' dir='ltr'><strong>de</strong></span> <span class='ocrx_word' id='word_1_116' title='bbox 959 1537 1069 1597; x_wconf 89' lang='lat' dir='ltr'><strong>nostro</strong></span> <span class='ocrx_word' id='word_1_117' title='bbox 1093 1532 1242 1614; x_wconf 86' lang='lat' dir='ltr'><strong>eoncili0,</strong></span> <span class='ocrx_word' id='word_1_118' title='bbox 1270 1532 1330 1595; x_wconf 92' lang='lat' dir='ltr'><strong>sol-</strong></span> 
     </span>
     <span class='ocr_line' id='line_1_15' title="bbox 58 1633 1328 1719; baseline 0.001 -23"><span class='ocrx_word' id='word_1_119' title='bbox 58 1633 159 1697; x_wconf 88' lang='lat' dir='ltr'><strong>licitis</strong></span> <span class='ocrx_word' id='word_1_120' title='bbox 195 1635 392 1698; x_wconf 89' lang='lat' dir='ltr'><strong>orationibus</strong></span> <span class='ocrx_word' id='word_1_121' title='bbox 426 1635 554 1719; x_wconf 88' lang='lat' dir='ltr'><strong>placare</strong></span> <span class='ocrx_word' id='word_1_122' title='bbox 586 1634 678 1698; x_wconf 90' lang='lat' dir='ltr'><strong>nobis</strong></span> <span class='ocrx_word' id='word_1_123' title='bbox 706 1633 917 1699; x_wconf 86' lang='lat' dir='ltr'><strong>Divinitatem</strong></span> <span class='ocrx_word' id='word_1_124' title='bbox 951 1657 1106 1698; x_wconf 87' lang='lat' dir='ltr'><strong>summam</strong></span> <span class='ocrx_word' id='word_1_125' title='bbox 1140 1633 1328 1718; x_wconf 84' lang='lat' dir='ltr'><strong>dignemini.</strong></span> 
     </span>
     <span class='ocr_line' id='line_1_16' title="bbox 56 1734 1330 1820; baseline 0 -21"><span class='ocrx_word' id='word_1_126' title='bbox 56 1735 148 1799; x_wconf 84' lang='lat' dir='ltr'><strong>Data</strong></span> <span class='ocrx_word' id='word_1_127' title='bbox 170 1734 246 1799; x_wconf 86' lang='lat' dir='ltr'><strong>XIV</strong></span> <span class='ocrx_word' id='word_1_128' title='bbox 270 1735 428 1801; x_wconf 76' lang='lat' dir='ltr'><strong>Calendas</strong></span> <span class='ocrx_word' id='word_1_129' title='bbox 450 1737 615 1800; x_wconf 83' lang='lat' dir='ltr'><strong>Februarii</strong></span> <span class='ocrx_word' id='word_1_130' title='bbox 638 1736 932 1820; x_wconf 80' lang='lat' dir='ltr'><strong>Constantinopoli,</strong></span> <span class='ocrx_word' id='word_1_131' title='bbox 957 1735 1121 1799; x_wconf 90' lang='lat' dir='ltr'><strong>Vitaliano</strong></span> <span class='ocrx_word' id='word_1_132' title='bbox 1143 1739 1176 1798; x_wconf 84' lang='lat' dir='ltr'><strong>et</strong></span> <span class='ocrx_word' id='word_1_133' title='bbox 1197 1735 1330 1800; x_wconf 86' lang='lat' dir='ltr'><strong>ltustico</strong></span> 
     </span>
     <span class='ocr_line' id='line_1_17' title="bbox 57 1837 255 1902; baseline -0.005 0"><span class='ocrx_word' id='word_1_134' title='bbox 57 1837 255 1902; x_wconf 86' lang='lat' dir='ltr'><strong>consulibus.</strong></span> 
     </span>
    </p>
   </div>
   <div class='ocr_carea' id='block_1_3' title="bbox 1397 498 1448 613">
    <p class='ocr_par' dir='ltr' id='par_1_4' title="bbox 1397 498 1448 613">
     <span class='ocr_line' id='line_1_18' title="bbox 1400 498 1448 545; baseline 0.021 -1"><span class='ocrx_word' id='word_1_135' title='bbox 1400 498 1448 545; x_wconf 77' lang='lat'><strong>129</strong></span> 
     </span>
     <span class='ocr_line' id='line_1_19' title="bbox 1397 567 1420 613; baseline 0 0"><span class='ocrx_word' id='word_1_136' title='bbox 1397 567 1420 613; x_wconf 82' lang='lat' dir='ltr'><strong>b.</strong></span> 
     </span>
    </p>
   </div>
   <div class='ocr_carea' id='block_1_4' title="bbox 556 2025 834 2128">
    <p class='ocr_par' dir='ltr' id='par_1_5' title="bbox 556 2025 834 2128">
     <span class='ocr_line' id='line_1_20' title="bbox 556 2025 834 2128; baseline 0.004 -20"><span class='ocrx_word' id='word_1_137' title='bbox 556 2025 738 2128; x_wconf 82' lang='lat' dir='ltr'><strong>Epistola</strong></span> <span class='ocrx_word' id='word_1_138' title='bbox 766 2026 834 2109; x_wconf 79' lang='lat'><strong>109</strong></span> 
     </span>
    </p>
   </div>
   <div class='ocr_carea' id='block_1_5' title="bbox 672 2177 721 2214">
    <p class='ocr_par' dir='ltr' id='par_1_6' title="bbox 672 2177 721 2214">
     <span class='ocr_line' id='line_1_21' title="bbox 672 2177 721 2214; baseline 0.02 -1"><span class='ocrx_word' id='word_1_139' title='bbox 672 2177 721 2214; x_wconf 83' lang='lat' dir='ltr'><strong>seu</strong></span> 
     </span>
    </p>
   </div>
   <div class='ocr_carea' id='block_1_6' title="bbox 123 2230 1467 2376">
    <p class='ocr_par' dir='ltr' id='par_1_7' title="bbox 123 2230 1467 2376">
     <span class='ocr_line' id='line_1_22' title="bbox 123 2230 1467 2376; baseline 0 -50"><span class='ocrx_word' id='word_1_140' title='bbox 123 2230 309 2339; x_wconf 73' lang='lat' dir='ltr'><strong>nxempnr</strong></span> <span class='ocrx_word' id='word_1_141' title='bbox 330 2271 505 2328; x_wconf 83' lang='lat' dir='ltr'><strong>relationis</strong></span> <span class='ocrx_word' id='word_1_142' title='bbox 527 2271 694 2328; x_wconf 82' lang='lat' dir='ltr'><strong>Johannis</strong></span> <span class='ocrx_word' id='word_1_143' title='bbox 716 2272 868 2341; x_wconf 84' lang='lat' dir='ltr'><strong>episcopi</strong></span> <span class='ocrx_word' id='word_1_144' title='bbox 889 2271 1266 2340; x_wconf 80' lang='lat' dir='ltr'><strong>constantinopolitani.</strong></span> <span class='ocrx_word' id='word_1_145' title='bbox 1342 2252 1467 2376; x_wconf 49' lang='lat' dir='ltr'><strong>{ffgn‘i</strong></span> 
     </span>
    </p>
   </div>
   <div class='ocr_carea' id='block_1_7' title="bbox 90 2402 1297 2552">
    <p class='ocr_par' dir='ltr' id='par_1_8' title="bbox 90 2402 1297 2552">
     <span class='ocr_line' id='line_1_23' title="bbox 90 2402 1297 2469; baseline 0.002 -17"><span class='ocrx_word' id='word_1_146' title='bbox 90 2403 243 2452; x_wconf 77' lang='lat' dir='ltr'><strong>Proximum</strong></span> <span class='ocrx_word' id='word_1_147' title='bbox 264 2402 366 2452; x_wconf 77' lang='lat' dir='ltr'><strong>Pascha</strong></span> <span class='ocrx_word' id='word_1_148' title='bbox 389 2403 414 2455; x_wconf 85' lang='lat' dir='ltr'><strong>d.</strong></span> <span class='ocrx_word' id='word_1_149' title='bbox 434 2405 465 2452; x_wconf 82' lang='lat'><strong>19</strong></span> <span class='ocrx_word' id='word_1_150' title='bbox 483 2404 583 2468; x_wconf 74' lang='lat' dir='ltr'><strong>Aprilis</strong></span> <span class='ocrx_word' id='word_1_151' title='bbox 606 2404 781 2454; x_wconf 78' lang='lat' dir='ltr'><strong>celebrandam</strong></span> <span class='ocrx_word' id='word_1_152' title='bbox 805 2421 840 2454; x_wconf 78' lang='lat' dir='ltr'><strong>ex</strong></span> <span class='ocrx_word' id='word_1_153' title='bbox 862 2405 983 2468; x_wconf 79' lang='lat' dir='ltr'><strong>repositis</strong></span> <span class='ocrx_word' id='word_1_154' title='bbox 1005 2404 1225 2469; x_wconf 76' lang='lat' dir='ltr'><strong>Constantinopoli</strong></span> <span class='ocrx_word' id='word_1_155' title='bbox 1245 2407 1297 2455; x_wconf 85' lang='lat' dir='ltr'><strong>diei</strong></span> 
     </span>
     <span class='ocr_line' id='line_1_24' title="bbox 491 2489 894 2552; baseline 0.005 -14"><span class='ocrx_word' id='word_1_156' title='bbox 491 2489 621 2552; x_wconf 77' lang='lat' dir='ltr'><strong>paschalia</strong></span> <span class='ocrx_word' id='word_1_157' title='bbox 639 2489 770 2538; x_wconf 80' lang='lat' dir='ltr'><strong>annalibus</strong></span> <span class='ocrx_word' id='word_1_158' title='bbox 788 2491 894 2542; x_wconf 84' lang='lat' dir='ltr'><strong>nuntiat.</strong></span> 
     </span>
    </p>
   </div>
   <div class='ocr_carea' id='block_1_8' title="bbox 214 2618 1329 2707">
    <p class='ocr_par' dir='ltr' id='par_1_9' title="bbox 214 2618 1329 2707">
     <span class='ocr_line' id='line_1_25' title="bbox 214 2618 1329 2707; baseline 0.004 -24"><span class='ocrx_word' id='word_1_159' title='bbox 214 2618 381 2684; x_wconf 90' lang='lat' dir='ltr'><strong>Domino</strong></span> <span class='ocrx_word' id='word_1_160' title='bbox 414 2643 481 2704; x_wconf 89' lang='lat' dir='ltr'><strong>per</strong></span> <span class='ocrx_word' id='word_1_161' title='bbox 508 2622 636 2685; x_wconf 89' lang='lat' dir='ltr'><strong>omnia</strong></span> <span class='ocrx_word' id='word_1_162' title='bbox 670 2623 834 2686; x_wconf 86' lang='lat' dir='ltr'><strong>amabili</strong></span> <span class='ocrx_word' id='word_1_163' title='bbox 868 2621 961 2704; x_wconf 86' lang='lat' dir='ltr'><strong>Dea,</strong></span> <span class='ocrx_word' id='word_1_164' title='bbox 996 2624 1329 2707; x_wconf 64' lang='lat' dir='ltr'><strong>sanctissimoquje</strong></span> 
     </span>
    </p>
   </div>
   <div class='ocr_carea' id='block_1_9' title="bbox 306 2723 1329 2889">
    <p class='ocr_par' dir='ltr' id='par_1_10' title="bbox 306 2723 1329 2889">
     <span class='ocr_line' id='line_1_26' title="bbox 306 2723 1329 2789; baseline 0 -3"><span class='ocrx_word' id='word_1_165' title='bbox 306 2723 428 2786; x_wconf 89' lang='lat' dir='ltr'><strong>fratri</strong></span> <span class='ocrx_word' id='word_1_166' title='bbox 458 2724 812 2788; x_wconf 85' lang='lat' dir='ltr'><strong>comministratori</strong></span> <span class='ocrx_word' id='word_1_167' title='bbox 838 2723 1078 2788; x_wconf 90' lang='lat' dir='ltr'><strong>Hormisdae</strong></span> <span class='ocrx_word' id='word_1_168' title='bbox 1106 2725 1144 2789; x_wconf 91' lang='lat' dir='ltr'><strong>in</strong></span> <span class='ocrx_word' id='word_1_169' title='bbox 1167 2726 1329 2789; x_wconf 89' lang='lat' dir='ltr'><strong>Domino</strong></span> 
     </span>
     <span class='ocr_line' id='line_1_27' title="bbox 307 2825 487 2889; baseline 0.006 -1"><span class='ocrx_word' id='word_1_170' title='bbox 307 2825 487 2889; x_wconf 88' lang='lat' dir='ltr'><strong>salutem.</strong></span> 
     </span>
    </p>
   </div>
   <div class='ocr_carea' id='block_1_10' title="bbox 53 2943 1439 3449">
    <p class='ocr_par' dir='ltr' id='par_1_11' title="bbox 53 2943 1439 3449">
     <span class='ocr_line' id='line_1_28' title="bbox 148 2943 1328 3030; baseline 0.003 -24"><span class='ocrx_word' id='word_1_171' title='bbox 148 2945 177 3007; x_wconf 89' lang='lat'><strong>1.</strong></span> <span class='ocrx_word' id='word_1_172' title='bbox 212 2943 482 3026; x_wconf 83' lang='lat' dir='ltr'><strong>Quemadmodum</strong></span> <span class='ocrx_word' id='word_1_173' title='bbox 510 2966 590 3029; x_wconf 91' lang='lat' dir='ltr'><strong>puro</strong></span> <span class='ocrx_word' id='word_1_174' title='bbox 620 2945 710 3009; x_wconf 87' lang='lat' dir='ltr'><strong>corde</strong></span> <span class='ocrx_word' id='word_1_175' title='bbox 739 2949 771 3009; x_wconf 90' lang='lat' dir='ltr'><strong>et</strong></span> <span class='ocrx_word' id='word_1_176' title='bbox 798 2946 931 3010; x_wconf 88' lang='lat' dir='ltr'><strong>caritate</strong></span> <span class='ocrx_word' id='word_1_177' title='bbox 959 2945 1118 3030; x_wconf 73' lang='lat' dir='ltr'><strong>spirituali</strong></span> <span class='ocrx_word' id='word_1_178' title='bbox 1146 2946 1230 3029; x_wconf 87' lang='lat' dir='ltr'><strong>apud</strong></span> <span class='ocrx_word' id='word_1_179' title='bbox 1257 2968 1328 3010; x_wconf 93' lang='lat' dir='ltr'><strong>nos·</strong></span> 
     </span>
     <span class='ocr_line' id='line_1_29' title="bbox 53 3044 1329 3132; baseline -0.002 -20"><span class='ocrx_word' id='word_1_180' title='bbox 53 3047 215 3129; x_wconf 86' lang='lat' dir='ltr'><strong>metipsos</strong></span> <span class='ocrx_word' id='word_1_181' title='bbox 225 3044 384 3110; x_wconf 82' lang='lat' dir='ltr'><strong>babemus</strong></span> <span class='ocrx_word' id='word_1_182' title='bbox 399 3049 442 3129; x_wconf 90' lang='lat' dir='ltr'><strong>te,</strong></span> <span class='ocrx_word' id='word_1_183' title='bbox 458 3047 560 3110; x_wconf 86' lang='lat' dir='ltr'><strong>frater</strong></span> <span class='ocrx_word' id='word_1_184' title='bbox 576 3048 746 3128; x_wconf 86' lang='lat' dir='ltr'><strong>carissime,</strong></span> <span class='ocrx_word' id='word_1_185' title='bbox 771 3051 803 3111; x_wconf 92' lang='lat' dir='ltr'><strong>et</strong></span> <span class='ocrx_word' id='word_1_186' title='bbox 823 3047 1087 3132; x_wconf 88' lang='lat' dir='ltr'><strong>quemadmodum</strong></span> <span class='ocrx_word' id='word_1_187' title='bbox 1102 3051 1134 3110; x_wconf 92' lang='lat' dir='ltr'><strong>te</strong></span> <span class='ocrx_word' id='word_1_188' title='bbox 1150 3069 1207 3130; x_wconf 89' lang='lat' dir='ltr'><strong>per</strong></span> <span class='ocrx_word' id='word_1_189' title='bbox 1221 3049 1329 3112; x_wconf 87' lang='lat' dir='ltr'><strong>omnia</strong></span> 
     </span>
     <span class='ocr_line' id='line_1_30' title="bbox 55 3148 1328 3235; baseline 0 -23"><span class='ocrx_word' id='word_1_190' title='bbox 55 3148 206 3212; x_wconf 87' lang='lat' dir='ltr'><strong>ducimus</strong></span> <span class='ocrx_word' id='word_1_191' title='bbox 227 3148 459 3230; x_wconf 85' lang='lat' dir='ltr'><strong>venerandum,</strong></span> <span class='ocrx_word' id='word_1_192' title='bbox 485 3149 692 3233; x_wconf 84' lang='lat' dir='ltr'><strong>exoperibus</strong></span> <span class='ocrx_word' id='word_1_193' title='bbox 715 3148 763 3212; x_wconf 92' lang='lat' dir='ltr'><strong>his</strong></span> <span class='ocrx_word' id='word_1_194' title='bbox 773 3150 797 3235; x_wconf 87' lang='lat'><strong>¹)</strong></span> <span class='ocrx_word' id='word_1_195' title='bbox 821 3149 1022 3213; x_wconf 85' lang='lat' dir='ltr'><strong>satisfactum</strong></span> <span class='ocrx_word' id='word_1_196' title='bbox 1044 3171 1112 3213; x_wconf 90' lang='lat' dir='ltr'><strong>esse</strong></span> <span class='ocrx_word' id='word_1_197' title='bbox 1135 3153 1259 3214; x_wconf 86' lang='lat' dir='ltr'><strong>vestrae</strong></span> <span class='ocrx_word' id='word_1_198' title='bbox 1281 3172 1328 3213; x_wconf 92' lang='lat' dir='ltr'><strong>re-</strong></span> 
     </span>
     <span class='ocr_line' id='line_1_31' title="bbox 55 3249 1326 3335; baseline 0.001 -21"><span class='ocrx_word' id='word_1_199' title='bbox 55 3250 224 3314; x_wconf 86' lang='lat' dir='ltr'><strong>verentiae</strong></span> <span class='ocrx_word' id='word_1_200' title='bbox 235 3249 425 3331; x_wconf 88' lang='lat' dir='ltr'><strong>judicamus.</strong></span> <span class='ocrx_word' id='word_1_201' title='bbox 457 3250 644 3314; x_wconf 88' lang='lat' dir='ltr'><strong>Dominicae</strong></span> <span class='ocrx_word' id='word_1_202' title='bbox 660 3251 869 3335; x_wconf 90' lang='lat' dir='ltr'><strong>obsequentes</strong></span> <span class='ocrx_word' id='word_1_203' title='bbox 884 3252 954 3315; x_wconf 84' lang='lat' dir='ltr'><strong>voci</strong></span> <span class='ocrx_word' id='word_1_204' title='bbox 973 3251 1142 3315; x_wconf 83' lang='lat' dir='ltr'><strong>manifeste</strong></span> <span class='ocrx_word' id='word_1_205' title='bbox 1159 3252 1326 3316; x_wconf 79' lang='lat' dir='ltr'><strong>clamanti²</strong></span> 
     </span>
     <span class='ocr_line' id='line_1_32' title="bbox 58 3332 1439 3449; baseline 0.001 -34"><span class='ocrx_word' id='word_1_206' title='bbox 58 3357 145 3427; x_wconf 75' lang='lat' dir='ltr'><strong>Quae</strong></span> <span class='ocrx_word' id='word_1_207' title='bbox 167 3358 254 3416; x_wconf 82' lang='lat' dir='ltr'><strong>vultis</strong></span> <span class='ocrx_word' id='word_1_208' title='bbox 275 3356 450 3428; x_wconf 71' lang='lat' dir='ltr'><strong>trifaciant</strong></span> <span class='ocrx_word' id='word_1_209' title='bbox 470 3357 551 3417; x_wconf 84' lang='lat' dir='ltr'><strong>vobis</strong></span> <span class='ocrx_word' id='word_1_210' title='bbox 572 3359 717 3427; x_wconf 80' lang='lat' dir='ltr'><strong>tornines,</strong></span> <span class='ocrx_word' id='word_1_211' title='bbox 741 3361 786 3419; x_wconf 87' lang='lat' dir='ltr'><strong>sic</strong></span> <span class='ocrx_word' id='word_1_212' title='bbox 807 3365 836 3417; x_wconf 87' lang='lat' dir='ltr'><strong>ct</strong></span> <span class='ocrx_word' id='word_1_213' title='bbox 857 3375 908 3418; x_wconf 86' lang='lat' dir='ltr'><strong>vos</strong></span> <span class='ocrx_word' id='word_1_214' title='bbox 926 3358 1023 3430; x_wconf 81' lang='lat' dir='ltr'><strong>facite</strong></span> <span class='ocrx_word' id='word_1_215' title='bbox 1044 3362 1096 3432; x_wconf 84' lang='lat' dir='ltr'><strong>eis,</strong></span> <span class='ocrx_word' id='word_1_216' title='bbox 1121 3358 1154 3417; x_wconf 89' lang='lat' dir='ltr'><strong>et</strong></span> <span class='ocrx_word' id='word_1_217' title='bbox 1175 3354 1325 3438; x_wconf 89' lang='lat' dir='ltr'><strong>apostoli·</strong></span> <span class='ocrx_word' id='word_1_218' title='bbox 1352 3332 1439 3449; x_wconf 47' lang='lat' dir='ltr'><strong>qaffls</strong></span> 
     </span>
    </p>
   </div>
   <div class='ocr_carea' id='block_1_11' title="bbox 58 3453 1418 3538">
    <p class='ocr_par' dir='ltr' id='par_1_12' title="bbox 58 3453 1418 3538">
     <span class='ocr_line' id='line_1_33' title="bbox 58 3453 1418 3538; baseline 0.001 -20"><span class='ocrx_word' id='word_1_219' title='bbox 58 3476 132 3518; x_wconf 87' lang='lat' dir='ltr'><strong>cam</strong></span> <span class='ocrx_word' id='word_1_220' title='bbox 160 3453 339 3517; x_wconf 86' lang='lat' dir='ltr'><strong>doctrinam</strong></span> <span class='ocrx_word' id='word_1_221' title='bbox 366 3455 595 3538; x_wconf 88' lang='lat' dir='ltr'><strong>amplectentes</strong></span> <span class='ocrx_word' id='word_1_222' title='bbox 623 3457 803 3521; x_wconf 86' lang='lat' dir='ltr'><strong>docentem:</strong></span> <span class='ocrx_word' id='word_1_223' title='bbox 858 3463 916 3520; x_wconf 81' lang='lat' dir='ltr'><strong>Vos</strong></span> <span class='ocrx_word' id='word_1_224' title='bbox 942 3463 1067 3521; x_wconf 81' lang='lat' dir='ltr'><strong>invicem</strong></span> <span class='ocrx_word' id='word_1_225' title='bbox 1094 3462 1208 3521; x_wconf 77' lang='lat' dir='ltr'><strong>itenere</strong></span> <span class='ocrx_word' id='word_1_226' title='bbox 1233 3453 1418 3536; x_wconf 64' lang='lat' dir='ltr'><strong>prae-Efflu-</strong></span> 
     </span>
    </p>
   </div>
   <div class='ocr_carea' id='block_1_12' title="bbox 56 3527 1427 3640">
    <p class='ocr_par' dir='ltr' id='par_1_13' title="bbox 56 3527 1427 3640">
     <span class='ocr_line' id='line_1_34' title="bbox 56 3527 1427 3640; baseline -0.002 -18"><span class='ocrx_word' id='word_1_227' title='bbox 56 3562 222 3628; x_wconf 80' lang='lat' dir='ltr'><strong>vcnientes;</strong></span> <span class='ocrx_word' id='word_1_228' title='bbox 251 3555 330 3620; x_wconf 91' lang='lat' dir='ltr'><strong>haec</strong></span> <span class='ocrx_word' id='word_1_229' title='bbox 358 3558 505 3640; x_wconf 90' lang='lat' dir='ltr'><strong>operibus</strong></span> <span class='ocrx_word' id='word_1_230' title='bbox 534 3559 699 3622; x_wconf 86' lang='lat' dir='ltr'><strong>ostendere</strong></span> <span class='ocrx_word' id='word_1_231' title='bbox 727 3558 934 3640; x_wconf 80' lang='lat' dir='ltr'><strong>festinamuS,</strong></span> <span class='ocrx_word' id='word_1_232' title='bbox 969 3558 1132 3622; x_wconf 85' lang='lat' dir='ltr'><strong>vinculum</strong></span> <span class='ocrx_word' id='word_1_233' title='bbox 1159 3559 1327 3622; x_wconf 91' lang='lat' dir='ltr'><strong>insolubile</strong></span> <span class='ocrx_word' id='word_1_234' title='bbox 1341 3527 1427 3585; x_wconf 68' lang='lat' dir='ltr'><strong>laio.</strong></span> 
     </span>
    </p>
   </div>
   <div class='ocr_carea' id='block_1_13' title="bbox 57 3658 1326 3745">
    <p class='ocr_par' dir='ltr' id='par_1_14' title="bbox 57 3658 1326 3745">
     <span class='ocr_line' id='line_1_35' title="bbox 57 3658 1326 3745; baseline 0.001 -22"><span class='ocrx_word' id='word_1_235' title='bbox 57 3658 220 3744; x_wconf 89' lang='lat' dir='ltr'><strong>spirituali</strong></span> <span class='ocrx_word' id='word_1_236' title='bbox 242 3660 375 3723; x_wconf 88' lang='lat' dir='ltr'><strong>caritate</strong></span> <span class='ocrx_word' id='word_1_237' title='bbox 398 3659 470 3745; x_wconf 67' lang='lat' dir='ltr'><strong>ad2)</strong></span> <span class='ocrx_word' id='word_1_238' title='bbox 493 3660 670 3724; x_wconf 90' lang='lat' dir='ltr'><strong>unitionem</strong></span> <span class='ocrx_word' id='word_1_239' title='bbox 692 3664 876 3725; x_wconf 88' lang='lat' dir='ltr'><strong>sanctarum</strong></span> <span class='ocrx_word' id='word_1_240' title='bbox 894 3660 1097 3725; x_wconf 89' lang='lat' dir='ltr'><strong>ecclesiarum</strong></span> <span class='ocrx_word' id='word_1_241' title='bbox 1113 3661 1326 3744; x_wconf 89' lang='lat' dir='ltr'><strong>continentes,</strong></span> 
     </span>
    </p>
   </div>
   <div class='ocr_carea' id='block_1_14' title="bbox 60 3799 366 3807">
    <p class='ocr_par' dir='ltr' id='par_1_15' title="bbox 60 3799 366 3807">
     <span class='ocr_line' id='line_1_36' title="bbox 60 3799 366 3807; baseline 0 0"><span class='ocrx_word' id='word_1_242' title='bbox 60 3799 366 3807; x_wconf 67' lang='lat'><strong>..—--.-—.-—.</strong></span> 
     </span>
    </p>
   </div>
   <div class='ocr_carea' id='block_1_15' title="bbox 57 3862 1326 4617">
    <p class='ocr_par' dir='ltr' id='par_1_16' title="bbox 57 3862 1326 4511">
     <span class='ocr_line' id='line_1_37' title="bbox 59 3862 1326 3934; baseline 0.002 -18"><span class='ocrx_word' id='word_1_243' title='bbox 59 3869 110 3917; x_wconf 86' lang='lat'><strong>108</strong></span> <span class='ocrx_word' id='word_1_244' title='bbox 145 3865 165 3931; x_wconf 90' lang='lat'><strong>¹)</strong></span> <span class='ocrx_word' id='word_1_245' title='bbox 183 3862 246 3916; x_wconf 88' lang='lat' dir='ltr'><strong>Non</strong></span> <span class='ocrx_word' id='word_1_246' title='bbox 264 3862 347 3917; x_wconf 90' lang='lat' dir='ltr'><strong>modo</strong></span> <span class='ocrx_word' id='word_1_247' title='bbox 366 3880 400 3917; x_wconf 87' lang='lat' dir='ltr'><strong>ea</strong></span> <span class='ocrx_word' id='word_1_248' title='bbox 417 3880 446 3918; x_wconf 88' lang='lat' dir='ltr'><strong>se</strong></span> <span class='ocrx_word' id='word_1_249' title='bbox 464 3864 636 3933; x_wconf 88' lang='lat' dir='ltr'><strong>recepturos,</strong></span> <span class='ocrx_word' id='word_1_250' title='bbox 656 3864 705 3918; x_wconf 89' lang='lat' dir='ltr'><strong>sed</strong></span> <span class='ocrx_word' id='word_1_251' title='bbox 723 3864 758 3919; x_wconf 87' lang='lat' dir='ltr'><strong>ab</strong></span> <span class='ocrx_word' id='word_1_252' title='bbox 776 3864 855 3918; x_wconf 90' lang='lat' dir='ltr'><strong>initio</strong></span> <span class='ocrx_word' id='word_1_253' title='bbox 874 3864 1026 3934; x_wconf 86' lang='lat' dir='ltr'><strong>suscepisse</strong></span> <span class='ocrx_word' id='word_1_254' title='bbox 1045 3866 1074 3918; x_wconf 90' lang='lat' dir='ltr'><strong>et</strong></span> <span class='ocrx_word' id='word_1_255' title='bbox 1087 3865 1246 3919; x_wconf 86' lang='lat' dir='ltr'><strong>constanter</strong></span> <span class='ocrx_word' id='word_1_256' title='bbox 1264 3879 1326 3933; x_wconf 93' lang='lat' dir='ltr'><strong>pro-</strong></span> 
     </span>
     <span class='ocr_line' id='line_1_38' title="bbox 57 3946 1326 4019; baseline 0.002 -20"><span class='ocrx_word' id='word_1_257' title='bbox 57 3964 200 4017; x_wconf 80' lang='lat' dir='ltr'><strong>pugnasse</strong></span> <span class='ocrx_word' id='word_1_258' title='bbox 219 3948 366 4001; x_wconf 85' lang='lat' dir='ltr'><strong>uffirmant.</strong></span> <span class='ocrx_word' id='word_1_259' title='bbox 404 3946 455 4011; x_wconf 84' lang='lat' dir='ltr'><strong>Qui</strong></span> <span class='ocrx_word' id='word_1_260' title='bbox 472 3948 546 4002; x_wconf 85' lang='lat' dir='ltr'><strong>infra</strong></span> <span class='ocrx_word' id='word_1_261' title='bbox 564 3949 643 4019; x_wconf 89' lang='lat' dir='ltr'><strong>epist.</strong></span> <span class='ocrx_word' id='word_1_262' title='bbox 665 3956 713 4003; x_wconf 79' lang='lat'><strong>129</strong></span> <span class='ocrx_word' id='word_1_263' title='bbox 731 3968 757 4003; x_wconf 92' lang='lat' dir='ltr'><strong>n.</strong></span> <span class='ocrx_word' id='word_1_264' title='bbox 776 3957 792 4003; x_wconf 84' lang='lat'>4</span> <span class='ocrx_word' id='word_1_265' title='bbox 811 3949 846 4002; x_wconf 89' lang='lat' dir='ltr'><strong>ab</strong></span> <span class='ocrx_word' id='word_1_266' title='bbox 866 3949 964 4004; x_wconf 90' lang='lat' dir='ltr'><strong>eodem</strong></span> <span class='ocrx_word' id='word_1_267' title='bbox 985 3949 1155 4018; x_wconf 85' lang='lat' dir='ltr'><strong>imperatore</strong></span> <span class='ocrx_word' id='word_1_268' title='bbox 1174 3949 1208 4004; x_wconf 90' lang='lat' dir='ltr'><strong>de</strong></span> <span class='ocrx_word' id='word_1_269' title='bbox 1227 3949 1326 4003; x_wconf 88' lang='lat' dir='ltr'><strong>eodem</strong></span> 
     </span>
     <span class='ocr_line' id='line_1_39' title="bbox 58 4031 1326 4104; baseline 0.003 -19"><span class='ocrx_word' id='word_1_270' title='bbox 58 4032 154 4086; x_wconf 84' lang='lat' dir='ltr'><strong>libello</strong></span> <span class='ocrx_word' id='word_1_271' title='bbox 172 4032 277 4086; x_wconf 86' lang='lat' dir='ltr'><strong>dictum</strong></span> <span class='ocrx_word' id='word_1_272' title='bbox 295 4031 408 4101; x_wconf 83' lang='lat' dir='ltr'><strong>legerit:</strong></span> <span class='ocrx_word' id='word_1_273' title='bbox 426 4039 453 4086; x_wconf 88' lang='lat' dir='ltr'><strong>in</strong></span> <span class='ocrx_word' id='word_1_274' title='bbox 471 4053 519 4101; x_wconf 84' lang='lat' dir='ltr'><strong>quo</strong></span> <span class='ocrx_word' id='word_1_275' title='bbox 536 4054 592 4087; x_wconf 79' lang='lat' dir='ltr'><strong>aesc</strong></span> <span class='ocrx_word' id='word_1_276' title='bbox 612 4040 749 4089; x_wconf 80' lang='lat' dir='ltr'><strong>duraturos</strong></span> <span class='ocrx_word' id='word_1_277' title='bbox 761 4039 896 4089; x_wconf 83' lang='lat' dir='ltr'><strong>ostendunt</strong></span> <span class='ocrx_word' id='word_1_278' title='bbox 910 4041 1029 4101; x_wconf 81' lang='lat' dir='ltr'><strong>firmiter,</strong></span> <span class='ocrx_word' id='word_1_279' title='bbox 1048 4047 1074 4089; x_wconf 85' lang='lat' dir='ltr'><strong>ct</strong></span> <span class='ocrx_word' id='word_1_280' title='bbox 1086 4055 1134 4104; x_wconf 85' lang='lat' dir='ltr'><strong>qno</strong></span> <span class='ocrx_word' id='word_1_281' title='bbox 1147 4042 1214 4088; x_wconf 84' lang='lat' dir='ltr'><strong>nullu</strong></span> <span class='ocrx_word' id='word_1_282' title='bbox 1226 4042 1326 4090; x_wconf 83' lang='lat' dir='ltr'><strong>ratione</strong></span> 
     </span>
     <span class='ocr_line' id='line_1_40' title="bbox 58 4117 1326 4188; baseline 0.001 -17"><span class='ocrx_word' id='word_1_283' title='bbox 58 4122 230 4171; x_wconf 64' lang='lat' dir='ltr'><strong>desistendum</strong></span> <span class='ocrx_word' id='word_1_284' title='bbox 253 4124 397 4180; x_wconf 82' lang='lat' dir='ltr'><strong>aestimant,</strong></span> <span class='ocrx_word' id='word_1_285' title='bbox 421 4118 464 4170; x_wconf 77' lang='lat' dir='ltr'><strong>vii</strong></span> <span class='ocrx_word' id='word_1_286' title='bbox 489 4117 641 4186; x_wconf 81' lang='lat' dir='ltr'><strong>dubitabit,</strong></span> <span class='ocrx_word' id='word_1_287' title='bbox 668 4119 733 4188; x_wconf 91' lang='lat' dir='ltr'><strong>quin</strong></span> <span class='ocrx_word' id='word_1_288' title='bbox 755 4119 801 4174; x_wconf 89' lang='lat' dir='ltr'><strong>hic</strong></span> <span class='ocrx_word' id='word_1_289' title='bbox 823 4119 1023 4174; x_wconf 87' lang='lat' dir='ltr'><strong>restituendum</strong></span> <span class='ocrx_word' id='word_1_290' title='bbox 1046 4119 1083 4172; x_wconf 88' lang='lat' dir='ltr'><strong>sit</strong></span> <span class='ocrx_word' id='word_1_291' title='bbox 1103 4140 1160 4173; x_wconf 80' lang='lat' dir='ltr'><strong>acre</strong></span> <span class='ocrx_word' id='word_1_292' title='bbox 1182 4130 1326 4174; x_wconf 82' lang='lat' dir='ltr'><strong>retenturos</strong></span> 
     </span>
     <span class='ocr_line' id='line_1_41' title="bbox 58 4202 1235 4273; baseline 0.002 -17"><span class='ocrx_word' id='word_1_293' title='bbox 58 4207 203 4258; x_wconf 73' lang='lat' dir='ltr'><strong>ostendunt.</strong></span> <span class='ocrx_word' id='word_1_294' title='bbox 240 4202 346 4256; x_wconf 86' lang='lat' dir='ltr'><strong>Ibidem</strong></span> <span class='ocrx_word' id='word_1_295' title='bbox 365 4202 399 4256; x_wconf 88' lang='lat' dir='ltr'><strong>G¹</strong></span> <span class='ocrx_word' id='word_1_296' title='bbox 413 4220 448 4257; x_wconf 84' lang='lat' dir='ltr'><strong>co</strong></span> <span class='ocrx_word' id='word_1_297' title='bbox 465 4210 619 4271; x_wconf 78' lang='lat' dir='ltr'><strong>ostenditur,</strong></span> <span class='ocrx_word' id='word_1_298' title='bbox 638 4221 757 4273; x_wconf 83' lang='lat' dir='ltr'><strong>moxque</strong></span> <span class='ocrx_word' id='word_1_299' title='bbox 775 4206 802 4258; x_wconf 82' lang='lat' dir='ltr'><strong>a¹</strong></span> <span class='ocrx_word' id='word_1_300' title='bbox 821 4210 859 4259; x_wconf 78' lang='lat' dir='ltr'><strong>iiis</strong></span> <span class='ocrx_word' id='word_1_301' title='bbox 877 4211 984 4267; x_wconf 81' lang='lat' dir='ltr'><strong>relictis,</strong></span> <span class='ocrx_word' id='word_1_302' title='bbox 1003 4204 1051 4257; x_wconf 88' lang='lat' dir='ltr'><strong>ubi</strong></span> <span class='ocrx_word' id='word_1_303' title='bbox 1070 4206 1105 4258; x_wconf 86' lang='lat' dir='ltr'><strong>al.</strong></span> <span class='ocrx_word' id='word_1_304' title='bbox 1124 4211 1235 4259; x_wconf 81' lang='lat' dir='ltr'><strong>reiectis.</strong></span> 
     </span>
     <span class='ocr_line' id='line_1_42' title="bbox 60 4286 1325 4359; baseline 0.003 -19"><span class='ocrx_word' id='word_1_305' title='bbox 60 4293 109 4342; x_wconf 84' lang='lat'><strong>109</strong></span> <span class='ocrx_word' id='word_1_306' title='bbox 146 4289 164 4355; x_wconf 88' lang='lat'><strong>¹)</strong></span> <span class='ocrx_word' id='word_1_307' title='bbox 186 4287 354 4341; x_wconf 84' lang='lat' dir='ltr'><strong>Redundare</strong></span> <span class='ocrx_word' id='word_1_308' title='bbox 376 4286 485 4342; x_wconf 88' lang='lat' dir='ltr'><strong>videtur</strong></span> <span class='ocrx_word' id='word_1_309' title='bbox 507 4305 660 4359; x_wconf 90' lang='lat' dir='ltr'><strong>pronomen</strong></span> <span class='ocrx_word' id='word_1_310' title='bbox 682 4295 721 4343; x_wconf 73' lang='lat' dir='ltr'><strong>leia</strong></span> <span class='ocrx_word' id='word_1_311' title='bbox 743 4291 828 4357; x_wconf 90' lang='lat' dir='ltr'><strong>atque</strong></span> <span class='ocrx_word' id='word_1_312' title='bbox 851 4288 1011 4359; x_wconf 86' lang='lat' dir='ltr'><strong>interpretis</strong></span> <span class='ocrx_word' id='word_1_313' title='bbox 1034 4306 1107 4355; x_wconf 88' lang='lat' dir='ltr'><strong>esse,</strong></span> <span class='ocrx_word' id='word_1_314' title='bbox 1135 4289 1183 4357; x_wconf 91' lang='lat' dir='ltr'><strong>qui</strong></span> <span class='ocrx_word' id='word_1_315' title='bbox 1212 4289 1325 4359; x_wconf 84' lang='lat' dir='ltr'><strong>linguae</strong></span> 
     </span>
     <span class='ocr_line' id='line_1_43' title="bbox 58 4371 1326 4443; baseline 0.002 -17"><span class='ocrx_word' id='word_1_316' title='bbox 58 4371 164 4426; x_wconf 88' lang='lat' dir='ltr'><strong>latinae</strong></span> <span class='ocrx_word' id='word_1_317' title='bbox 182 4372 351 4441; x_wconf 87' lang='lat' dir='ltr'><strong>potestatem</strong></span> <span class='ocrx_word' id='word_1_318' title='bbox 370 4390 403 4427; x_wconf 88' lang='lat' dir='ltr'><strong>ac</strong></span> <span class='ocrx_word' id='word_1_319' title='bbox 420 4375 623 4443; x_wconf 89' lang='lat' dir='ltr'><strong>proprietatem</strong></span> <span class='ocrx_word' id='word_1_320' title='bbox 647 4392 702 4430; x_wconf 92' lang='lat' dir='ltr'><strong>non</strong></span> <span class='ocrx_word' id='word_1_321' title='bbox 724 4375 790 4428; x_wconf 88' lang='lat' dir='ltr'><strong>satis</strong></span> <span class='ocrx_word' id='word_1_322' title='bbox 812 4374 926 4442; x_wconf 89' lang='lat' dir='ltr'><strong>callens,</strong></span> <span class='ocrx_word' id='word_1_323' title='bbox 949 4374 1096 4429; x_wconf 89' lang='lat' dir='ltr'><strong>articulum</strong></span> <span class='ocrx_word' id='word_1_324' title='bbox 1113 4391 1245 4443; x_wconf 80' lang='lat' dir='ltr'><strong>graecum</strong></span> <span class='ocrx_word' id='word_1_325' title='bbox 1266 4381 1326 4439; x_wconf 84' lang='grc' dir='ltr'><em>τοῖς</em></span> 
     </span>
     <span class='ocr_line' id='line_1_44' title="bbox 58 4457 295 4511; baseline 0 0"><span class='ocrx_word' id='word_1_326' title='bbox 58 4457 177 4511; x_wconf 87' lang='lat' dir='ltr'><strong>reticere</strong></span> <span class='ocrx_word' id='word_1_327' title='bbox 194 4457 295 4511; x_wconf 88' lang='lat' dir='ltr'><strong>timuit.</strong></span> 
     </span>
    </p>

    <p class='ocr_par' dir='ltr' id='par_1_17' title="bbox 126 4543 1325 4617">
     <span class='ocr_line' id='line_1_45' title="bbox 126 4543 1325 4617; baseline 0.005 -21"><span class='ocrx_word' id='word_1_328' title='bbox 126 4545 148 4611; x_wconf 79' lang='lat'><strong>¹)</strong></span> <span class='ocrx_word' id='word_1_329' title='bbox 166 4543 210 4596; x_wconf 86' lang='lat' dir='ltr'><strong>Ita</strong></span> <span class='ocrx_word' id='word_1_330' title='bbox 228 4546 253 4597; x_wconf 77' lang='lat'><strong>0⁸</strong></span> <span class='ocrx_word' id='word_1_331' title='bbox 271 4561 342 4612; x_wconf 84' lang='lat' dir='ltr'><strong>seq,</strong></span> <span class='ocrx_word' id='word_1_332' title='bbox 361 4561 444 4612; x_wconf 90' lang='lat' dir='ltr'><strong>quum</strong></span> <span class='ocrx_word' id='word_1_333' title='bbox 463 4544 497 4599; x_wconf 85' lang='lat' dir='ltr'><strong>G¹</strong></span> <span class='ocrx_word' id='word_1_334' title='bbox 511 4547 538 4600; x_wconf 83' lang='lat' dir='ltr'><strong>a¹</strong></span> <span class='ocrx_word' id='word_1_335' title='bbox 557 4553 734 4602; x_wconf 83' lang='lat' dir='ltr'><strong>adunationem</strong></span> <span class='ocrx_word' id='word_1_336' title='bbox 792 4567 856 4617; x_wconf 72' lang='lat' dir='ltr'><strong>pirae</strong></span> <span class='ocrx_word' id='word_1_337' title='bbox 874 4566 920 4600; x_wconf 86' lang='lat' dir='ltr'><strong>nee</strong></span> <span class='ocrx_word' id='word_1_338' title='bbox 979 4566 1024 4600; x_wconf 85' lang='lat' dir='ltr'><strong>nec</strong></span> <span class='ocrx_word' id='word_1_339' title='bbox 1041 4544 1086 4614; x_wconf 84' lang='lat' dir='ltr'><strong>(G¹</strong></span> <span class='ocrx_word' id='word_1_340' title='bbox 1100 4547 1165 4600; x_wconf 90' lang='lat' dir='ltr'><strong>add.</strong></span> <span class='ocrx_word' id='word_1_341' title='bbox 1182 4553 1325 4602; x_wconf 86' lang='lat' dir='ltr'><strong>contrario-</strong></span> 
     </span>
    </p>
   </div>
   <div class='ocr_carea' id='block_1_16' title="bbox 57 4631 1326 4771">
    <p class='ocr_par' dir='ltr' id='par_1_18' title="bbox 57 4631 1326 4771">
     <span class='ocr_line' id='line_1_46' title="bbox 58 4631 1326 4701; baseline 0.004 -20"><span class='ocrx_word' id='word_1_342' title='bbox 58 4631 123 4696; x_wconf 82' lang='lat' dir='ltr'><strong>rum)</strong></span> <span class='ocrx_word' id='word_1_343' title='bbox 196 4633 401 4698; x_wconf 78' lang='lat' dir='ltr'><strong>fluctuationibus</strong></span> <span class='ocrx_word' id='word_1_344' title='bbox 422 4637 541 4684; x_wconf 82' lang='lat' dir='ltr'><strong>maiorum</strong></span> <span class='ocrx_word' id='word_1_345' title='bbox 557 4639 673 4701; x_wconf 81' lang='lat' dir='ltr'><strong>principi</strong></span> <span class='ocrx_word' id='word_1_346' title='bbox 691 4640 731 4687; x_wconf 86' lang='lat' dir='ltr'><strong>vei</strong></span> <span class='ocrx_word' id='word_1_347' title='bbox 751 4638 866 4687; x_wconf 78' lang='lat' dir='ltr'><strong>ueritatis</strong></span> <span class='ocrx_word' id='word_1_348' title='bbox 882 4638 981 4687; x_wconf 84' lang='lat' dir='ltr'><strong>inimico</strong></span> <span class='ocrx_word' id='word_1_349' title='bbox 1050 4643 1156 4687; x_wconf 80' lang='lat' dir='ltr'><strong>sanciae</strong></span> <span class='ocrx_word' id='word_1_350' title='bbox 1173 4644 1199 4687; x_wconf 86' lang='lat' dir='ltr'><strong>et</strong></span> <span class='ocrx_word' id='word_1_351' title='bbox 1221 4636 1326 4687; x_wconf 81' lang='lat' dir='ltr'><strong>consub-</strong></span> 
     </span>
     <span class='ocr_line' id='line_1_47' title="bbox 57 4718 549 4771; baseline 0.006 -3"><span class='ocrx_word' id='word_1_352' title='bbox 57 4720 188 4768; x_wconf 76' lang='lat' dir='ltr'><strong>stantialia</strong></span> <span class='ocrx_word' id='word_1_353' title='bbox 209 4718 342 4768; x_wconf 82' lang='lat' dir='ltr'><strong>Trinitatis</strong></span> <span class='ocrx_word' id='word_1_354' title='bbox 360 4722 549 4771; x_wconf 77' lang='lat' dir='ltr'><strong>intercessione.</strong></span> 
     </span>
    </p>
   </div>
   <div class='ocr_carea' id='block_1_17' title="bbox 0 0 1613 5506">
    <p class='ocr_par' dir='ltr' id='par_1_19' title="bbox 0 0 1613 5506">
     <span class='ocr_line' id='line_1_48' title="bbox 0 0 1613 5506; baseline 0 0"><span class='ocrx_word' id='word_1_355' title='bbox 0 0 1613 5506; x_wconf 95' lang='lat' dir='ltr'><strong> </strong></span> 
     </span>
    </p>
   </div>
  </div>
 </body>
</html>
