3204 5506
594 369 788 418 aersronna
814 360 864 417 78.
890 360 939 416 79.
1338 352 1399 416 817

216 524 249 586 2.
286 520 531 587 Praesumentes
559 525 664 586 autem
698 523 736 588 de
764 522 972 587 beatitudinis
1007 523 1131 584 vestrae
1164 521 1398 603 benevolentia,
1424 536 1458 601 (a.
1470 537 1539 603 519.)

128 628 302 708 paternam
324 625 527 690 dilectionem
549 624 684 688 nimium
706 624 853 707 petimus,
878 627 1034 707 quatenus
1054 623 1195 707 reliquiis
1217 625 1399 686 sanctorum

131 727 349 810 apostolorum
370 729 438 789 tam
461 748 518 789 nos
541 748 636 810 quarn
653 726 851 809 basilicamll
867 747 975 788 eorum
991 724 1043 789 hic
1058 725 1092 788 in
1107 725 1199 789 domo
1215 728 1325 788 nostra
1340 725 1399 788 sub

129 829 261 892 nomine
288 828 524 912 praedictorum
550 828 780 893 venerabilium
804 831 1020 891 constructam
1046 826 1208 890 illustrare
1230 829 1262 890 et
1283 826 1399 890 illumi·

129 951 210 994 nare
234 930 322 1015 large
345 930 540 1015 dignemini,
566 934 805 1014 cognoscentes
828 930 913 1014 quod
935 928 1058 992 nullum
1072 928 1165 991 nobis
1184 927 1288 1011 majus
1304 929 1398 1012 noel)

128 1054 247 1095 munus
270 1054 329 1096 nec
352 1031 541 1096 beneficium
564 1035 728 1114 praestare
750 1031 899 1115 potestiS,
930 1029 1056 1094 domine
1084 1030 1267 1094 beatissime
1294 1033 1397 1113 pater,

128 1155 226 1217 quam
249 1134 275 1196 si
299 1133 382 1198 hanc
404 1137 547 1197 nostram
569 1134 757 1216 petitionem
779 1132 1036 1215 adimpleveritis.
1075 1130 1186 1195 Subito
1209 1135 1315 1195 autem
1338 1131 1399 1194 iter

128 1236 306 1319 arripiente
328 1235 492 1318 praedicto
515 1237 665 1320 agentel)
682 1236 716 1298 in
732 1234 837 1316 rebuS,
862 1234 959 1297 etiam
978 1234 1040 1297 duo
1062 1233 1207 1317 palliam)
1223 1233 1399 1297 holoserica

127 1337 169 1399 ad
192 1339 416 1400 ornamentum
439 1336 550 1400 altaris
566 1340 749 1400 sanctorum
765 1335 979 1419 apostolorum
995 1336 1177 1418 direximus,
1200 1356 1281 1418 quae
1302 1334 1398 1399 susci·

125 1438 255 1521 pientes
284 1438 514 1502 efficacissimis
542 1439 689 1522 precibus
717 1439 831 1502 vestris
863 1439 964 1501 nostri
994 1438 1105 1521 jubete
1134 1437 1258 1522 jugiter
1291 1437 1398 1500 faeere

124 1561 324 1604 memonam.

635 1726 816 1829 Epistola
842 1728 899 1810 79.

308 1879 519 1944 Hormisdou
543 1897 653 1961 papae
675 1880 719 1944 ad
742 1880 926 1946 lustinum
950 1880 1219 1960 imperatorem.
1411 1877 1535 2000 (19311ῗέ

161 2017 241 2077 (lnam
258 2020 603 2083 9101101111ίὶ111111111111,
629 2036 698 2083 qncm
718 2020 821 2068 reddita
838 2023 924 2081 rapine
943 2018 1000 2066 arbi
1015 2034 1080 2081 pare
1098 2020 1196 2073 aetralit,
1218 2021 1364 2081 911111111111111

161 2101 197 2163 (n.
214 2100 310 2167 1—3).
348 2103 381 2152 la
398 2105 463 2152 idem
480 2104 567 2152 bonnm
588 2105 737 2153 Antiarbinc
762 2111 837 2168 alque
856 2103 1035 2153 Alexandriae
1058 2108 1141 2159 marei,
1165 2105 1310 2167 lapidesque
1329 2105 1364 2152 ad

415 2190 444 2237 id
461 2191 548 2239 rniaaos
566 2188 670 2252 benipne
688 2190 800 2250 arljnvei,
817 2195 942 2252 precatur
960 2185 1104 2250 (11.4-5).

280 2335 489 2401 Hormisda
512 2338 724 2421 episcopus
746 2336 909 2401 Justino
933 2337 1123 2421 Auguste.

216 2457 243 2518 1.
277 2455 383 2519 Lectis
408 2456 595 2520 clementiae
618 2461 742 2521 vestrae
764 2457 904 2540 paginis,
928 2478 1008 2541 quae
1031 2456 1213 2519 restitutam
1233 2455 1306 2519 fidei
1323 2478 1395 2520 con-

122 2557 271 2622 cordiam
293 2559 503 2641 nmrtiabant,
533 2560 568 2621 in
590 2559 716 2622 divinae
744 2559 846 2622 landis
870 2558 1030 2622 canticum
1053 2580 1143 2621 mens
1165 2558 1263 2621 totius
1286 2557 1394 2622 Eccle-

119 2660 193 2723 siae
216 2659 300 2722 laeta
322 2660 482 2743 prorupit,
511 2682 573 2754 quo
597 2661 738 2724 canitur:
773 2668 876 2724 Gloria
904 2668 933 2724 in
963 2668 1088 2725 excelsis
1110 2665 1173 2724 lieo
1202 2672 1231 2723 ct
1259 2669 1287 2722 ia
1312 2672 1395 2724 terra
1409 2641 1474 2694 Lm·

1407 2715 1477 2775 aa.

115 2783 193 2843 pax
215 2766 382 2825 bominibus
403 2767 500 2825 bonae
522 2769 701 2826 inclamatis!
743 2752 848 2846 Hrijus
871 2763 970 2846 igitur
991 2763 1107 2827 fiducia
1129 2761 1240 2845 hymni
1263 2762 1395 2847 dignam

117 2862 273 2928 fidelibus
307 2863 428 2926 meritis
461 2864 597 2947 gloriam
629 2864 878 2947 felicitatemque
910 2865 1112 2946 praesumite.
1168 2862 1280 2947 Neque
1309 2865 1394 2928 enim

117 2969 160 3029 te
182 2966 230 3027 ita
245 2963 313 3028 Deo
335 2965 488 3048 placitum
511 2964 689 3048 principem
712 2966 750 3028 ad
773 2965 898 3048 imperii
921 2966 1071 3028 verticem
1094 2966 1251 3028 humanus
1267 2969 1393 3028 tantum

118 3088 302 3131 consensus
330 3067 448 3129 evexit:
480 3070 512 3129 te
541 3067 599 3129 sibi
629 3067 754 3131 divinus
782 3067 872 3130 favor
899 3070 975 3130 ante
998 3067 1198 3130 formaverat.
1250 3066 1395 3131 Tradidit

196 3307 217 3370 ⁷)
235 3303 275 3357 De
293 3303 346 3358 hac
364 3303 479 3358 basilica
496 3303 647 3374 Procopius
665 3305 700 3358 de
712 3303 844 3358 aedificiis
856 3305 909 3365 1,4
928 3304 997 3357 haec
1009 3303 1106 3357 habet:
1126 3308 1259 3372 Principia
1272 3308 1394 3372 Byzantii

116 3390 151 3459 (J
156 3388 320 3456 ustinianus)
341 3394 418 3443 Petro
437 3401 462 3443 et
480 3395 560 3442 Panlo
579 3410 664 3443 nonum
683 3397 795 3457 {emplum
814 3395 931 3442 extrusit
943 3394 1026 3455 junia
1039 3395 1132 3458 rapina
1145 3395 1226 3441 aratam
1239 3393 1393 3444 Hornrisdae

117 3481 185 3530 olim
204 3480 298 3528 nonnae
318 3480 423 3526 dictam:
447 3495 518 3543 paam
541 3480 608 3542 ipse,
631 3495 700 3527 11111111
718 3487 795 3528 antea
814 3480 923 3539 domurn,
947 3495 1019 3543 pauni
1036 3479 1102 3528 adeo
1120 3480 1248 3542 mapnifice
1266 3487 1392 3540 ornasset,

116 3571 153 3613 ut
171 3566 279 3627 speciem
297 3563 401 3612 baberet
420 3565 615 3628 dipnitalemqne
633 3565 725 3626 palatii
730 3601 735 3617 .
753 3571 844 3627 postea
864 3564 988 3613 [lemanna
1004 3565 1090 3625 [nelias
1101 3568 1241 3626 imperator
1253 3581 1306 3612 earn
1318 3566 1395 3613 alleri

116 3650 214 3712 rapine
232 3651 398 3698 accessionem
412 3650 540 3710 adjunxit.
568 3642 672 3697 Exinde
686 3643 769 3697 etium
784 3649 937 3698 llonrniadne
951 3659 1105 3712 cognomen
1122 3643 1299 3712 imperatoris
1316 3645 1393 3713 pala·

116 3730 196 3783 tium
214 3728 342 3782 servavit.
374 3731 507 3792 Quocirca
524 3727 603 3781 initio
622 3728 776 3783 collationis
795 3729 993 3783 catholicorum
1008 3746 1069 3781 cum
1082 3727 1237 3782 Severianis
1256 3746 1328 3783 anno
1343 3736 1392 3783 533

108 3814 239 3870 ‘habitae
258 3814 353 3881 (Hard.
372 3814 424 3879 ΙΙΙ,
444 3817 519 3880 1160)
538 3813 652 3881 legitur:
677 3819 798 3867 Eoocauit
814 3821 994 3868 sanctissimum
1008 3818 1225 3882 archiepiscopum
1243 3814 1393 3881 (81110011-

119 3898 416 3968 stantinopolitanum)
440 3904 656 3967 tranquillissimus
674 3906 813 3966 imperator
835 3905 860 3952 in
879 3903 1017 3953 venerabili
1033 3906 1129 3966 palatio
1147 3918 1191 3951 erro
1215 3905 1283 3967 qnod
1300 3905 1393 3952 dician-

119 3989 328 4039 llormr'sdac.
365 3983 419 4036 Sed
437 3999 491 4036 non
510 3983 546 4036 ab
564 3983 713 4036 Hormisda
728 3991 822 4037 nostro
841 3984 894 4038 hoo
911 3983 937 4037 ei
955 4000 1109 4051 cognomen
1126 3982 1245 4036 inditum
1263 3985 1312 4037 est.

193 4075 213 4137 ⁸)
233 4071 259 4122 a¹
280 4089 325 4122 nec
342 4076 420 4122 minus
438 4073 595 4134 beneficium:
613 4068 647 4121 al.
672 4072 814 4136 beneficium
838 4090 884 4122 nec
905 4090 1005 4129 manaa·
1027 4069 1061 4122 G¹
1081 4089 1126 4123 nec
1149 4075 1227 4122 nrinas
1249 4089 1295 4122 nec
1317 4074 1392 4123 berae·

115 4161 213 4223 liciam.
250 4154 323 4207 Loco
341 4153 469 4213 vocabuli
487 4163 565 4207 rainae
583 4153 710 4207 restituto
730 4175 815 4206 1111111111
832 4155 942 4221 integra
960 4153 1054 4207 evadit
1072 4153 1168 4206 oratio.

193 4243 214 4306 1)
233 4239 292 4292 Hoc
311 4241 366 4303 est,
384 4239 514 4307 Eulogio,
537 4238 629 4305 quiin
648 4238 765 4308 epistola
782 4238 917 4308 superiori
935 4253 952 4291 a
969 4237 1124 4292 Justiuiano
1142 4238 1170 4290 in
1188 4239 1292 4292 Urbem
1310 4239 1392 4291 ‹lesti-

120 4326 207 4378 natus
226 4323 335 4378 dicitur.
375 4324 418 4376 lbi
440 4323 552 4391 quidem
570 4324 703 4391 Eulogius
725 4331 903 4392 magistrianus
920 4341 976 4377 non
994 4344 1071 4392 opens
1089 4329 1114 4375 in
1132 4328 1207 4376 rebus
1225 4322 1389 4391 appellatur.

121 4409 181 4464 Sed
198 4408 385 4478 promiscuum
404 4426 462 4463 esse
481 4410 628 4477 utrumque
647 4427 762 4474 nomen,
780 4410 945 4477 argumento
965 4412 1008 4462 est
1024 4408 1106 4474 illud,
1125 4408 1199 4477 quod
1218 4407 1313 4462 concil.
1332 4407 1392 4462 Cal-

121 4493 240 4548 chedon.
263 4494 316 4547 act.
337 4501 352 4547 3
371 4494 465 4559 (Hard.
485 4495 522 4558 ll,
545 4496 605 4562 334)
628 4494 757 4562 legimns,
780 4494 907 4548 eumdem
930 4498 1047 4548 Severaan
1070 4500 1256 4562 menpislrianam
1279 4492 1314 4546 ab
1337 4511 1391 4547 uno

120 4580 276 4648 interprete
294 4578 381 4632 veteri
400 4585 523 4648 qnorrdaaa
540 4583 731 4645 subadjatar·e›a
742 4585 961 4647 mapislrianoram
973 4585 1085 4642 arbelae,
1105 4580 1134 4632 eb
1151 4580 1187 4633 ab
1206 4579 1295 4632 altero
1314 4599 1390 4649 qaoru-

121 4672 181 4719 dnrn
198 4669 363 4730 subadjuvam
381 4671 505 4731 apcadum
522 4671 548 4717 in
566 4670 641 4717 rebus
657 4670 758 4719 ecbolac
776 4666 939 4734 nuncupari.

193 4752 225 4816 ¹⁰)
242 4749 292 4802 Ed.
310 4756 392 4816 parilia
409 4756 503 4804 sericio
520 4750 564 4802 rel
581 4755 677 4803 serica:
697 4751 873 4820 corriguntur
886 4768 937 4820 ope
951 4751 983 4805 (1Ι
999 4751 1047 4816 Gl,
1065 4750 1092 4803 in
1105 4749 1205 4818 quibus
1218 4750 1321 4816 legitur
1334 4750 1391 4818 qui-

121 4836 187 4890 dem
206 4842 285 4902 pallio
302 4844 355 4891 solo
373 4843 481 4897 sericos,
500 4835 549 4888 sed
568 4835 715 4902 legendum
734 4839 777 4890 cst
794 4844 886 4904 pallios
899 4844 938 4891 ola
950 4843 1059 4898 aeneos,
1078 4851 1149 4904 quae
1168 4836 1289 4890 barbara
1300 4835 1392 4904 lectio,

120 4924 144 4976 si
165 4922 209 4976 cui
228 4924 316 4992 aragia
334 4922 427 4992 placet
445 4924 475 4975 ut
493 4939 554 4976 eam
573 4923 725 4990 praeferat,
743 4939 793 4991 per
811 4941 861 4976 nos
878 4923 950 4977 licet.
