3204 5506
492 342 685 389 ammonia
709 333 726 388 5
751 343 937 391 1111111111.
1284 331 1346 394 619

64 494 217 559 diversis
249 495 423 580 provinciis
456 496 589 559 fecimus
617 496 757 578 evocari,
796 500 831 559 ut
864 497 922 559 sub
956 497 1056 561 divini
1088 499 1201 562 timore
1231 499 1449 581 judiciisoor.

65 597 181 660 totius
207 597 389 660 certaminis
412 597 500 660 vobis
523 597 764 682 disponentibus
789 620 883 662 eausa
898 600 1062 681 transiret,
1086 603 1118 662 et
1133 600 1202 663 urbi
1218 604 1345 664 nestrae

70 698 151 762 Deo
173 699 303 763 favente
325 701 436 783 optata
457 721 514 782 per
536 721 591 762 vos
615 699 783 762 concordia
797 700 991 765 redderetur.
1025 701 1119 765 Nunc
1134 724 1208 765 vero
1225 703 1344 785 eadem,

71 823 164 886 quae
195 800 326 884 dudum,
361 801 582 884 praesentibus
611 801 795 864 intimamus
824 803 975 885 oraculis,
1010 826 1067 866 nes
1097 825 1202 867 coram
1225 802 1291 866 Deo
1314 807 1346 867 et

72 903 266 968 hominibus
289 903 505 966 absolventes:
528 906 564 966 ut
588 925 715 967 causam
731 902 801 985 Dei,
826 926 921 986 qnam
943 907 1066 968 vestrae
1075 906 1101 988 ⁷)
1125 907 1344 990 congregatio-

75 1010 135 1070 nis
150 1005 346 1089 amplissime
361 1005 498 1087 senatui,
524 1007 556 1068 et
571 1027 682 1088 pacem
699 1004 773 1068 cleri
791 1004 967 1089 sperantes
992 1007 1216 1090 commisimus,
1240 1028 1345 1090 quem-

78 1106 253 1171 admodum
275 1107 377 1170 visum
393 1106 481 1170 vobis
496 1106 603 1189 faerit,
627 1106 780 1170 ordinetis
789 1108 831 1191 ⁸);
853 1128 913 1170 nec
932 1130 950 1170 a
966 1108 1057 1170 nobis
1073 1109 1171 1172 vestri
1186 1110 1346 1191 exspecte-

77 1214 137 1274 tur
163 1209 267 1272 ferma
289 1208 418 1292 judicii,
454 1207 507 1270 sed
536 1229 591 1271 ves
621 1208 757 1290 qualiter
780 1209 875 1271 vultis
903 1209 1058 1272 ordinate.
1104 1208 1176 1273 Sive
1205 1209 1346 1273 discussa

78 1313 149 1375 sive
171 1311 348 1375 indiscussa
370 1332 481 1391 eausa,
516 1310 655 1392 proferte
684 1311 893 1392 sententiam,
929 1311 967 1374 de
996 1334 1058 1394 qua
1086 1311 1161 1374 estis
1189 1311 1346 1374 rationem

78 1413 193 1477 divino
210 1413 331 1495 judicio
353 1411 522 1493 reddituri,
547 1410 725 1493 dummodo,
750 1412 844 1475 sicuti
867 1434 961 1496 saepe
984 1413 1129 1495 diximus,
1152 1412 1211 1476 hec
1230 1413 1345 1476 delibe-

12 1559 18 1609 '.
77 1516 164 1579 ratio
189 1518 293 1578 vestra
314 1513 496 1597 prevideat,
527 1517 564 1576 ut
585 1535 646 1595 pax
676 1514 801 1576 senatui
830 1514 1009 1598 populoque
1032 1514 1176 1578 Romane
1199 1515 1346 1578 submota

77 1618 170 1681 onmi
193 1615 378 1680 confusione
401 1614 565 1678 reddatur:
594 1637 635 1677 ne
657 1637 730 1698 qua,
755 1615 837 1698 qnod
860 1615 954 1698 absit,
978 1618 1051 1698 pest
1069 1616 1229 1698 judicium
1250 1617 1346 1680 turba

22 1748 27 1768 =
76 1722 137 1782 aut
167 1718 274 1802 aliqua
302 1720 466 1781 remaneat
493 1720 527 1779 in
559 1716 688 1779 civitate
723 1716 888 1780 discordia.
945 1716 1001 1781 Sin
1035 1722 1140 1781 autem
1172 1718 1346 1781 secandum

73 1819 236 1884 mandata
258 1822 367 1883 nostra
391 1818 559 1882 eoncordia
581 1818 814 1881 sacratissimae
837 1818 908 1880 urbi
931 1819 1054 1882 avobis
1069 1819 1168 1882 fuerit
1183 1819 1344 1903 restituta,

71 1922 191 2006 lrine⁹)
216 1921 405 1985 universitas
428 1942 602 2004 agnoscere
624 1921 742 2003 peterit
766 1920 890 2002 justum
919 1920 1001 1983 sacri
1030 1920 1150 1984 ordinis
1173 1920 1271 1984 vestri
1295 1943 1345 1983 ex-

69 2024 203 2089 stitisse
226 2022 391 2105 judicium.
444 2021 541 2085 Orate
569 2043 626 2104 pro
655 2022 763 2103 nobis,
798 2020 917 2084 demini
945 2022 1050 2085 sancti
1083 2044 1120 2085 ae
1148 2022 1345 2085 venerabiles

66 2125 207 2211 patres!
252 2122 371 2187 Datmn
405 2123 464 2185 sub
497 2123 547 2186 die
575 2122 793 2186 Kalendarum
816 2122 980 2206 OctobriS,
1014 2125 1221 2208 regnantem)
1249 2144 1345 2206 supra

11 2280 15 2309 ,
65 2228 166 2291 dicto
190 2225 338 2289 feliciter.

143 2424 169 2491 ⁷)
188 2421 237 2475 Κ12
255 2431 361 2474 nestram
380 2425 597 2486 ceaprepetieaem
616 2425 790 2488 ampliandarum
811 2431 901 2473 senata
924 2430 950 2473 et
966 2439 1031 2487 pace
1049 2425 1137 2472 clerici
1152 2430 1273 2486 sperante
1279 2439 1288 2478 ,·
1310 2417 1345 2470 Fd

58 2519 179 2564 scenae
199 2511 394 2573 ceaprepatione
412 2510 562 2572 amplissimo
575 2516 663 2584 seperta
676 2525 740 2572 pace
753 2511 852 2558 clericis
865 2516 988 2571 operante
1001 2509 1173 2556 commiserans.
1199 2503 1230 2555 B¹
1245 2514 1345 2555 oeslrae

57 2595 286 2660 coaprepatieais
304 2593 453 2657 amplissimo
470 2601 559 2642 senata
578 2601 603 2641 et
620 2609 684 2655 pace
702 2595 766 2642 cleri
781 2601 912 2656 sperante,
940 2588 1039 2656 quibus
1058 2587 1176 2641 maxime
1195 2586 1346 2640 concordat

57 2682 92 2733 0⁹
112 2700 139 2732 o.
156 2697 180 2729 e.
195 2696 221 2728 a.
233 2681 334 2728 senatui
350 2684 375 2726 et
390 2693 479 2740 pacem
497 2679 596 2727 clericis
613 2686 755 2741 sperantes,
775 2673 847 2726 unde
865 2675 961 2727 nestra
979 2672 1069 2727 lectio.
1100 2671 1154 2725 Alii
1167 2670 1234 2724 editi
1246 2681 1345 2724 vestrae

56 2766 274 2829 corrprepatr'eni
290 2765 464 2827 amplissimam
483 2758 536 2825 (vel
549 2762 733 2826 avaplissimam)
752 2771 854 2811 serratas
874 2761 910 2824 (0⁷
923 2758 986 2813 add.
1001 2762 1036 2826 ct)
1053 2777 1118 2826 pace
1136 2763 1223 2810 cleriei
1239 2777 1345 2824 sperna-

56 2860 125 2906 tes:
160 2843 244 2899 etad
262 2860 350 2913 marg.
370 2849 514 2911 amplissimi
529 2855 632 2896 senatus
650 2854 675 2895 et
692 2849 755 2897 cleri
771 2862 858 2911 pacem
877 2855 1021 2910 sperantes.
1059 2840 1234 2895 Constantius
1253 2841 1345 2906 legen-

57 2934 140 2988 dum
163 2929 742 3000 11001011101111101111111000νὶ1011110.
782 2927 888 2996 Nempe
911 2927 985 2980 idem
1009 2925 1196 2979 Theodericus
1220 2925 1345 2994 superius

58 3023 127 3073 rat
152 3013 195 3068 ait
213 3030 241 3069 se
261 3029 359 3067 causae
376 3013 459 3081 hujus
478 3011 664 3079 cognitionem
687 3011 723 3065 ad
742 3010 913 3064 sacerdotale
933 3010 1077 3064 concilium
1095 3015 1177 3076 jueta
1199 3021 1301 3062 senecae
1320 3020 1345 3062 et

60 3109 140 3157 cleri
159 3103 306 3168 petitionem
324 3117 470 3155 resecasse:
494 3099 522 3150 et
539 3096 612 3149 infra
629 3114 655 3148 n.
672 3103 702 3148 14
721 3096 875 3149 audiemus:
895 3101 930 3148 ad
946 3101 1090 3163 petitionem
1107 3103 1210 3146 senatus
1228 3101 1266 3146 oei
1283 3101 1346 3146 cleri
1428 3148 1430 3152 ,

58 3193 174 3256 secisse
194 3204 229 3236 ete
247 3188 352 3235 dirersis
370 3186 510 3235 civitatibus
528 3187 661 3234 convenire
679 3187 836 3233 sacerdotes.
863 3179 967 3233 Notum
980 3179 1021 3232 ost
1034 3180 1134 3243 autem,
1153 3177 1218 3230 cleri
1235 3179 1345 3246 partem

62 3273 199 3327 alteram
218 3266 378 3332 Laurentio,
407 3267 524 3320 alteram
547 3265 712 3335 Symmacho
735 3264 905 3317 adhaesisse:
934 3263 1058 3330 adeoque
1082 3265 1242 3315 accuratum
1265 3263 1344 3327 esset,

63 3355 155 3427 qued
174 3354 221 3407 hic
239 3352 375 3406 diceretur
397 3364 473 3420 parte
491 3356 561 3407 cieri.
603 3348 657 3403 Sed
681 3348 782 3402 codicis
805 3348 892 3402 nostri
915 3348 997 3402 lectio
1021 3347 1203 3401 mutationem
1227 3345 1344 3399 arbitra-

64 3441 151 3498 riam
170 3454 227 3492 nen
245 3436 375 3507 postulat.

147 3528 168 3591 ⁸)
188 3523 265 3576 K¹²b
285 3542 330 3574 acc
348 3544 363 3573 a
382 3525 452 3574 pelais
471 3525 594 3572 ordinetis
613 3518 641 3584 (b
661 3522 767 3585 ordinis)
791 3523 870 3572 nestri
891 3529 1065 3586 exspectetar.
1105 3516 1137 3569 Β1
1152 3515 1186 3568 Fd
1200 3519 1225 3569 0⁹
1244 3514 1344 3584 primo·

67 3610 195 3683 genium
214 3607 338 3661 ordinem
357 3607 504 3659 verborum
522 3603 702 3666 retinuermrt,
722 3620 804 3671 quem
823 3601 963 3657 reddimus
983 3602 1026 3669 (Fi
1046 3623 1060 3653 a
1078 3604 1166 3670 vebis).

148 3698 169 3760 ⁹)
189 3692 293 3757 11110·1
312 3691 344 3743 Fd
364 3696 433 3748 bacar,
454 3689 500 3741 alii
520 3700 577 3740 triac
647 3695 768 3756 potuerit,

149 3782 180 3846 ¹⁰)
200 3778 306 3831 Horum
324 3777 383 3830 loco
396 3775 430 3828 Fd
444 3795 545 3843 repaam
562 3779 640 3827 sineri
653 3774 710 3826 ecci
728 3783 756 3829 ias
769 3762 905 3841 anapnscid
915 3781 998 3841 repis.-
1016 3773 1034 3824 b
1050 3777 1141 3839 llepam
1157 3776 1250 3839 synodi
1266 3777 1343 3824 eccle-

70 3869 179 3919 siastici
200 3883 243 3915 eos
266 3883 299 3914 aa
321 3861 366 3929 (ad
384 3877 472 3928 marg.
492 3858 584 3928 aecem)
604 3865 731 3926 erpnascite
755 3859 812 3925 (lt¹²
831 3878 873 3910 aas
891 3860 1064 3926 aaapnnscite)
1088 3862 1163 3923 repis.
1212 3855 1266 3907 Pro
1290 3870 1344 3921 quo

72 3948 179 4004 ultime
199 3951 378 4015 anapaesticea
398 3950 466 4012 repis
484 3944 510 4009 (i.
524 3962 546 3997 e.
568 3943 805 3996 commonitorium
831 3960 878 3996 seu
896 3941 1058 4006 indiculum,
1086 3939 1160 4008 qaod
1182 3955 1229 3991 rex
1253 3939 1344 4006 legen·

73 4036 147 4089 dum
166 4031 254 4097 dedit)
273 4030 469 4100 reponendum,
489 4047 575 4096 caque
595 4028 648 4080 due
667 4029 753 4082 verba
772 4029 894 4081 subnexo
912 4025 1014 4095 scripte
1033 4025 1107 4079 tituli
1125 4024 1211 4077 instar
1228 4041 1345 4093 praepo·

73 4118 173 4174 nenda
192 4134 262 4181 esse,
278 4116 336 4184 jam
351 4115 480 4169 Labbeus
499 4113 676 4182 conjectavit,
696 4115 724 4165 et
742 4111 881 4166 consensit
899 4110 1086 4177 Constantius,
1111 4108 1225 4162 ethaeo
1243 4107 1345 4160 codicis

74 4203 168 4260 nostri
186 4202 217 4255 B¹
239 4200 398 4269 marginalis
422 4202 489 4253 nota
512 4197 642 4268 apposita
658 4197 809 4267 persuasit:
841 4201 1035 4264 Arraprosticnm
1058 4201 1126 4262 repis
1153 4198 1285 4245 leuderici
1311 4200 1346 4246 acl

72 4295 202 4360 synodum
219 4292 317 4338 missam
335 4293 359 4338 ia
377 4290 460 4338 uriam
479 4290 588 4337 llaarma.
630 4281 699 4335 Sunt
721 4282 815 4336 autem
838 4283 920 4334 notae
944 4280 1031 4349 ipsae,
1064 4296 1131 4348 quas
1154 4279 1232 4331 textu
1250 4279 1344 4329 nestro

74 4373 261 4445 reddidimus,
279 4379 332 4433 hoo
349 4379 431 4433 modo
445 4378 576 4448 scriptae:
597 4382 657 4445 llcp.
672 4378 736 4429 Sa'd.
751 4375 829 4441 (Ball.
843 4375 897 4442 leg.
911 4377 982 4440 lari.)
1001 4372 1065 4426 ecct.
1080 4373 1118 4439 q's.
1132 4354 1253 4437 apaosiib.
1266 4375 1344 4436 repis.

75 4466 204 4532 Quarum
226 4465 285 4517 tres
305 4463 411 4533 priores
435 4464 466 4516 ut
483 4464 577 4516 nostre
600 4461 682 4514 mode
705 4460 963 4527 interpretaremur,
991 4455 1098 4510 induxit
1122 4471 1171 4507 nes
1195 4453 1344 4508 similitude

74 4570 138 4622 sup.
157 4550 302 4621 praecept.
321 4557 376 4602 n.3
395 4557 423 4602 01
441 4555 464 4613 t,
487 4547 534 4600 ubi
558 4549 618 4599 loce
638 4548 702 4614 llep.
724 4550 784 4601 Seri.
803 4548 872 4597 Ecel.
897 4544 945 4596 ant
963 4545 1026 4610 llep.
1047 4544 1123 4594 Sabat.
1143 4553 1167 4593 et
1186 4547 1247 4604 latr,
1271 4538 1344 4606 quod

73 4637 104 4690 in
119 4635 150 4688 B¹
166 4633 310 4703 seriptum,
329 4635 424 4699 aperte
444 4650 504 4685 cum
524 4637 548 4685 el
567 4631 714 4700 legendum
733 4631 775 4682 est
787 4633 916 4696 liepnaale
934 4632 1083 4695 supradicto
1095 4630 1214 4691 feliciter,
1239 4622 1344 4676 Deinde

74 4724 106 4793 p's
123 4721 248 4776 sortasse
266 4717 505 4787 interpretandum
524 4723 591 4786 praed
608 4722 729 4783 sequitur.
774 4712 913 4766 Ballerinii
936 4712 1024 4767 eidem
1047 4711 1108 4764 leco
1131 4726 1244 4778 operam
1267 4726 1344 4761 suam

74 4805 258 4862 advertentes
271 4802 342 4856 hane
354 4802 612 4871 interpretationem
623 4801 748 4870 priorum
760 4800 901 4867 signorum
914 4797 1086 4867 proponente
1101 4799 1192 4860 llepias
1206 4798 1343 4851 ladiealas.

73 4893 132 4948 elia
148 4887 334 4963 peritioribus
352 4887 562 4957 interpretanda
580 4886 775 4954 rehnqueates.
802 4881 969 4950 Hardninns‚
987 4879 1079 4935 nescio
1095 4877 1195 4948 quibus
1208 4875 1284 4946 siglis
1296 4876 1344 4930 Κ12
