3204 5506
282 375 482 425 sancturus
499 377 544 422 Vl.
567 398 607 404 -
628 376 771 423 NOTITIA
795 378 905 425 EPIST.
930 378 1000 425 NON
1024 377 1193 426 Exstant.
1217 378 1280 424 N.l.
1350 361 1411 424 607

139 548 238 593 aures
261 528 341 592 haec
363 528 578 592 submovenda
601 533 757 592 tentasse:
790 536 822 593 01
844 514 918 614 quia
942 530 1066 593 auditos
1096 552 1251 594 essenon
1275 533 1411 613 constat,

139 629 221 694 dum
243 633 324 694 haec
346 632 431 694 mala
453 631 607 714 hodieque
629 631 820 715 perdurant,
848 632 918 695 ideo
940 631 1020 696 baec
1042 632 1112 714 ipsa
1133 631 1268 715 imperia
1291 631 1413 694 defece·

146 737 237 815 runt,
271 733 342 796 ideo
365 734 461 796 etiam
485 755 600 795 nomeu
624 732 901 820 Romanorumn),
932 757 996 796 non
1019 734 1149 797 remotis
1177 733 1274 795 etiam
1296 732 1413 816 Luper·

147 835 281 918 salibus,
305 858 405 919 usque
428 835 467 897 ad
490 837 632 897 extrema
654 857 796 919 quaeque
819 835 975 920 pervenit.
1009 835 1053 898 Et
1075 835 1145 899 ideo
1160 857 1247 898 nuno
1262 856 1299 898 ea
1314 857 1413 898 remo-

147 937 250 1001 venda
269 938 395 1019 suadeo,
411 958 491 1020 quae
505 958 603 1019 quum
618 936 699 998 nihil
714 937 871 1019 profuisse
888 958 1055 1021 cognosco,
1072 941 1237 1021 tamquam
1252 937 1413 1000 contraria

147 1061 240 1103 uerae
269 1039 418 1123 religioni
450 1038 546 1101 noxia
575 1038 680 1121 potius
709 1039 867 1102 exstitisse
894 1039 1077 1121 pronuntio.
1128 1039 1293 1103 Postremo
1320 1039 1347 1103 si
1375 1039 1413 1102 de

144 1163 289 1205 meorum
322 1162 458 1225 persona
490 1139 770 1223 praescribendum
804 1141 953 1204 aestimas
986 1141 1279 1224 praedeeessorum,
1319 1162 1413 1203 nnus·

143 1244 280 1327 quisque
308 1242 499 1326 1001111131)
528 1241 815 1305 administrationis
849 1265 925 1306 suae
953 1242 1132 1306 redditurus
1165 1245 1214 1306 est
1244 1243 1412 1325 rationem,

141 1346 230 1409 sicut
254 1345 351 1408 etiam
374 1344 408 1407 in
431 1343 567 1426 publicis
590 1343 801 1427 dignitatibus
830 1344 898 1407 fieri
926 1344 1109 1427 providetis.
1154 1344 1225 1429 Ego
1246 1344 1413 1429 negligen-

140 1446 227 1510 tiam
251 1467 401 1510 aeeusare
423 1467 489 1508 non
512 1445 612 1507 audeo
634 1445 921 1528 praedecessorum,
946 1468 1043 1529 quum
1064 1447 1167 1531 magis
1191 1446 1327 1529 credam,
1350 1446 1413 1508 for-

141 1551 234 1612 tasse
257 1550 400 1611 tentasse
424 1568 476 1610 cos
498 1549 534 1608 ut
556 1546 633 1610 haee
656 1546 799 1629 pravitas
821 1547 996 1630 tolleretur,
1027 1551 1059 1611 et
1080 1548 1233 1632 quasdam
1255 1547 1414 1612 exstitisse

140 1672 262 1714 causas
291 1652 323 1712 ct
352 1649 529 1712 eorrtrarias
552 1649 748 1732 voluntates,
777 1671 858 1732 quae
887 1671 994 1712 eorum
1024 1649 1257 1713 intentionibus
1284 1672 1414 1733 praepe-

137 1753 271 1833 dirent,
301 1750 385 1814 sicut
412 1772 453 1813 ne
475 1774 560 1814 nunc
583 1749 709 1833 quidem
731 1772 786 1814 vos
809 1751 894 1834 ipsos
918 1750 1073 1814 absistere
1101 1752 1223 1815 insanis
1247 1752 1414 1815 conatibus

136 1854 229 1919 velle
252 1852 462 1937 perpenditis

656 2145 692 2217 N
705 2170 727 2218 o
746 2150 764 2218 1
784 2148 797 2218 1
817 2150 835 2218 1
854 2148 867 2218 1
886 2173 910 2219 a

201 2294 394 2363 scriptorum
412 2307 472 2347 uon
492 2294 694 2363 exstantium,
715 2310 792 2362 tlutle
811 2296 848 2349 ad
868 2310 893 2349 s.
913 2293 1068 2350 Gelasium
1086 2308 1194 2362 papam
1211 2293 1358 2349 attinent.

770 2431 796 2494 I.

133 2560 227 2602 anno
248 2540 311 2598 492
332 2559 400 2597 mom
418 2547 484 2611 post
504 2556 592 2596 niens.
624 2541 714 2595 Mart.
730 2542 882 2612 Euphemii
902 2545 1032 2612 episcopi
1052 2542 1358 2613 Constantinopolitani
1378 2543 1417 2597 ad

304 2627 447 2682 Gelasium
463 2627 497 2680 de
513 2633 659 2697 aucupato
673 2629 845 2697 pontificatu
863 2633 890 2682 et
905 2622 1049 2683 seruanda
1064 2643 1141 2698 paee
1155 2630 1377 2700 protestatoriue.

237 2728 265 2783 1.
304 2726 466 2800 liupberuius
482 2729 572 2800 regiae
588 2728 701 2782 civitatis
718 2729 869 2800 episcopus,
886 2730 925 2783 uti
942 2727 1017 2783 valde
1033 2727 1208 2801 probabiliter
1222 2728 1414 2799 conjectamus,

134 2807 249 2872 Felicis
264 2811 286 2866 ll
307 2812 427 2867 obtinere
452 2814 607 2884 nequiverat
628 2815 852 2875 communionem,
875 2812 922 2867 scd
942 2813 1006 2868 liaeo
1021 2812 1144 2868 manebat
1166 2831 1304 2887 suspensa,
1326 2813 1414 2887 quoad

135 2899 267 2957 Flavitue
283 2899 423 2969 Acaciique
438 2899 544 2951 nomina
561 2914 575 2951 e
591 2897 724 2970 diptychis
740 2898 918 2952 submovisset
943 2897 1010 2968 (Gal.
1029 2915 1071 2971 ep.
1089 2898 1106 2953 3
1123 2915 1149 2952 n.
1169 2899 1206 2969 1).
1252 2900 1345 2954 Statim
1369 2916 1415 2954 au·

136 2995 204 3042 tem
220 2991 252 3037 ut
275 2982 373 3038 audivit
389 2981 521 3036 Gelasium
543 2983 569 3036 in
592 2981 684 3037 Felicis
709 2983 796 3038 locum
819 2983 969 3045 salicetum,
995 2984 1111 3056 speravit
1132 2983 1199 3046 iore,
1228 2991 1258 3039 ut
1279 2992 1305 3039 et
1326 2985 1414 3057 ipsum

137 3085 247 3128 recens
263 3084 329 3141 papa
350 3067 383 3121 de
400 3066 568 3122 ordinatione
590 3084 637 3121 sua
659 3067 759 3123 iaceret
775 3070 929 3122 certiorem.
961 3066 1037 3134 Quod
1060 3084 1141 3140 quum
1166 3068 1299 3123 tantillum
1321 3085 1415 3142 exspe-

138 3159 261 3215 ctasset,
278 3152 413 3226 amplioris
429 3153 569 3224 impatiens
585 3169 674 3207 morae
690 3152 764 3207 illum
781 3153 877 3207 litteris
894 3155 949 3208 suis
961 3152 1160 3225 provocandum
1174 3153 1258 3213 duait,
1275 3162 1305 3208 ut
1320 3153 1414 3207 saltem

138 3246 173 3298 in
193 3239 330 3294 secundis
345 3241 434 3293 uicem
449 3240 625 3307 impenderet
640 3240 829 3294 salutationis.
860 3237 952 3310 Neque
968 3239 1038 3292 euim
1054 3239 1100 3306 iis,'
1119 3254 1186 3309 quae
1202 3238 1235 3292 de
1250 3239 1309 3310 ipso
1326 3237 1415 3293 audie-

138 3331 198 3386 rat,
215 3331 360 3378 contentus
376 3321 434 3391 ejus
451 3323 527 3376 etiam
545 3325 591 3383 rei,
608 3340 686 3395 quum
702 3323 759 3378 aliis
775 3321 953 3377 referentibus
969 3330 1115 3396 acceperat,
1135 3322 1238 3377 litteras
1257 3331 1338 3378 testes
1355 3340 1415 3395 spe·

140 3420 222 3467 ctare
239 3407 371 3480 cupiebat.
402 3406 485 3461 luuuo
508 3414 616 3463 tontum
638 3424 707 3480 erpa
730 3425 792 3463 eum
809 3412 941 3463 caritatis
955 3409 1063 3463 babere
1080 3424 1109 3461 sc
1127 3406 1288 3471 testabatur,
1311 3416 1340 3462 ut
1360 3424 1414 3463 uon

139 3495 240 3552 solnm
257 3493 353 3547 litteris
371 3509 431 3547 enni
447 3491 556 3564 alloqui,
573 3492 720 3565 suiipsius
737 3494 816 3547 etiarn
833 3495 945 3564 affatus
961 3496 1062 3549 ccridire
1077 3500 1234 3566 peroptaret
1250 3493 1315 3565 (1.0.
1333 3511 1360 3548 1.
1374 3491 1413 3564 3).

237 3577 266 3633 2.
299 3576 345 3632 llis
361 3575 507 3647 adjiciebat,
530 3577 612 3632 110111
633 3571 777 3633 rnuuiicstc
794 3578 953 3642 ostendisse,
976 3585 1145 3634 sanctorum
1161 3581 1351 3634 ecelesiarum
1367 3583 1415 3634 mi-

138 3670 224 3724 nime
240 3665 376 3718 deserere
392 3678 422 3717 se
438 3666 601 3724 caritatem:
624 3663 755 3735 siquideur
776 3663 906 3736 singulari
924 3664 1091 3736 providentia
1115 3665 1200 3717 virum
1221 3665 1247 3719 11
1268 3663 1416 3737 pontificali

137 3750 212 3809 sede
230 3747 330 3803 locavit
345 3765 400 3804 nan
416 3749 584 3819 indiyentem
600 3750 706 3818 doceri,
724 3750 775 3803 scd
788 3751 976 3805 intendentem
990 3753 1081 3805 omnia
1095 3753 1262 3804 necessaria
1274 3752 1414 3806 0000010-

135 3836 264 3896 siastiei
280 3836 412 3903 eorporis
433 3835 569 3888 unitatem
593 3832 621 3903 (l.
636 3850 658 3887 c.
676 3851 701 3888 11.
720 3832 759 3902 4).
792 3833 859 3887 'loru
881 3843 1079 3907 cousequenter
1094 3833 1259 3896 arinectebat
1283 3834 1415 3889 Gelasium

134 3919 298 3980 salvatoris
314 3917 445 3990 exemplo.
463 3919 508 3990 qui
524 3917 557 3972 de
572 3918 648 3973 coelo
665 3918 811 3979 (inscendit,
834 3921 1104 3975 condescendibilem
1120 3918 1247 3992 praebere
1263 3936 1292 3974 se
1309 3918 1414 3982 debere,

131 4017 168 4066 et
185 4005 296 4080 optima
311 4002 487 4075 dispositione
502 4019 627 4058 revocare
643 4021 724 4076 posse
737 4003 906 4058 concordiam
923 4004 951 4075 (l.
969 4022 991 4059 c.
1009 4023 1037 4060 n.
1053 4004 1093 4077 5).

235 4088 265 4145 3.
298 4086 416 4142 Subinde
431 4104 494 4142 vcro
511 4087 536 4141 id
553 4087 706 4158 objiciebat:
729 4091 856 4144 Aeacius
876 4091 946 4145 uiuit
964 4097 1065 4145 eontra
1081 4092 1165 4162 fidem
1181 4093 1255 4145 sieut
1268 4090 1416 4161 Eutyches

128 4187 166 4240 et
189 4189 355 4234 successor
376 4175 442 4244 eJ'us
458 4171 623 4244 (Dioscorus)
648 4176 752 4246 tepitnr
773 4175 934 4247 uibicunque
959 4177 1068 4230 dixisse
1094 4173 1263 4247 (10.18).
1301 4174 1368 4229 11110
1389 4181 1416 4227 ct

127 4258 305 4342 quaerebat,
323 4259 437 4330 quando
449 4257 541 4328 fuerit
557 4260 709 4314 damnatus
724 4261 859 4315 Aeacius.
889 4259 971 4315 lmruo
993 4261 1120 4325 Petrum,
1138 4264 1186 4315 eui
1200 4263 1417 4316 communicavit

124 4349 289 4413 Aeacius,
301 4350 461 4416 pareatum
476 4343 560 4398 inisse
576 4360 636 4399 0111
652 4343 708 4398 aliis
725 4343 885 4399 obtendebat
901 4345 929 4416 (l.
948 4362 971 4400 0.
988 4363 1015 4400 1.
1034 4343 1071 4415 9).

123 4493 450 4516 ’,μ-..-

209 4598 248 4665 31)
267 4593 298 4647 b¹
312 4597 455 4647 Romanum.
486 4590 557 4645 Vere
570 4597 605 4645 nd
622 4605 737 4647 contremo
750 4613 862 4661 quaeque
878 4598 996 4661 peruenit
1012 4590 1118 4645 illustre
1136 4590 1189 4645 boe
1201 4607 1311 4658 nomen,
1331 4608 1416 4661 quum

118 4681 298 4758 imperium
320 4679 477 4731 Romanum
499 4694 570 4731 anno
593 4684 642 4730 lto
670 4677 796 4746 deposito
818 4677 986 4744 Augustulo,
1014 4677 1050 4730 ad
1074 4677 1228 4730 Odoacrem
1250 4677 1416 4732 Herulorum

117 4786 241 4846 regem
261 4766 349 4832 atque
367 4763 420 4816 hoc
431 4779 498 4831 rege
511 4780 583 4816 anno
595 4769 646 4817 493
658 4763 803 4817 1110110010
817 4762 853 4815 ad
865 4761 1069 4816 Theudoricum
1082 4763 1236 4816 Gothorum
1253 4761 1416 4832 principem,

118 4857 182 4930 qui
205 4856 283 4906 tunc
300 4847 384 4902 ltalia
400 4847 574 4916 potiebatur,
593 4848 701 4902 deiecit.

207 4940 243 5007 ⁸²)
264 4935 311 4989 Iba
330 4932 375 4988 (3¹.
404 4932 460 4985 Alii
477 4946 631 5000 inostensam,
651 4937 679 4988 01
696 4935 770 4989 infra
787 4953 831 4988 uos
848 4941 911 4989 istos
928 4938 1061 4992 absistere.
