3224 5506
124 107 187 173 598
600 122 630 169 s.
646 119 786 168 ananan
808 117 922 166 carna

124 280 291 341 attamen
313 296 371 358 per
393 296 491 338 unam
513 295 642 338 carnem
664 273 828 337 Ecclesiae
850 276 883 337 et
902 272 1039 356 Christi,
1062 272 1095 337 id
1119 274 1168 337 est
1190 271 1342 357 conjugis
1362 275 1395 337 et

123 379 200 461 viri,
223 377 349 460 inipso
372 397 495 461 quoque
517 376 701 460 virilite193)
725 375 886 458 accipiant
900 375 1086 439 firmitatem
1101 375 1394 460 vigoremqueper·

124 480 261 561 fectum,
286 479 375 562 cujus
399 499 456 562 per
477 477 641 542 Ecclesiae
664 477 843 561 virgineam
864 477 938 540 fidei
962 477 1160 558 castitatem,
1187 477 1302 561 quam)
1326 498 1395 540 cum

124 581 233 645 eodem
255 602 320 643 una
344 601 428 662 car0,
452 581 535 642 fiunt
557 580 655 643 etiam
676 580 736 643 viri
758 579 900 643 membra
922 580 1075 663 perfecta.
1110 577 1174 643 Ubi
1197 578 1256 642 illa
1271 599 1397 663 quoque

23 667 109 790 1¹20&
123 683 210 748 beati
233 681 367 766 apostoli
390 681 481 745 Pauli
504 683 601 745 verba
623 681 792 745 tractanda
814 682 899 763 sunt,
923 681 1036 765 quibus
1060 681 1120 746 ait:
1151 684 1261 745 omnes
1285 701 1341 745 nos
1367 686 1397 744 in

56 778 62 802 '
103 779 213 850 ‘unum
236 806 348 864 carpus
369 790 521 863 baptizati
533 805 632 847 snmus
647 790 678 847 tn
695 789 821 847 Christo.
857 782 1018 857 Quantum
1042 782 1082 846 ad
1103 783 1266 846 unitatem
1288 783 1424 866 utique'

123 887 264 970 pertinet
285 887 495 968 sacramenti,
526 908 625 948 unum
654 907 767 969 corpus
796 907 904 947 sumus
932 885 967 948 in
990 884 1133 967 Christ03
1167 886 1331 969 quantum
1359 884 1398 948 ad

2 999 32 1054 l.
41 1003 113 1061 aaa.
125 1010 256 1052 sexuum
284 988 519 1070 diversitatem,
557 987 625 1070 ipse
654 987 729 1050 alibi
758 986 852 1050 dicit:
887 990 957 1051 Siue
978 994 1026 1050 uir
1052 993 1115 1051 sine
1136 992 1262 1062 mutia,
1299 1006 1399 1051 omnes

124 1111 214 1155 anum
235 1111 335 1153 sumna
357 1097 387 1152 tn
412 1095 538 1153 Christo.
584 1088 663 1153 Cum
685 1108 741 1151 suo
763 1088 849 1151 enim
871 1091 940 1151 toto
967 1110 1113 1173 corpore,
1141 1086 1227 1172 quod
1256 1087 1328 1171 ejus
1351 1090 1401 1152 est

123 1191 306 1275 plenitude,
337 1191 498 1274 perfectus
521 1193 569 1253 est
592 1189 751 1272 Christus,
786 1193 817 1253 et
845 1189 916 1254 ideo
944 1191 1018 1275 quia
1047 1211 1226 1274 perunum
1250 1188 1399 1274 idemque

123 1293 320 1376 mysterium,
345 1292 421 1355 licet
442 1291 558 1355 diversi
580 1313 683 1374 sexus,
707 1291 854 1377 unum⁹⁵)
876 1294 986 1355 tamen
1007 1292 1076 1374 ejus
1093 1313 1208 1375 corpus
1224 1291 1397 1376 accipitur,

123 1416 181 1478 per
204 1394 293 1476 cujus
317 1394 456 1476 corporis
478 1393 711 1478 plenitudinem
733 1394 894 1478 perfectus
917 1397 966 1458 est
988 1392 1143 1459 Christus.
1190 1392 1299 1469 Quum
1321 1416 1399 1479 ergo

124 1495 172 1559 vir
193 1493 338 1560 Christus
360 1494 523 1558 Ecclesiae
544 1497 708 1578 tamquam
731 1497 877 1581 conjugis
900 1517 976 1560 suae
998 1499 1031 1559 et
1053 1499 1149 1579 caput
1172 1495 1216 1560 sit
1237 1498 1273 1560 et
1295 1497 1398 1560 virtus

125 1600 221 1680 atque
249 1596 420 1680 perfectio,
455 1596 568 1660 merito
595 1597 698 1661 omnis
721 1597 866 1662 Ecclesia
893 1598 928 1661 in
956 1596 1042 1661 hunc
1070 1619 1171 1661 unum
1198 1597 1306 1662 virum
1328 1620 1397 1684 per·

125 1699 257 1781 fectum,
283 1698 372 1781 cujus
395 1701 444 1762 est
465 1721 530 1762 una
553 1721 636 1782 caro,
660 1700 846 1783 perhibetur
868 1720 1042 1764 occurrere.

608 1887 815 1970 tractatus
842 1886 904 1969 VI.

174 2035 355 2104 Adversus
377 2034 663 2103 Andromachum
691 2041 891 2105 senatorem
920 2041 1128 2122 ceterosque
1156 2039 1351 2124 Romanos,

232 2139 296 2220 qni
314 2138 527 2221 Lupercalia
550 2140 742 2206 secundum
763 2157 900 2207 morem
921 2141 1119 2225 pristinum
1141 2141 1293 2210 colenda

623 2243 902 2309 constituebant.

161 2382 372 2444 Lupercatiorum
393 2382 467 2429 ritum
489 2382 588 2445 inpium
609 2389 634 2432 et
655 2384 805 2447 sacrilegum
832 2398 886 2432 esse
909 2383 1014 2448 ejusque
1038 2383 1170 2434 abolitioni
1188 2385 1368 2448 pestilentiam
1406 2404 1437 2456 p-

159 2467 251 2529 samcm
269 2467 383 2530 aliasque
402 2472 539 2529 ternpornrn
556 2469 713 2516 aeternitates
731 2469 896 2532 nequidquam
909 2467 1015 2517 attribui
1027 2468 1142 2518 Gelasius
1160 2469 1274 2533 mosae,
1299 2473 1369 2521 itlius

161 2565 221 2600 uero
237 2557 363 2614 patronas
381 2566 445 2599 nunc
463 2552 579 2615 cacapite!
596 2553 693 2601 acriter
711 2568 775 2601 nunc
790 2553 876 2614 faceta
899 2553 973 2605 ridet.
1013 2553 1124 2604 Tandem
1144 2554 1193 2604 trac
1212 2557 1370 2620 pernicioso

507 2637 558 2685 ritu
578 2635 729 2685 Christianis
746 2637 857 2687 omnibns
875 2639 1011 2688 interdicit.

215 2770 243 2832 1.
289 2767 409 2833 Sedent
431 2767 560 2852 quidam
581 2768 616 2832 in
639 2768 783 2833 domibus
806 2771 871 2833 suis
894 2771 1084 2854 nescientes,
1112 2793 1217 2856 neque
1249 2796 1336 2860 quae
1359 2776 1405 2840 lo-

127 2874 278 2955 quantur,
303 2891 406 2953 neque
428 2869 467 2932 de
490 2871 603 2953 quibus
627 2869 799 2953 affirment,
823 2872 861 2934 de
877 2871 948 2936 aliis
960 2872 1105 2957 judicare
1120 2874 1280 2959 nitentes,
1304 2899 1406 2962 quum

129 2995 162 3036 se
184 2973 246 3056 ipsi
268 2994 334 3035 non
352 2971 509 3054 judicent,
535 2975 567 3035 et
589 2971 690 3035 velint
711 2973 799 3055 prius
817 2995 965 3038 accusare
981 2998 1077 3059 quam
1098 2997 1204 3059 nosse,
1231 2999 1273 3042 ac
1288 2977 1406 3045 docere

129 3097 224 3158 quam
246 3073 378 3156 discere,
403 3076 436 3136 et
458 3073 642 3137 indiscussis
665 3074 759 3137 rebus
781 3096 841 3138 nec
862 3075 1065 3162 investigatis
1088 3078 1192 3142 causis
1214 3101 1281 3144 nec
1295 3102 1406 3147 rerum

129 3176 253 3240 ratione
268 3175 423 3260 quaesita,
447 3175 531 3259 quod
554 3176 598 3239 cis
621 3175 661 3239 ad
684 3177 818 3240 buccam
839 3177 973 3261 venerit,
997 3178 1281 3246 inconsideranter
1303 3183 1406 3249 effun-

130 3278 204 3340 dere
226 3281 258 3340 et
279 3278 531 3361 praecipitantm
552 3299 712 3360 evomere,
736 3299 802 3341 non
825 3279 969 3343 veritatis
990 3280 1166 3347 assertione
1181 3284 1316 3367 prolata
1332 3307 1408 3352 cen·

131 3380 247 3461 sentes,
265 3379 319 3442 sed
335 3378 438 3442 studio
455 3380 636 3465 cacologiae
652 3401 732 3464 quae
748 3380 896 3478 nesciunt
908 3385 1095 3466 arguentes:
1118 3403 1220 3469 eoque
1237 3389 1408 3473 progressi

131 3483 216 3562 sunt,
246 3483 283 3543 ut
305 3481 402 3544 etiam
424 3484 510 3544 recte
532 3482 620 3545 facta
647 3482 888 3547 malevolentiae
910 3484 1072 3567 proposito
1094 3483 1241 3552 lacerare
1271 3494 1408 3555 conten·

131 3582 219 3645 dant.
265 3581 325 3657 Qui
347 3583 374 3646 si
397 3587 556 3667 saperent,
586 3605 652 3647 non
674 3584 925 3668 praecipitarent
952 3585 1082 3650 omnino
1104 3589 1320 3675 senteutiam,
1352 3594 1409 3658 sed

130 3684 338 3767 perscrutatis
372 3688 447 3748 ante
481 3685 575 3749 rebus
608 3685 765 3770 loquenda
797 3685 1031 3769 depromerent.
1075 3686 1198 3754 Verum
1233 3693 1314 3777 quia
1347 3717 1409 3760 nos

131 3789 273 3872 arguunt
300 3807 415 3870 segnes
442 3808 510 3850 esse
543 3809 688 3852 censores
720 3788 754 3850 in
782 3787 868 3851 vitiis
896 3788 1060 3853 Ecclesiae
1088 3792 1296 3877 coercendis,
1332 3800 1369 3861 et
1389 3820 1410 3861 a

130 3889 223 3953 nobis
246 3892 477 3972 consequenter
498 3893 687 3974 agnoscant,
711 3912 777 3953 non
799 3892 927 3953 tantum
949 3890 1122 3976 corporalis
1150 3892 1307 3961 adulterii
1338 3919 1410 3964 esse

131 3992 308 4075 peccatum,
332 3989 415 4074 quod
438 3993 471 4053 et
493 3990 609 4054 discuti
632 3991 746 4054 debeat
767 3995 800 4054 et
817 3992 890 4074 jure
912 3993 1030 4076 puniri,
1054 3993 1109 4058 sed
1124 4015 1195 4060 esse
1213 3995 1320 4084 longe
1342 4022 1410 4065 ma-

126 4093 181 4176 jus
191 4091 415 4156 fornicationis
425 4091 448 4177 ¹)
462 4095 494 4155 et
505 4092 653 4155 adulterii
668 4114 780 4177 genus,
799 4094 882 4176 quod
899 4094 934 4157 in
948 4093 1091 4178 quolibet
1102 4093 1307 4185 Christiano,
1331 4102 1411 4188 quis

198 4331 231 4401 ⁰⁸)
249 4330 293 4383 Ita
310 4329 353 4395 G',
372 4329 447 4397 quod
464 4330 568 4400 partim
582 4329 643 4399 jam
662 4328 696 4383 de
715 4347 763 4384 suo
782 4330 901 4385 correxit
917 4333 953 4386 a'.
985 4331 1061 4385 Editi
1078 4336 1175 4388 visitem
1192 4341 1323 4407 accipiat.

198 4415 230 4482 ⁰⁴)
249 4414 323 4467 Editi
342 4435 425 4484 quam.
445 4431 563 4484 moxque
582 4434 643 4469 cara
658 4421 733 4482 fiunt.
753 4426 778 4469 ct
796 4421 851 4472 uiri.

199 4500 230 4566 οδ)
250 4502 276 4552 cl
292 4519 355 4552 unns
372 4510 455 4553 tanen
472 4520 577 4569 corpus,
596 4500 663 4554 editi
681 4500 728 4554 alii
745 4521 817 4554 uncam
833 4511 917 4555 tamen
934 4521 1040 4571 corpas,
1060 4501 1163 4559 omisso
1182 4509 1257 4572 ejus,
1278 4509 1361 4579 quod
1376 4527 1412 4568 ex

131 4581 194 4637 Vat.
215 4585 263 4651 (a³)
281 4585 436 4637 revocatur.

201 4669 220 4735 ¹)
239 4667 282 4721 lia
299 4667 328 4721 b¹
342 4669 378 4722 aa
409 4669 442 4721 6¹
457 4672 483 4722 a*
499 4674 650 4737 fornicariis
668 4680 693 4722 ct
711 4674 853 4723 adulteriis.
