<?xml version="1.0" encoding="UTF-8"?>
<!DOCTYPE html PUBLIC "-//W3C//DTD XHTML 1.0 Transitional//EN"
    "http://www.w3.org/TR/xhtml1/DTD/xhtml1-transitional.dtd">
<html xmlns="http://www.w3.org/1999/xhtml" xml:lang="en" lang="en">
 <head>
  <title>
</title>
<meta http-equiv="Content-Type" content="text/html;charset=utf-8" />
  <meta name='ocr-system' content='tesseract 3.04.00' />
  <meta name='ocr-capabilities' content='ocr_page ocr_carea ocr_par ocr_line ocrx_word'/>
</head>
<body>
  <div class='ocr_page' id='page_1' title='image "./epistolaeromano00thiegoog/epistolaeromano00thiegoog_0574.png"; bbox 0 0 3224 5506; ppageno 0'>
   <div class='ocr_carea' id='block_1_1' title="bbox 568 350 1355 416">
    <p class='ocr_par' dir='ltr' id='par_1_1' title="bbox 568 350 1355 416">
     <span class='ocr_line' id='line_1_1' title="bbox 568 350 1355 416; baseline 0.003 -2"><span class='ocrx_word' id='word_1_1' title='bbox 568 367 768 416; x_wconf 74' lang='lat' dir='ltr'><strong><em>renarrans</em></strong></span> <span class='ocrx_word' id='word_1_2' title='bbox 791 369 814 415; x_wconf 94' lang='lat'><strong><em>1.</em></strong></span> <span class='ocrx_word' id='word_1_3' title='bbox 838 368 874 414; x_wconf 91' lang='lat'><strong><em>11.</em></strong></span> <span class='ocrx_word' id='word_1_4' title='bbox 1292 350 1355 416; x_wconf 77' lang='lat'><strong><em>525</em></strong></span> 
     </span>
    </p>
   </div>
   <div class='ocr_carea' id='block_1_2' title="bbox 10 517 1505 1419">
    <p class='ocr_par' dir='ltr' id='par_1_2' title="bbox 10 517 1505 1419">
     <span class='ocr_line' id='line_1_2' title="bbox 178 517 1473 606; baseline 0.004 -25"><span class='ocrx_word' id='word_1_5' title='bbox 178 517 214 583; x_wconf 81' lang='lat'><strong><em>2.</em></strong></span> <span class='ocrx_word' id='word_1_6' title='bbox 259 521 306 586; x_wconf 77' lang='lat' dir='ltr'><strong><em>Ex</em></strong></span> <span class='ocrx_word' id='word_1_7' title='bbox 331 520 465 606; x_wconf 89' lang='lat' dir='ltr'><strong><em>epistola</em></strong></span> <span class='ocrx_word' id='word_1_8' title='bbox 493 519 607 585; x_wconf 85' lang='lat' dir='ltr'><strong><em>Felicis</em></strong></span> <span class='ocrx_word' id='word_1_9' title='bbox 635 544 738 606; x_wconf 88' lang='lat' dir='ltr'><strong><em>papae</em></strong></span> <span class='ocrx_word' id='word_1_10' title='bbox 766 520 806 584; x_wconf 85' lang='lat' dir='ltr'><strong><em>ad</em></strong></span> <span class='ocrx_word' id='word_1_11' title='bbox 833 519 994 584; x_wconf 82' lang='lat' dir='ltr'>Zenonem</span> <span class='ocrx_word' id='word_1_12' title='bbox 1021 521 1262 605; x_wconf 78' lang='lat' dir='ltr'><strong>imperatorem:</strong></span> <span class='ocrx_word' id='word_1_13' title='bbox 1299 527 1357 586; x_wconf 84' lang='lat' dir='ltr'><strong><em>illi</em></strong></span> <span class='ocrx_word' id='word_1_14' title='bbox 1377 519 1433 574; x_wconf 67' lang='lat' dir='ltr'><strong><em>Fel·</em></strong></span> <span class='ocrx_word' id='word_1_15' title='bbox 1447 521 1473 575; x_wconf 93' lang='grc' dir='ltr'>Π</span> 
     </span>
     <span class='ocr_line' id='line_1_3' title="bbox 113 596 1505 708; baseline 0 -21"><span class='ocrx_word' id='word_1_16' title='bbox 113 630 176 688; x_wconf 69' lang='lat'><strong><em>⁶⁸⁸²,</em></strong></span> <span class='ocrx_word' id='word_1_17' title='bbox 202 622 320 708; x_wconf 87' lang='lat' dir='ltr'><strong><em>inquil,</em></strong></span> <span class='ocrx_word' id='word_1_18' title='bbox 351 629 420 702; x_wconf 77' lang='lat' dir='ltr'><strong><em>Jum</em></strong></span> <span class='ocrx_word' id='word_1_19' title='bbox 448 642 630 702; x_wconf 86' lang='lat' dir='ltr'><strong><em>consequeus</em></strong></span> <span class='ocrx_word' id='word_1_20' title='bbox 651 631 764 703; x_wconf 88' lang='lat' dir='ltr'><strong><em>procul</em></strong></span> <span class='ocrx_word' id='word_1_21' title='bbox 793 628 883 686; x_wconf 80' lang='lat' dir='ltr'><strong><em>datio</em></strong></span> <span class='ocrx_word' id='word_1_22' title='bbox 909 629 1084 703; x_wconf 82' lang='lat' dir='ltr'><strong><em>pervidetis,</em></strong></span> <span class='ocrx_word' id='word_1_23' title='bbox 1123 599 1449 687; x_wconf 51' lang='lat' dir='ltr'><strong><em>Alexandriauffln</em></strong></span> <span class='ocrx_word' id='word_1_24' title='bbox 1451 633 1457 643; x_wconf 91' lang='lat'>&#39;</span> <span class='ocrx_word' id='word_1_25' title='bbox 1465 596 1505 644; x_wconf 77' lang='lat'><strong><em>1‘2.</em></strong></span> 
     </span>
     <span class='ocr_line' id='line_1_4' title="bbox 10 720 1354 806; baseline 0.004 -21"><span class='ocrx_word' id='word_1_26' title='bbox 10 766 12 773; x_wconf 87' lang='lat'>·</span> <span class='ocrx_word' id='word_1_27' title='bbox 116 720 242 790; x_wconf 75' lang='lat' dir='ltr'><strong><em>sollenne</em></strong></span> <span class='ocrx_word' id='word_1_28' title='bbox 257 746 459 806; x_wconf 79' lang='lat' dir='ltr'><strong><em>pervasorem,</em></strong></span> <span class='ocrx_word' id='word_1_29' title='bbox 478 728 604 801; x_wconf 78' lang='lat' dir='ltr'><strong><em>funesto</em></strong></span> <span class='ocrx_word' id='word_1_30' title='bbox 626 731 680 789; x_wconf 85' lang='lat' dir='ltr'><strong><em>dia</em></strong></span> <span class='ocrx_word' id='word_1_31' title='bbox 701 732 877 805; x_wconf 81' lang='lat' dir='ltr'><em>impunitate</em></span> <span class='ocrx_word' id='word_1_32' title='bbox 898 738 1103 804; x_wconf 87' lang='lat' dir='ltr'><strong><em>qrussoatem,</em></strong></span> <span class='ocrx_word' id='word_1_33' title='bbox 1134 733 1239 790; x_wconf 86' lang='lat' dir='ltr'><strong><em>uestris</em></strong></span> <span class='ocrx_word' id='word_1_34' title='bbox 1261 747 1354 806; x_wconf 85' lang='lat' dir='ltr'><strong><em>prae·</em></strong></span> 
     </span>
     <span class='ocr_line' id='line_1_5' title="bbox 10 827 1354 911; baseline 0.006 -27"><span class='ocrx_word' id='word_1_35' title='bbox 10 906 12 911; x_wconf 23' lang='grc' dir='ltr'>Ι</span> <span class='ocrx_word' id='word_1_36' title='bbox 119 827 288 906; x_wconf 74' lang='lat' dir='ltr'><strong><em>captionum,</em></strong></span> <span class='ocrx_word' id='word_1_37' title='bbox 312 832 418 908; x_wconf 86' lang='lat' dir='ltr'><strong><em>quibus</em></strong></span> <span class='ocrx_word' id='word_1_38' title='bbox 439 835 545 891; x_wconf 79' lang='lat' dir='ltr'><strong><em>inerim</em></strong></span> <span class='ocrx_word' id='word_1_39' title='bbox 567 832 679 892; x_wconf 86' lang='lat' dir='ltr'><strong><em>dudum</em></strong></span> <span class='ocrx_word' id='word_1_40' title='bbox 699 833 848 907; x_wconf 83' lang='lat' dir='ltr'><strong><em>probatur</em></strong></span> <span class='ocrx_word' id='word_1_41' title='bbox 868 834 991 907; x_wconf 84' lang='lat' dir='ltr'><strong><em>ejectus,</em></strong></span> <span class='ocrx_word' id='word_1_42' title='bbox 1017 849 1080 892; x_wconf 91' lang='lat' dir='ltr'><strong><em>esse</em></strong></span> <span class='ocrx_word' id='word_1_43' title='bbox 1093 833 1285 893; x_wconf 72' lang='lat' dir='ltr'><strong><em>nihilominus</em></strong></span> <span class='ocrx_word' id='word_1_44' title='bbox 1299 834 1354 892; x_wconf 88' lang='lat' dir='ltr'><strong><em>ad-</em></strong></span> 
     </span>
     <span class='ocr_line' id='line_1_6' title="bbox 10 918 1354 1009; baseline 0.005 -22"><span class='ocrx_word' id='word_1_45' title='bbox 10 918 14 973; x_wconf 81' lang='lat'><strong><em>=&#39;</em></strong></span> <span class='ocrx_word' id='word_1_46' title='bbox 120 926 264 994; x_wconf 83' lang='lat' dir='ltr'><strong><em>dicendum.</em></strong></span> <span class='ocrx_word' id='word_1_47' title='bbox 310 937 355 994; x_wconf 85' lang='lat' dir='ltr'><strong><em>An</em></strong></span> <span class='ocrx_word' id='word_1_48' title='bbox 377 951 437 994; x_wconf 87' lang='lat' dir='ltr'><strong><em>aaa</em></strong></span> <span class='ocrx_word' id='word_1_49' title='bbox 459 937 523 1009; x_wconf 86' lang='lat' dir='ltr'><strong><em>ipse</em></strong></span> <span class='ocrx_word' id='word_1_50' title='bbox 543 942 595 1007; x_wconf 87' lang='lat' dir='ltr'><strong><em>cst,</em></strong></span> <span class='ocrx_word' id='word_1_51' title='bbox 620 938 673 1009; x_wconf 89' lang='lat' dir='ltr'><strong><em>qui</em></strong></span> <span class='ocrx_word' id='word_1_52' title='bbox 689 951 748 1009; x_wconf 85' lang='lat' dir='ltr'><strong><em>per</em></strong></span> <span class='ocrx_word' id='word_1_53' title='bbox 769 936 896 1008; x_wconf 86' lang='lat' dir='ltr'><strong><em>triqintu</em></strong></span> <span class='ocrx_word' id='word_1_54' title='bbox 916 952 1013 994; x_wconf 85' lang='lat' dir='ltr'><strong><em>annos</em></strong></span> <span class='ocrx_word' id='word_1_55' title='bbox 1026 933 1198 994; x_wconf 74' lang='lat' dir='ltr'><strong><em>catholicoe</em></strong></span> <span class='ocrx_word' id='word_1_56' title='bbox 1219 936 1354 994; x_wconf 79' lang='lat' dir='ltr'><em>desertor</em></span> 
     </span>
     <span class='ocr_line' id='line_1_7' title="bbox 120 1029 1352 1111; baseline 0.006 -22"><span class='ocrx_word' id='word_1_57' title='bbox 120 1029 251 1096; x_wconf 63' lang='lat' dir='ltr'><strong><em>helenae</em></strong></span> <span class='ocrx_word' id='word_1_58' title='bbox 270 1038 519 1111; x_wconf 75' lang='lat' dir='ltr'><strong><em>inimicorumque</em></strong></span> <span class='ocrx_word' id='word_1_59' title='bbox 539 1039 605 1111; x_wconf 84' lang='lat' dir='ltr'><strong><em>ejas</em></strong></span> <span class='ocrx_word' id='word_1_60' title='bbox 625 1044 757 1097; x_wconf 82' lang='lat' dir='ltr'><strong><em>sectator</em></strong></span> <span class='ocrx_word' id='word_1_61' title='bbox 778 1043 807 1096; x_wconf 85' lang='lat' dir='ltr'><strong><em>et</em></strong></span> <span class='ocrx_word' id='word_1_62' title='bbox 828 1039 943 1110; x_wconf 86' lang='lat' dir='ltr'><strong><em>doctor,</em></strong></span> <span class='ocrx_word' id='word_1_63' title='bbox 967 1038 1055 1097; x_wconf 86' lang='lat' dir='ltr'><strong><em>etad</em></strong></span> <span class='ocrx_word' id='word_1_64' title='bbox 1071 1035 1264 1108; x_wconf 85' lang='lat' dir='ltr'><strong><em>suadendum</em></strong></span> <span class='ocrx_word' id='word_1_65' title='bbox 1284 1054 1352 1097; x_wconf 87' lang='lat' dir='ltr'><strong><em>san·</em></strong></span> 
     </span>
     <span class='ocr_line' id='line_1_8' title="bbox 110 1136 1353 1214; baseline 0.006 -22"><span class='ocrx_word' id='word_1_66' title='bbox 110 1136 219 1208; x_wconf 85' lang='lat' dir='ltr'><strong><em>quinem</em></strong></span> <span class='ocrx_word' id='word_1_67' title='bbox 237 1155 353 1214; x_wconf 87' lang='lat' dir='ltr'><strong><em>semper</em></strong></span> <span class='ocrx_word' id='word_1_68' title='bbox 374 1141 462 1198; x_wconf 81' lang='lat' dir='ltr'><strong><em>celox</em></strong></span> <span class='ocrx_word' id='word_1_69' title='bbox 480 1137 543 1210; x_wconf 89' lang='lat' dir='ltr'><strong><em>suit</em></strong></span> <span class='ocrx_word' id='word_1_70' title='bbox 565 1145 595 1197; x_wconf 90' lang='lat' dir='ltr'><strong><em>et</em></strong></span> <span class='ocrx_word' id='word_1_71' title='bbox 611 1141 791 1214; x_wconf 81' lang='lat' dir='ltr'><strong><em>promptus?</em></strong></span> <span class='ocrx_word' id='word_1_72' title='bbox 835 1140 988 1214; x_wconf 78' lang='lat' dir='ltr'><strong><em>Numquid</em></strong></span> <span class='ocrx_word' id='word_1_73' title='bbox 1014 1140 1114 1198; x_wconf 80' lang='lat' dir='ltr'><strong><em>adliuc</em></strong></span> <span class='ocrx_word' id='word_1_74' title='bbox 1135 1149 1163 1198; x_wconf 88' lang='lat' dir='ltr'><strong><em>et</em></strong></span> <span class='ocrx_word' id='word_1_75' title='bbox 1184 1141 1272 1199; x_wconf 86' lang='lat' dir='ltr'><strong><em>istam</em></strong></span> <span class='ocrx_word' id='word_1_76' title='bbox 1294 1142 1353 1199; x_wconf 88' lang='lat' dir='ltr'><strong><em>dis·</em></strong></span> 
     </span>
     <span class='ocr_line' id='line_1_9' title="bbox 109 1238 1353 1316; baseline 0.004 -21"><span class='ocrx_word' id='word_1_77' title='bbox 109 1238 311 1301; x_wconf 86' lang='lat' dir='ltr'><strong><em>simulationem</em></strong></span> <span class='ocrx_word' id='word_1_78' title='bbox 333 1242 466 1316; x_wconf 87' lang='lat' dir='ltr'><strong><em>quadam</em></strong></span> <span class='ocrx_word' id='word_1_79' title='bbox 488 1258 589 1300; x_wconf 81' lang='lat' dir='ltr'><strong><em>sarnus</em></strong></span> <span class='ocrx_word' id='word_1_80' title='bbox 611 1257 650 1298; x_wconf 80' lang='lat' dir='ltr'><strong><em>ex</em></strong></span> <span class='ocrx_word' id='word_1_81' title='bbox 673 1240 864 1301; x_wconf 84' lang='lat' dir='ltr'><strong><em>coatibcaliu</em></strong></span> <span class='ocrx_word' id='word_1_82' title='bbox 886 1243 1059 1316; x_wconf 79' lang='lat' dir='ltr'><strong><em>recepturi?</em></strong></span> <span class='ocrx_word' id='word_1_83' title='bbox 1102 1241 1139 1300; x_wconf 88' lang='lat' dir='ltr'><strong><em>In</em></strong></span> <span class='ocrx_word' id='word_1_84' title='bbox 1163 1259 1221 1316; x_wconf 89' lang='lat' dir='ltr'><strong><em>quo</em></strong></span> <span class='ocrx_word' id='word_1_85' title='bbox 1247 1258 1353 1301; x_wconf 84' lang='lat' dir='ltr'><strong><em>reuera</em></strong></span> 
     </span>
     <span class='ocr_line' id='line_1_10' title="bbox 101 1343 1219 1419; baseline 0.002 -20"><span class='ocrx_word' id='word_1_86' title='bbox 101 1357 162 1401; x_wconf 85' lang='lat' dir='ltr'><strong><em>uon</em></strong></span> <span class='ocrx_word' id='word_1_87' title='bbox 183 1350 221 1402; x_wconf 89' lang='lat' dir='ltr'><strong><em>est</em></strong></span> <span class='ocrx_word' id='word_1_88' title='bbox 241 1359 315 1419; x_wconf 86' lang='lat' dir='ltr'><strong><em>opus</em></strong></span> <span class='ocrx_word' id='word_1_89' title='bbox 335 1344 522 1403; x_wconf 85' lang='lat' dir='ltr'><strong><em>discussione</em></strong></span> <span class='ocrx_word' id='word_1_90' title='bbox 542 1343 653 1415; x_wconf 74' lang='lat' dir='ltr'><strong><em>scilliti,</em></strong></span> <span class='ocrx_word' id='word_1_91' title='bbox 679 1344 749 1416; x_wconf 71' lang='lat' dir='ltr'><strong><em>quita</em></strong></span> <span class='ocrx_word' id='word_1_92' title='bbox 771 1345 838 1417; x_wconf 85' lang='lat' dir='ltr'><strong><em>ejus</em></strong></span> <span class='ocrx_word' id='word_1_93' title='bbox 860 1351 968 1418; x_wconf 86' lang='lat' dir='ltr'><strong><em>apertu</em></strong></span> <span class='ocrx_word' id='word_1_94' title='bbox 990 1353 1060 1403; x_wconf 88' lang='lat' dir='ltr'><strong><em>sunt</em></strong></span> <span class='ocrx_word' id='word_1_95' title='bbox 1081 1346 1219 1403; x_wconf 86' lang='lat' dir='ltr'><strong><em>crinrina.</em></strong></span> 
     </span>
    </p>
   </div>
   <div class='ocr_carea' id='block_1_3' title="bbox 56 1451 1476 2461">
    <p class='ocr_par' dir='ltr' id='par_1_3' title="bbox 71 1451 1425 2052">
     <span class='ocr_line' id='line_1_11' title="bbox 183 1451 1425 1542; baseline 0.002 -21"><span class='ocrx_word' id='word_1_96' title='bbox 183 1457 210 1521; x_wconf 87' lang='lat'><strong><em>3.</em></strong></span> <span class='ocrx_word' id='word_1_97' title='bbox 251 1455 355 1521; x_wconf 85' lang='lat' dir='ltr'><strong><em>Multa</em></strong></span> <span class='ocrx_word' id='word_1_98' title='bbox 376 1455 493 1520; x_wconf 79' lang='lat' dir='ltr'><strong><em>similia</em></strong></span> <span class='ocrx_word' id='word_1_99' title='bbox 514 1456 549 1520; x_wconf 90' lang='lat' dir='ltr'><strong><em>in</em></strong></span> <span class='ocrx_word' id='word_1_100' title='bbox 571 1456 704 1521; x_wconf 89' lang='lat' dir='ltr'><strong><em>diversis</em></strong></span> <span class='ocrx_word' id='word_1_101' title='bbox 726 1456 869 1541; x_wconf 86' lang='lat' dir='ltr'><strong><em>epistolis</em></strong></span> <span class='ocrx_word' id='word_1_102' title='bbox 897 1478 1005 1521; x_wconf 89' lang='lat' dir='ltr'><strong><em>eorum</em></strong></span> <span class='ocrx_word' id='word_1_103' title='bbox 1027 1457 1164 1542; x_wconf 86' lang='lat' dir='ltr'><strong><em>diligens</em></strong></span> <span class='ocrx_word' id='word_1_104' title='bbox 1186 1457 1296 1542; x_wconf 91' lang='lat' dir='ltr'><strong><em>lector,</em></strong></span> <span class='ocrx_word' id='word_1_105' title='bbox 1326 1451 1354 1522; x_wconf 90' lang='lat' dir='ltr'><strong><em>si</em></strong></span> <span class='ocrx_word' id='word_1_106' title='bbox 1420 1498 1425 1514; x_wconf 58' lang='grc' dir='ltr'>ι</span> 
     </span>
     <span class='ocr_line' id='line_1_12' title="bbox 89 1557 1353 1645; baseline 0 -21"><span class='ocrx_word' id='word_1_107' title='bbox 89 1558 245 1644; x_wconf 86' lang='lat' dir='ltr'><strong><em>requirat,</em></strong></span> <span class='ocrx_word' id='word_1_108' title='bbox 267 1558 421 1623; x_wconf 86' lang='lat' dir='ltr'><strong><em>inveniet.</em></strong></span> <span class='ocrx_word' id='word_1_109' title='bbox 459 1557 686 1623; x_wconf 76' lang='lat' dir='ltr'><strong><em>Praetermitto</em></strong></span> <span class='ocrx_word' id='word_1_110' title='bbox 704 1558 773 1642; x_wconf 88' lang='lat' dir='ltr'><strong><em>jam</em></strong></span> <span class='ocrx_word' id='word_1_111' title='bbox 801 1559 920 1643; x_wconf 87' lang='lat' dir='ltr'><strong><em>scripta</em></strong></span> <span class='ocrx_word' id='word_1_112' title='bbox 942 1563 975 1622; x_wconf 91' lang='lat' dir='ltr'><strong><em>et</em></strong></span> <span class='ocrx_word' id='word_1_113' title='bbox 997 1559 1229 1624; x_wconf 84' lang='lat' dir='ltr'><strong><em>admonitiones</em></strong></span> <span class='ocrx_word' id='word_1_114' title='bbox 1251 1582 1353 1645; x_wconf 86' lang='lat' dir='ltr'><strong><em>papae</em></strong></span> 
     </span>
     <span class='ocr_line' id='line_1_13' title="bbox 84 1660 1351 1746; baseline -0.001 -18"><span class='ocrx_word' id='word_1_115' title='bbox 84 1660 260 1746; x_wconf 83' lang='lat' dir='ltr'><strong><em>Simplicii,</em></strong></span> <span class='ocrx_word' id='word_1_116' title='bbox 288 1682 370 1746; x_wconf 90' lang='lat' dir='ltr'><strong><em>quae</em></strong></span> <span class='ocrx_word' id='word_1_117' title='bbox 397 1660 541 1746; x_wconf 86' lang='lat' dir='ltr'><strong><em>plerique</em></strong></span> <span class='ocrx_word' id='word_1_118' title='bbox 570 1661 647 1725; x_wconf 83' lang='lat' dir='ltr'><strong><em>vilia</em></strong></span> <span class='ocrx_word' id='word_1_119' title='bbox 675 1661 848 1725; x_wconf 87' lang='lat' dir='ltr'><strong><em>aestimant</em></strong></span> <span class='ocrx_word' id='word_1_120' title='bbox 875 1664 908 1724; x_wconf 89' lang='lat' dir='ltr'><strong><em>et</em></strong></span> <span class='ocrx_word' id='word_1_121' title='bbox 929 1660 1079 1743; x_wconf 88' lang='lat' dir='ltr'><strong><em>judicant</em></strong></span> <span class='ocrx_word' id='word_1_122' title='bbox 1107 1662 1351 1727; x_wconf 86' lang='lat' dir='ltr'><strong><em>contemnenda.</em></strong></span> 
     </span>
     <span class='ocr_line' id='line_1_14' title="bbox 79 1761 1354 1848; baseline -0.001 -19"><span class='ocrx_word' id='word_1_123' title='bbox 79 1763 176 1830; x_wconf 91' lang='lat' dir='ltr'><strong><em>Illud</em></strong></span> <span class='ocrx_word' id='word_1_124' title='bbox 191 1761 427 1828; x_wconf 86' lang='lat' dir='ltr'><strong><em>consideremus</em></strong></span> <span class='ocrx_word' id='word_1_125' title='bbox 443 1763 609 1845; x_wconf 74' lang='lat' dir='ltr'><strong><em>attentinS,</em></strong></span> <span class='ocrx_word' id='word_1_126' title='bbox 633 1762 717 1847; x_wconf 88' lang='lat' dir='ltr'><strong><em>quod</em></strong></span> <span class='ocrx_word' id='word_1_127' title='bbox 732 1763 771 1826; x_wconf 92' lang='lat' dir='ltr'><strong><em>de</em></strong></span> <span class='ocrx_word' id='word_1_128' title='bbox 786 1763 896 1826; x_wconf 88' lang='lat' dir='ltr'><strong><em>eodem</em></strong></span> <span class='ocrx_word' id='word_1_129' title='bbox 911 1761 1018 1844; x_wconf 89' lang='lat' dir='ltr'><strong><em>Petro,</em></strong></span> <span class='ocrx_word' id='word_1_130' title='bbox 1041 1766 1120 1827; x_wconf 90' lang='lat' dir='ltr'><strong><em>tunc</em></strong></span> <span class='ocrx_word' id='word_1_131' title='bbox 1135 1786 1232 1848; x_wconf 91' lang='lat' dir='ltr'><strong><em>quum</em></strong></span> <span class='ocrx_word' id='word_1_132' title='bbox 1250 1763 1354 1829; x_wconf 89' lang='lat' dir='ltr'><strong><em>adhuc</em></strong></span> 
     </span>
     <span class='ocr_line' id='line_1_15' title="bbox 74 1864 1353 1949; baseline -0.002 -17"><span class='ocrx_word' id='word_1_133' title='bbox 74 1888 206 1932; x_wconf 84' lang='lat' dir='ltr'><strong><em>sanum</em></strong></span> <span class='ocrx_word' id='word_1_134' title='bbox 227 1865 311 1930; x_wconf 84' lang='lat' dir='ltr'><strong><em>forte</em></strong></span> <span class='ocrx_word' id='word_1_135' title='bbox 333 1867 470 1949; x_wconf 87' lang='lat' dir='ltr'><strong><em>saperet,</em></strong></span> <span class='ocrx_word' id='word_1_136' title='bbox 490 1864 645 1947; x_wconf 85' lang='lat' dir='ltr'><strong><em>judicarit</em></strong></span> <span class='ocrx_word' id='word_1_137' title='bbox 667 1865 814 1946; x_wconf 76' lang='lat' dir='ltr'><strong><em>Aeacius,</em></strong></span> <span class='ocrx_word' id='word_1_138' title='bbox 838 1864 1025 1949; x_wconf 82' lang='lat' dir='ltr'><strong><em>qualemque</em></strong></span> <span class='ocrx_word' id='word_1_139' title='bbox 1047 1865 1086 1929; x_wconf 90' lang='lat' dir='ltr'><strong><em>de</em></strong></span> <span class='ocrx_word' id='word_1_140' title='bbox 1102 1888 1138 1929; x_wconf 92' lang='lat' dir='ltr'><strong><em>eo</em></strong></span> <span class='ocrx_word' id='word_1_141' title='bbox 1159 1867 1353 1931; x_wconf 86' lang='lat' dir='ltr'><strong><em>sententiam</em></strong></span> 
     </span>
     <span class='ocr_line' id='line_1_16' title="bbox 71 1967 1382 2052; baseline -0.005 -19"><span class='ocrx_word' id='word_1_142' title='bbox 71 1969 120 2034; x_wconf 85' lang='lat' dir='ltr'><strong><em>ad</em></strong></span> <span class='ocrx_word' id='word_1_143' title='bbox 138 1967 356 2052; x_wconf 86' lang='lat' dir='ltr'><strong><em>apostolicam</em></strong></span> <span class='ocrx_word' id='word_1_144' title='bbox 378 1967 485 2031; x_wconf 89' lang='lat' dir='ltr'><strong><em>sedem</em></strong></span> <span class='ocrx_word' id='word_1_145' title='bbox 507 1967 633 2031; x_wconf 84' lang='lat' dir='ltr'><strong><em>dixerit.</em></strong></span> <span class='ocrx_word' id='word_1_146' title='bbox 1379 2037 1382 2042; x_wconf 15' lang='grc' dir='ltr'><strong>Δ</strong></span> 
     </span>
    </p>

    <p class='ocr_par' dir='ltr' id='par_1_4' title="bbox 173 2060 1350 2159">
     <span class='ocr_line' id='line_1_17' title="bbox 173 2060 1350 2159; baseline 0 -25"><span class='ocrx_word' id='word_1_147' title='bbox 173 2076 301 2135; x_wconf 77' lang='lat' dir='ltr'><strong><em>Domino</em></strong></span> <span class='ocrx_word' id='word_1_148' title='bbox 315 2082 431 2146; x_wconf 86' lang='lat' dir='ltr'><strong><em>sancto,</em></strong></span> <span class='ocrx_word' id='word_1_149' title='bbox 455 2081 483 2133; x_wconf 85' lang='lat' dir='ltr'><strong><em>el</em></strong></span> <span class='ocrx_word' id='word_1_150' title='bbox 497 2075 665 2135; x_wconf 83' lang='lat' dir='ltr'><strong><em>beatissimo</em></strong></span> <span class='ocrx_word' id='word_1_151' title='bbox 677 2077 778 2148; x_wconf 82' lang='lat' dir='ltr'><strong><em>patri,</em></strong></span> <span class='ocrx_word' id='word_1_152' title='bbox 800 2060 1026 2159; x_wconf 72' lang='lat' dir='ltr'><strong><em>archiepiscopo</em></strong></span> <span class='ocrx_word' id='word_1_153' title='bbox 1042 2074 1196 2151; x_wconf 85' lang='lat' dir='ltr'><strong><em>Simplicio</em></strong></span> <span class='ocrx_word' id='word_1_154' title='bbox 1211 2076 1350 2136; x_wconf 78' lang='lat' dir='ltr'><strong><em>Aeacius.</em></strong></span> 
     </span>
    </p>

    <p class='ocr_par' dir='ltr' id='par_1_5' title="bbox 172 2167 1465 2252">
     <span class='ocr_line' id='line_1_18' title="bbox 172 2167 1465 2252; baseline -0.001 -15"><span class='ocrx_word' id='word_1_155' title='bbox 172 2177 413 2238; x_wconf 78' lang='lat' dir='ltr'><strong><em>Sollicitudinem</em></strong></span> <span class='ocrx_word' id='word_1_156' title='bbox 447 2179 576 2236; x_wconf 86' lang='lat' dir='ltr'><strong><em>omnium</em></strong></span> <span class='ocrx_word' id='word_1_157' title='bbox 609 2178 803 2237; x_wconf 86' lang='lat' dir='ltr'><strong><em>ecclesiarum</em></strong></span> <span class='ocrx_word' id='word_1_158' title='bbox 833 2167 995 2236; x_wconf 86' lang='lat' dir='ltr'><strong><em>secuudum</em></strong></span> <span class='ocrx_word' id='word_1_159' title='bbox 1029 2184 1194 2252; x_wconf 84' lang='lat' dir='ltr'><strong><em>apostolum</em></strong></span> <span class='ocrx_word' id='word_1_160' title='bbox 1226 2180 1353 2238; x_wconf 87' lang='lat' dir='ltr'><strong><em>circum·</em></strong></span> <span class='ocrx_word' id='word_1_161' title='bbox 1371 2172 1428 2251; x_wconf 74' lang='lat' dir='ltr'><strong><em>Sim</em></strong></span> <span class='ocrx_word' id='word_1_162' title='bbox 1448 2173 1465 2228; x_wconf 86' lang='lat' dir='ltr'><strong><em>l·</em></strong></span> 
     </span>
    </p>

    <p class='ocr_par' dir='ltr' id='par_1_6' title="bbox 56 2248 1476 2461">
     <span class='ocr_line' id='line_1_19' title="bbox 56 2248 1476 2356; baseline -0.001 -14"><span class='ocrx_word' id='word_1_163' title='bbox 56 2283 239 2356; x_wconf 69' lang='lat' dir='ltr'><strong><em>serentes,</em></strong></span> <span class='ocrx_word' id='word_1_164' title='bbox 257 2288 289 2338; x_wconf 86' lang='lat' dir='ltr'><strong><em>at</em></strong></span> <span class='ocrx_word' id='word_1_165' title='bbox 316 2280 453 2354; x_wconf 83' lang='lat' dir='ltr'><strong><em>reliqna</em></strong></span> <span class='ocrx_word' id='word_1_166' title='bbox 470 2281 628 2354; x_wconf 83' lang='lat' dir='ltr'><strong><em>usquead</em></strong></span> <span class='ocrx_word' id='word_1_167' title='bbox 650 2280 849 2353; x_wconf 85' lang='lat' dir='ltr'><strong><em>multiplicato</em></strong></span> <span class='ocrx_word' id='word_1_168' title='bbox 871 2280 902 2337; x_wconf 86' lang='lat' dir='ltr'><strong><em>iu</em></strong></span> <span class='ocrx_word' id='word_1_169' title='bbox 923 2295 955 2337; x_wconf 88' lang='lat' dir='ltr'><strong><em>se</em></strong></span> <span class='ocrx_word' id='word_1_170' title='bbox 976 2279 1121 2338; x_wconf 77' lang='lat' dir='ltr'><strong><em>tonores</em></strong></span> <span class='ocrx_word' id='word_1_171' title='bbox 1138 2280 1254 2340; x_wconf 74' lang='lat' dir='ltr'><strong><em>Christo</em></strong></span> <span class='ocrx_word' id='word_1_172' title='bbox 1263 2283 1353 2356; x_wconf 85' lang='lat' dir='ltr'><strong><em>prin·</em></strong></span> <span class='ocrx_word' id='word_1_173' title='bbox 1366 2258 1424 2311; x_wconf 59' lang='lat'><strong><em>⁹9¹⁸</em></strong></span> <span class='ocrx_word' id='word_1_174' title='bbox 1439 2248 1476 2296; x_wconf 73' lang='lat'><strong><em>&#39;⁸&#39;</em></strong></span> 
     </span>
     <span class='ocr_line' id='line_1_20' title="bbox 59 2377 899 2461; baseline -0.008 -16"><span class='ocrx_word' id='word_1_175' title='bbox 59 2387 149 2461; x_wconf 83' lang='lat' dir='ltr'><strong><em>cipe</em></strong></span> <span class='ocrx_word' id='word_1_176' title='bbox 173 2381 378 2442; x_wconf 79' lang='lat' dir='ltr'><strong><em>sacerdotum.</em></strong></span> <span class='ocrx_word' id='word_1_177' title='bbox 425 2378 515 2459; x_wconf 85' lang='lat' dir='ltr'><strong><em>[vide</em></strong></span> <span class='ocrx_word' id='word_1_178' title='bbox 538 2382 710 2458; x_wconf 88' lang='lat' dir='ltr'><strong><em>Simplicii</em></strong></span> <span class='ocrx_word' id='word_1_179' title='bbox 732 2384 831 2456; x_wconf 86' lang='lat' dir='ltr'><strong><em>epist.</em></strong></span> <span class='ocrx_word' id='word_1_180' title='bbox 855 2377 899 2458; x_wconf 81' lang='lat'><strong><em>8].</em></strong></span> 
     </span>
    </p>
   </div>
   <div class='ocr_carea' id='block_1_4' title="bbox 58 2491 1353 2788">
    <p class='ocr_par' dir='ltr' id='par_1_7' title="bbox 58 2491 1353 2788">
     <span class='ocr_line' id='line_1_21' title="bbox 170 2491 1351 2581; baseline 0.003 -21"><span class='ocrx_word' id='word_1_181' title='bbox 170 2496 203 2560; x_wconf 88' lang='lat'><strong><em>4.</em></strong></span> <span class='ocrx_word' id='word_1_182' title='bbox 249 2491 334 2561; x_wconf 73' lang='lat' dir='ltr'><strong><em>Ecce</em></strong></span> <span class='ocrx_word' id='word_1_183' title='bbox 356 2494 575 2558; x_wconf 85' lang='lat' dir='ltr'><strong><em>testimonium</em></strong></span> <span class='ocrx_word' id='word_1_184' title='bbox 597 2495 709 2560; x_wconf 80' lang='lat' dir='ltr'><strong><em>Aeacii</em></strong></span> <span class='ocrx_word' id='word_1_185' title='bbox 737 2493 977 2575; x_wconf 86' lang='lat' dir='ltr'><strong><em>validissimum,</em></strong></span> <span class='ocrx_word' id='word_1_186' title='bbox 1007 2495 1083 2580; x_wconf 90' lang='lat' dir='ltr'><strong><em>quid</em></strong></span> <span class='ocrx_word' id='word_1_187' title='bbox 1112 2496 1150 2561; x_wconf 89' lang='lat' dir='ltr'><strong><em>de</em></strong></span> <span class='ocrx_word' id='word_1_188' title='bbox 1173 2495 1351 2581; x_wconf 82' lang='lat' dir='ltr'><strong><em>Timotheo,</em></strong></span> 
     </span>
     <span class='ocr_line' id='line_1_22' title="bbox 58 2595 1353 2688; baseline -0.002 -22"><span class='ocrx_word' id='word_1_189' title='bbox 58 2599 159 2688; x_wconf 90' lang='lat' dir='ltr'><strong><em>quid</em></strong></span> <span class='ocrx_word' id='word_1_190' title='bbox 186 2598 229 2663; x_wconf 89' lang='lat' dir='ltr'><strong><em>de</em></strong></span> <span class='ocrx_word' id='word_1_191' title='bbox 249 2596 346 2662; x_wconf 90' lang='lat' dir='ltr'><strong><em>Petro</em></strong></span> <span class='ocrx_word' id='word_1_192' title='bbox 368 2597 513 2661; x_wconf 87' lang='lat' dir='ltr'><strong><em>senserit.</em></strong></span> <span class='ocrx_word' id='word_1_193' title='bbox 550 2595 633 2660; x_wconf 88' lang='lat' dir='ltr'><strong><em>Vere</em></strong></span> <span class='ocrx_word' id='word_1_194' title='bbox 655 2597 751 2679; x_wconf 91' lang='lat' dir='ltr'><strong><em>enim,</em></strong></span> <span class='ocrx_word' id='word_1_195' title='bbox 776 2597 860 2660; x_wconf 89' lang='lat' dir='ltr'><strong><em>sicut</em></strong></span> <span class='ocrx_word' id='word_1_196' title='bbox 880 2597 1035 2680; x_wconf 91' lang='lat' dir='ltr'><strong><em>scriptum</em></strong></span> <span class='ocrx_word' id='word_1_197' title='bbox 1058 2598 1163 2662; x_wconf 89' lang='lat' dir='ltr'><strong><em>estin</em></strong></span> <span class='ocrx_word' id='word_1_198' title='bbox 1185 2599 1353 2686; x_wconf 87' lang='lat' dir='ltr'><strong><em>evangelio</em></strong></span> 
     </span>
     <span class='ocr_line' id='line_1_23' title="bbox 59 2697 1353 2788; baseline -0.002 -19"><span class='ocrx_word' id='word_1_199' title='bbox 59 2704 111 2769; x_wconf 87' lang='lat' dir='ltr'><strong><em>de</em></strong></span> <span class='ocrx_word' id='word_1_200' title='bbox 140 2698 276 2784; x_wconf 81' lang='lat' dir='ltr'><strong><em>Caipha</em></strong></span> <span class='ocrx_word' id='word_1_201' title='bbox 297 2698 353 2763; x_wconf 92' lang='lat' dir='ltr'><strong><em>illo</em></strong></span> <span class='ocrx_word' id='word_1_202' title='bbox 375 2698 537 2782; x_wconf 91' lang='lat' dir='ltr'><strong><em>pontifice,</em></strong></span> <span class='ocrx_word' id='word_1_203' title='bbox 562 2699 670 2762; x_wconf 89' lang='lat' dir='ltr'><strong><em>evenit</em></strong></span> <span class='ocrx_word' id='word_1_204' title='bbox 692 2698 821 2762; x_wconf 84' lang='lat' dir='ltr'><strong><em>Aeneia.</em></strong></span> <span class='ocrx_word' id='word_1_205' title='bbox 866 2697 993 2763; x_wconf 87' lang='lat' dir='ltr'><strong><em>Dicitur</em></strong></span> <span class='ocrx_word' id='word_1_206' title='bbox 1015 2701 1100 2763; x_wconf 92' lang='lat' dir='ltr'><strong><em>enim</em></strong></span> <span class='ocrx_word' id='word_1_207' title='bbox 1123 2700 1161 2788; x_wconf 78' lang='lat' dir='ltr'><strong><em>de</em></strong></span> <span class='ocrx_word' id='word_1_208' title='bbox 1182 2701 1248 2784; x_wconf 88' lang='lat' dir='ltr'><strong><em>illc,</em></strong></span> <span class='ocrx_word' id='word_1_209' title='bbox 1278 2703 1353 2786; x_wconf 87' lang='lat' dir='ltr'><strong><em>quia</em></strong></span> 
     </span>
    </p>
   </div>
   <div class='ocr_carea' id='block_1_5' title="bbox 57 2799 1432 2983">
    <p class='ocr_par' dir='ltr' id='par_1_8' title="bbox 57 2799 1432 2983">
     <span class='ocr_line' id='line_1_24' title="bbox 57 2799 1353 2891; baseline -0.001 -22"><span class='ocrx_word' id='word_1_210' title='bbox 57 2825 185 2891; x_wconf 88' lang='lat' dir='ltr'><strong><em>quum</em></strong></span> <span class='ocrx_word' id='word_1_211' title='bbox 210 2804 296 2866; x_wconf 85' lang='lat' dir='ltr'><strong><em>esset</em></strong></span> <span class='ocrx_word' id='word_1_212' title='bbox 316 2800 466 2884; x_wconf 89' lang='lat' dir='ltr'><strong><em>princeps</em></strong></span> <span class='ocrx_word' id='word_1_213' title='bbox 489 2801 690 2865; x_wconf 89' lang='lat' dir='ltr'><strong><em>sacerdotum</em></strong></span> <span class='ocrx_word' id='word_1_214' title='bbox 711 2800 789 2865; x_wconf 88' lang='lat' dir='ltr'><strong><em>anni</em></strong></span> <span class='ocrx_word' id='word_1_215' title='bbox 811 2800 912 2883; x_wconf 89' lang='lat' dir='ltr'><strong><em>illins,</em></strong></span> <span class='ocrx_word' id='word_1_216' title='bbox 937 2800 976 2865; x_wconf 89' lang='lat' dir='ltr'><strong><em>de</em></strong></span> <span class='ocrx_word' id='word_1_217' title='bbox 991 2799 1120 2865; x_wconf 90' lang='lat' dir='ltr'><strong><em>Domini</em></strong></span> <span class='ocrx_word' id='word_1_218' title='bbox 1144 2802 1261 2868; x_wconf 86' lang='lat' dir='ltr'><strong><em>dixerit</em></strong></span> <span class='ocrx_word' id='word_1_219' title='bbox 1282 2825 1353 2887; x_wconf 88' lang='lat' dir='ltr'><strong><em>pas·</em></strong></span> 
     </span>
     <span class='ocr_line' id='line_1_25' title="bbox 59 2889 1432 2983; baseline -0.002 -10"><span class='ocrx_word' id='word_1_220' title='bbox 59 2908 193 2973; x_wconf 85' lang='lat' dir='ltr'><strong><em>sione:</em></strong></span> <span class='ocrx_word' id='word_1_221' title='bbox 226 2908 368 2983; x_wconf 74' lang='lat' dir='ltr'><strong><em>Expedit,</em></strong></span> <span class='ocrx_word' id='word_1_222' title='bbox 400 2915 431 2967; x_wconf 90' lang='lat' dir='ltr'><strong><em>ut</em></strong></span> <span class='ocrx_word' id='word_1_223' title='bbox 454 2926 529 2967; x_wconf 87' lang='lat' dir='ltr'><strong><em>uuus</em></strong></span> <span class='ocrx_word' id='word_1_224' title='bbox 550 2909 637 2968; x_wconf 75' lang='lat' dir='ltr'><strong><em>lionae</em></strong></span> <span class='ocrx_word' id='word_1_225' title='bbox 659 2910 808 2967; x_wconf 82' lang='lat' dir='ltr'><strong><em>moriatur</em></strong></span> <span class='ocrx_word' id='word_1_226' title='bbox 825 2924 886 2983; x_wconf 85' lang='lat' dir='ltr'><strong><em>pro</em></strong></span> <span class='ocrx_word' id='word_1_227' title='bbox 906 2911 1029 2982; x_wconf 80' lang='lat' dir='ltr'><strong><em>populo,</em></strong></span> <span class='ocrx_word' id='word_1_228' title='bbox 1061 2915 1094 2967; x_wconf 88' lang='lat' dir='ltr'><strong><em>ut</em></strong></span> <span class='ocrx_word' id='word_1_229' title='bbox 1116 2925 1175 2968; x_wconf 88' lang='lat' dir='ltr'><strong><em>aaa</em></strong></span> <span class='ocrx_word' id='word_1_230' title='bbox 1198 2918 1261 2970; x_wconf 85' lang='lat' dir='ltr'><strong><em>totu</em></strong></span> <span class='ocrx_word' id='word_1_231' title='bbox 1279 2928 1354 2983; x_wconf 81' lang='lat' dir='ltr'><strong><em>qens</em></strong></span> <span class='ocrx_word' id='word_1_232' title='bbox 1371 2889 1432 2943; x_wconf 72' lang='lat' dir='ltr'><strong>J0h·</strong></span> 
     </span>
    </p>
   </div>
   <div class='ocr_carea' id='block_1_6' title="bbox 53 2964 1452 3092">
    <p class='ocr_par' dir='ltr' id='par_1_9' title="bbox 53 2964 1452 3092">
     <span class='ocr_line' id='line_1_26' title="bbox 53 2964 1452 3092; baseline -0.006 -18"><span class='ocrx_word' id='word_1_233' title='bbox 53 3019 204 3092; x_wconf 82' lang='lat' dir='ltr'><strong><em>pereat.</em></strong></span> <span class='ocrx_word' id='word_1_234' title='bbox 251 3004 295 3069; x_wconf 83' lang='lat' dir='ltr'><strong><em>Et</em></strong></span> <span class='ocrx_word' id='word_1_235' title='bbox 322 3005 491 3089; x_wconf 79' lang='lat' dir='ltr'><strong><em>subjungit</em></strong></span> <span class='ocrx_word' id='word_1_236' title='bbox 518 3004 715 3091; x_wconf 87' lang='lat' dir='ltr'><strong><em>evangelista</em></strong></span> <span class='ocrx_word' id='word_1_237' title='bbox 748 3004 860 3068; x_wconf 91' lang='lat' dir='ltr'><strong><em>beatus</em></strong></span> <span class='ocrx_word' id='word_1_238' title='bbox 881 3003 1065 3068; x_wconf 78' lang='lat' dir='ltr'><strong><em>lohannes:</em></strong></span> <span class='ocrx_word' id='word_1_239' title='bbox 1094 3010 1161 3083; x_wconf 79' lang='lat' dir='ltr'><strong><em>lroc,</em></strong></span> <span class='ocrx_word' id='word_1_240' title='bbox 1192 3006 1351 3090; x_wconf 77' lang='lat' dir='ltr'><strong><em>inquienS,</em></strong></span> <span class='ocrx_word' id='word_1_241' title='bbox 1367 2964 1452 3024; x_wconf 45' lang='grc' dir='ltr'><strong><em>ΠΜ</em></strong></span> 
     </span>
    </p>
   </div>
   <div class='ocr_carea' id='block_1_7' title="bbox 52 3113 1354 4120">
    <p class='ocr_par' dir='ltr' id='par_1_10' title="bbox 52 3113 1354 4120">
     <span class='ocr_line' id='line_1_27' title="bbox 59 3113 1351 3187; baseline -0.003 -11"><span class='ocrx_word' id='word_1_242' title='bbox 59 3134 86 3176; x_wconf 87' lang='grc' dir='ltr'><em>α</em></span> <span class='ocrx_word' id='word_1_243' title='bbox 112 3113 285 3187; x_wconf 87' lang='lat' dir='ltr'><strong><em>semetipso</em></strong></span> <span class='ocrx_word' id='word_1_244' title='bbox 307 3128 367 3172; x_wconf 87' lang='lat' dir='ltr'><strong><em>uon</em></strong></span> <span class='ocrx_word' id='word_1_245' title='bbox 391 3114 478 3184; x_wconf 81' lang='lat' dir='ltr'><strong><em>dixit,</em></strong></span> <span class='ocrx_word' id='word_1_246' title='bbox 508 3113 562 3170; x_wconf 85' lang='lat' dir='ltr'><strong><em>sed</em></strong></span> <span class='ocrx_word' id='word_1_247' title='bbox 583 3128 671 3186; x_wconf 89' lang='lat' dir='ltr'><strong><em>quum</em></strong></span> <span class='ocrx_word' id='word_1_248' title='bbox 694 3121 767 3171; x_wconf 85' lang='lat' dir='ltr'><strong><em>esset</em></strong></span> <span class='ocrx_word' id='word_1_249' title='bbox 784 3114 933 3186; x_wconf 79' lang='lat' dir='ltr'><strong><em>princeps</em></strong></span> <span class='ocrx_word' id='word_1_250' title='bbox 953 3113 1142 3172; x_wconf 83' lang='lat' dir='ltr'><strong><em>sacerdotum</em></strong></span> <span class='ocrx_word' id='word_1_251' title='bbox 1166 3116 1241 3171; x_wconf 83' lang='lat' dir='ltr'><strong><em>unat</em></strong></span> <span class='ocrx_word' id='word_1_252' title='bbox 1261 3114 1351 3185; x_wconf 87' lang='lat' dir='ltr'><strong><em>illias,</em></strong></span> 
     </span>
     <span class='ocr_line' id='line_1_28' title="bbox 52 3207 1353 3296; baseline -0.003 -19"><span class='ocrx_word' id='word_1_253' title='bbox 52 3215 300 3296; x_wconf 68' lang='lat' dir='ltr'><strong><em>prophetavit.</em></strong></span> <span class='ocrx_word' id='word_1_254' title='bbox 325 3209 376 3272; x_wconf 86' lang='lat' dir='ltr'><strong><em>lta</em></strong></span> <span class='ocrx_word' id='word_1_255' title='bbox 391 3212 423 3272; x_wconf 91' lang='lat' dir='ltr'><strong><em>et</em></strong></span> <span class='ocrx_word' id='word_1_256' title='bbox 437 3207 501 3287; x_wconf 88' lang='lat' dir='ltr'><strong><em>hic,</em></strong></span> <span class='ocrx_word' id='word_1_257' title='bbox 524 3230 621 3292; x_wconf 87' lang='lat' dir='ltr'><strong><em>quum</em></strong></span> <span class='ocrx_word' id='word_1_258' title='bbox 642 3210 676 3272; x_wconf 93' lang='lat' dir='ltr'><strong><em>in</em></strong></span> <span class='ocrx_word' id='word_1_259' title='bbox 699 3208 814 3272; x_wconf 88' lang='lat' dir='ltr'><strong><em>summi</em></strong></span> <span class='ocrx_word' id='word_1_260' title='bbox 837 3211 921 3272; x_wconf 87' lang='lat' dir='ltr'><strong><em>esset</em></strong></span> <span class='ocrx_word' id='word_1_261' title='bbox 943 3209 1111 3272; x_wconf 88' lang='lat' dir='ltr'><strong><em>sacerdotii</em></strong></span> <span class='ocrx_word' id='word_1_262' title='bbox 1135 3208 1294 3293; x_wconf 79' lang='lat' dir='ltr'><strong><em>dignitate</em></strong></span> <span class='ocrx_word' id='word_1_263' title='bbox 1308 3208 1353 3273; x_wconf 91' lang='lat' dir='ltr'><strong><em>lo·</em></strong></span> 
     </span>
     <span class='ocr_line' id='line_1_29' title="bbox 61 3300 1353 3395; baseline -0.005 -13"><span class='ocrx_word' id='word_1_264' title='bbox 61 3300 191 3394; x_wconf 75' lang='lat' dir='ltr'><strong><em>eacus,</em></strong></span> <span class='ocrx_word' id='word_1_265' title='bbox 218 3314 339 3393; x_wconf 87' lang='lat' dir='ltr'><strong><em>(utrum</em></strong></span> <span class='ocrx_word' id='word_1_266' title='bbox 360 3311 470 3376; x_wconf 83' lang='lat' dir='ltr'><strong><em>volens</em></strong></span> <span class='ocrx_word' id='word_1_267' title='bbox 494 3334 535 3375; x_wconf 90' lang='lat' dir='ltr'><strong><em>an</em></strong></span> <span class='ocrx_word' id='word_1_268' title='bbox 559 3311 690 3393; x_wconf 81' lang='lat' dir='ltr'><strong><em>invitus,</em></strong></span> <span class='ocrx_word' id='word_1_269' title='bbox 715 3311 861 3375; x_wconf 87' lang='lat' dir='ltr'><strong><em>dubitare</em></strong></span> <span class='ocrx_word' id='word_1_270' title='bbox 889 3311 1006 3395; x_wconf 87' lang='lat' dir='ltr'><strong><em>quippe</em></strong></span> <span class='ocrx_word' id='word_1_271' title='bbox 1029 3332 1087 3373; x_wconf 90' lang='lat' dir='ltr'><strong><em>nos</em></strong></span> <span class='ocrx_word' id='word_1_272' title='bbox 1116 3310 1184 3394; x_wconf 89' lang='lat' dir='ltr'><strong><em>ejus</em></strong></span> <span class='ocrx_word' id='word_1_273' title='bbox 1212 3313 1353 3376; x_wconf 85' lang='lat' dir='ltr'><strong><em>varietas</em></strong></span> 
     </span>
     <span class='ocr_line' id='line_1_30' title="bbox 61 3412 1351 3498; baseline -0.005 -14"><span class='ocrx_word' id='word_1_274' title='bbox 61 3422 105 3484; x_wconf 83' lang='lat' dir='ltr'><strong><em>et</em></strong></span> <span class='ocrx_word' id='word_1_275' title='bbox 131 3413 365 3480; x_wconf 77' lang='lat' dir='ltr'><strong><em>inconstantia</em></strong></span> <span class='ocrx_word' id='word_1_276' title='bbox 387 3413 491 3498; x_wconf 66' lang='lat' dir='ltr'><strong><em>feeit)</em></strong></span> <span class='ocrx_word' id='word_1_277' title='bbox 520 3413 718 3477; x_wconf 84' lang='lat' dir='ltr'><strong><em>verissimam</em></strong></span> <span class='ocrx_word' id='word_1_278' title='bbox 747 3413 784 3476; x_wconf 90' lang='lat' dir='ltr'><strong><em>de</em></strong></span> <span class='ocrx_word' id='word_1_279' title='bbox 806 3413 945 3477; x_wconf 88' lang='lat' dir='ltr'><strong><em>inimicis</em></strong></span> <span class='ocrx_word' id='word_1_280' title='bbox 967 3412 1027 3476; x_wconf 87' lang='lat' dir='ltr'><strong><em>Dei</em></strong></span> <span class='ocrx_word' id='word_1_281' title='bbox 1049 3413 1125 3476; x_wconf 90' lang='lat' dir='ltr'><strong><em>tulit</em></strong></span> <span class='ocrx_word' id='word_1_282' title='bbox 1147 3414 1351 3478; x_wconf 87' lang='lat' dir='ltr'><strong><em>sententiam.</em></strong></span> 
     </span>
     <span class='ocr_line' id='line_1_31' title="bbox 61 3514 1353 3599; baseline -0.001 -17"><span class='ocrx_word' id='word_1_283' title='bbox 61 3519 191 3597; x_wconf 84' lang='lat' dir='ltr'><strong><em>Quam</em></strong></span> <span class='ocrx_word' id='word_1_284' title='bbox 215 3515 243 3578; x_wconf 90' lang='lat' dir='ltr'><strong><em>si</em></strong></span> <span class='ocrx_word' id='word_1_285' title='bbox 264 3537 390 3580; x_wconf 81' lang='lat' dir='ltr'><strong><em>servare</em></strong></span> <span class='ocrx_word' id='word_1_286' title='bbox 416 3515 583 3598; x_wconf 89' lang='lat' dir='ltr'><strong><em>voluisset,</em></strong></span> <span class='ocrx_word' id='word_1_287' title='bbox 612 3514 801 3599; x_wconf 85' lang='lat' dir='ltr'><strong><em>procellam,</em></strong></span> <span class='ocrx_word' id='word_1_288' title='bbox 830 3536 926 3599; x_wconf 88' lang='lat' dir='ltr'><strong><em>qnam</em></strong></span> <span class='ocrx_word' id='word_1_289' title='bbox 954 3515 994 3578; x_wconf 90' lang='lat' dir='ltr'><strong><em>ab</em></strong></span> <span class='ocrx_word' id='word_1_290' title='bbox 1021 3515 1167 3580; x_wconf 85' lang='lat' dir='ltr'><strong><em>Ecclesia</em></strong></span> <span class='ocrx_word' id='word_1_291' title='bbox 1196 3517 1353 3581; x_wconf 84' lang='lat' dir='ltr'><strong><em>veraciter</em></strong></span> 
     </span>
     <span class='ocr_line' id='line_1_32' title="bbox 63 3617 1352 3706; baseline -0.002 -19"><span class='ocrx_word' id='word_1_292' title='bbox 63 3617 266 3706; x_wconf 86' lang='lat' dir='ltr'><strong><em>depulerat,</em></strong></span> <span class='ocrx_word' id='word_1_293' title='bbox 289 3639 398 3682; x_wconf 89' lang='lat' dir='ltr'><strong><em>rursus</em></strong></span> <span class='ocrx_word' id='word_1_294' title='bbox 419 3618 454 3682; x_wconf 92' lang='lat' dir='ltr'><strong><em>in</em></strong></span> <span class='ocrx_word' id='word_1_295' title='bbox 469 3617 649 3682; x_wconf 79' lang='lat' dir='ltr'><strong><em>Ecclesiam</em></strong></span> <span class='ocrx_word' id='word_1_296' title='bbox 671 3618 739 3701; x_wconf 90' lang='lat' dir='ltr'><strong><em>ipse</em></strong></span> <span class='ocrx_word' id='word_1_297' title='bbox 763 3639 828 3681; x_wconf 90' lang='lat' dir='ltr'><strong><em>non</em></strong></span> <span class='ocrx_word' id='word_1_298' title='bbox 850 3621 1042 3700; x_wconf 84' lang='lat' dir='ltr'><strong><em>revocasset,</em></strong></span> <span class='ocrx_word' id='word_1_299' title='bbox 1067 3621 1100 3682; x_wconf 89' lang='lat' dir='ltr'><strong><em>et</em></strong></span> <span class='ocrx_word' id='word_1_300' title='bbox 1122 3619 1160 3682; x_wconf 85' lang='lat' dir='ltr'><strong><em>de</em></strong></span> <span class='ocrx_word' id='word_1_301' title='bbox 1182 3641 1245 3703; x_wconf 89' lang='lat' dir='ltr'><strong><em>quo</em></strong></span> <span class='ocrx_word' id='word_1_302' title='bbox 1268 3621 1352 3684; x_wconf 89' lang='lat' dir='ltr'><strong><em>dixe-</em></strong></span> 
     </span>
     <span class='ocr_line' id='line_1_33' title="bbox 61 3719 1353 3806; baseline -0.003 -16"><span class='ocrx_word' id='word_1_303' title='bbox 61 3728 142 3806; x_wconf 84' lang='lat' dir='ltr'><strong><em>rat,</em></strong></span> <span class='ocrx_word' id='word_1_304' title='bbox 178 3734 250 3784; x_wconf 82' lang='lat' dir='ltr'><strong><em>tace</em></strong></span> <span class='ocrx_word' id='word_1_305' title='bbox 276 3733 304 3784; x_wconf 91' lang='lat' dir='ltr'><strong><em>et</em></strong></span> <span class='ocrx_word' id='word_1_306' title='bbox 325 3727 505 3803; x_wconf 84' lang='lat' dir='ltr'><strong><em>obmulesce,</em></strong></span> <span class='ocrx_word' id='word_1_307' title='bbox 540 3742 650 3785; x_wconf 89' lang='lat' dir='ltr'><strong><em>rursus</em></strong></span> <span class='ocrx_word' id='word_1_308' title='bbox 678 3720 767 3784; x_wconf 88' lang='lat' dir='ltr'><strong><em>Petri</em></strong></span> <span class='ocrx_word' id='word_1_309' title='bbox 779 3723 800 3804; x_wconf 87' lang='lat'><strong><em>¹)</em></strong></span> <span class='ocrx_word' id='word_1_310' title='bbox 828 3742 999 3805; x_wconf 91' lang='lat' dir='ltr'><strong><em>personam</em></strong></span> <span class='ocrx_word' id='word_1_311' title='bbox 1031 3719 1117 3805; x_wconf 88' lang='lat' dir='ltr'><strong><em>loqui</em></strong></span> <span class='ocrx_word' id='word_1_312' title='bbox 1149 3721 1184 3784; x_wconf 94' lang='lat' dir='ltr'><strong><em>in</em></strong></span> <span class='ocrx_word' id='word_1_313' title='bbox 1208 3721 1353 3786; x_wconf 80' lang='lat' dir='ltr'><strong><em>Ecclesia</em></strong></span> 
     </span>
     <span class='ocr_line' id='line_1_34' title="bbox 62 3823 1352 3907; baseline -0.003 -15"><span class='ocrx_word' id='word_1_314' title='bbox 62 3823 224 3892; x_wconf 83' lang='lat' dir='ltr'><strong><em>minime</em></strong></span> <span class='ocrx_word' id='word_1_315' title='bbox 249 3823 461 3906; x_wconf 88' lang='lat' dir='ltr'><strong><em>permisisset:</em></strong></span> <span class='ocrx_word' id='word_1_316' title='bbox 490 3845 582 3907; x_wconf 90' lang='lat' dir='ltr'><strong><em>quem</em></strong></span> <span class='ocrx_word' id='word_1_317' title='bbox 609 3830 747 3888; x_wconf 84' lang='lat' dir='ltr'><strong><em>simililer</em></strong></span> <span class='ocrx_word' id='word_1_318' title='bbox 763 3830 932 3903; x_wconf 85' lang='lat' dir='ltr'><strong><em>procellam</em></strong></span> <span class='ocrx_word' id='word_1_319' title='bbox 956 3845 975 3886; x_wconf 86' lang='lat' dir='ltr'><strong><em>u</em></strong></span> <span class='ocrx_word' id='word_1_320' title='bbox 996 3838 1102 3887; x_wconf 85' lang='lat' dir='ltr'><strong><em>sancto</em></strong></span> <span class='ocrx_word' id='word_1_321' title='bbox 1123 3828 1242 3902; x_wconf 76' lang='lat' dir='ltr'><strong><em>Spiritu</em></strong></span> <span class='ocrx_word' id='word_1_322' title='bbox 1268 3831 1352 3889; x_wconf 88' lang='lat' dir='ltr'><strong><em>dissi·</em></strong></span> 
     </span>
     <span class='ocr_line' id='line_1_35' title="bbox 54 3924 1354 4013; baseline -0.003 -19"><span class='ocrx_word' id='word_1_323' title='bbox 54 3942 193 4013; x_wconf 85' lang='lat' dir='ltr'><strong><em>potam</em></strong></span> <span class='ocrx_word' id='word_1_324' title='bbox 230 3946 298 3990; x_wconf 85' lang='lat' dir='ltr'><strong><em>esse</em></strong></span> <span class='ocrx_word' id='word_1_325' title='bbox 325 3924 543 4011; x_wconf 85' lang='lat' dir='ltr'><strong><em>praedixerat,</em></strong></span> <span class='ocrx_word' id='word_1_326' title='bbox 578 3946 733 4010; x_wconf 90' lang='lat' dir='ltr'><strong><em>quemque</em></strong></span> <span class='ocrx_word' id='word_1_327' title='bbox 763 3933 858 4003; x_wconf 83' lang='lat' dir='ltr'><strong><em>filium</em></strong></span> <span class='ocrx_word' id='word_1_328' title='bbox 891 3933 986 3990; x_wconf 84' lang='lat' dir='ltr'><strong><em>rroclis</em></strong></span> <span class='ocrx_word' id='word_1_329' title='bbox 1019 3928 1286 4009; x_wconf 85' lang='lat' dir='ltr'><strong><em>assseveraverat,</em></strong></span> <span class='ocrx_word' id='word_1_330' title='bbox 1321 3929 1354 3990; x_wconf 90' lang='lat' dir='ltr'><strong><em>et</em></strong></span> 
     </span>
     <span class='ocr_line' id='line_1_36' title="bbox 60 4032 1353 4120; baseline -0.004 -22"><span class='ocrx_word' id='word_1_331' title='bbox 60 4050 180 4120; x_wconf 86' lang='lat' dir='ltr'><strong><em>quem</em></strong></span> <span class='ocrx_word' id='word_1_332' title='bbox 204 4032 244 4092; x_wconf 81' lang='lat' dir='ltr'><strong><em>ab</em></strong></span> <span class='ocrx_word' id='word_1_333' title='bbox 266 4049 358 4108; x_wconf 84' lang='lat' dir='ltr'><strong><em>opere</em></strong></span> <span class='ocrx_word' id='word_1_334' title='bbox 377 4035 498 4093; x_wconf 87' lang='lat' dir='ltr'><strong><em>luminis</em></strong></span> <span class='ocrx_word' id='word_1_335' title='bbox 513 4035 642 4093; x_wconf 86' lang='lat' dir='ltr'><strong><em>alienum</em></strong></span> <span class='ocrx_word' id='word_1_336' title='bbox 658 4041 867 4108; x_wconf 84' lang='lat' dir='ltr'><strong><em>amantemque</em></strong></span> <span class='ocrx_word' id='word_1_337' title='bbox 880 4034 1019 4092; x_wconf 84' lang='lat' dir='ltr'><strong><em>tenebras</em></strong></span> <span class='ocrx_word' id='word_1_338' title='bbox 1040 4035 1191 4092; x_wconf 86' lang='lat' dir='ltr'><strong><em>latronum</em></strong></span> <span class='ocrx_word' id='word_1_339' title='bbox 1213 4035 1353 4108; x_wconf 80' lang='lat' dir='ltr'><strong><em>operibus</em></strong></span> 
     </span>
    </p>
   </div>
   <div class='ocr_carea' id='block_1_8' title="bbox 1364 3697 1448 3835">
    <p class='ocr_par' dir='ltr' id='par_1_11' title="bbox 1364 3697 1448 3835">
     <span class='ocr_line' id='line_1_37' title="bbox 1364 3697 1448 3753; baseline 0 0"><span class='ocrx_word' id='word_1_340' title='bbox 1364 3697 1448 3753; x_wconf 88' lang='lat' dir='ltr'><strong><em>Marc.</em></strong></span> 
     </span>
     <span class='ocr_line' id='line_1_38' title="bbox 1371 3775 1441 3835; baseline -0.014 -14"><span class='ocrx_word' id='word_1_341' title='bbox 1371 3775 1441 3835; x_wconf 62' lang='lat' dir='ltr'><strong><em>aas.</em></strong></span> 
     </span>
    </p>
   </div>
   <div class='ocr_carea' id='block_1_9' title="bbox 63 4226 153 4239">
    <p class='ocr_par' dir='ltr' id='par_1_12' title="bbox 63 4226 153 4239">
     <span class='ocr_line' id='line_1_39' title="bbox 63 4226 153 4239; baseline -0.011 -4"><span class='ocrx_word' id='word_1_342' title='bbox 63 4226 153 4239; x_wconf 57' lang='lat' dir='ltr'><strong><em>...a—-</em></strong></span> 
     </span>
    </p>
   </div>
   <div class='ocr_carea' id='block_1_10' title="bbox 51 4327 1419 4922">
    <p class='ocr_par' dir='ltr' id='par_1_13' title="bbox 51 4327 1419 4922">
     <span class='ocr_line' id='line_1_40' title="bbox 148 4327 1419 4407; baseline -0.002 -18"><span class='ocrx_word' id='word_1_343' title='bbox 148 4341 170 4407; x_wconf 83' lang='lat'><strong><em>¹)</em></strong></span> <span class='ocrx_word' id='word_1_344' title='bbox 191 4333 358 4406; x_wconf 80' lang='lat' dir='ltr'><strong><em>Legendnm</em></strong></span> <span class='ocrx_word' id='word_1_345' title='bbox 375 4335 522 4390; x_wconf 66' lang='lat' dir='ltr'><strong><em>videturne</em></strong></span> <span class='ocrx_word' id='word_1_346' title='bbox 536 4356 650 4405; x_wconf 75' lang='lat' dir='ltr'><strong><em>persona</em></strong></span> <span class='ocrx_word' id='word_1_347' title='bbox 663 4340 743 4390; x_wconf 82' lang='lat' dir='ltr'><strong><em>Petri.</em></strong></span> <span class='ocrx_word' id='word_1_348' title='bbox 774 4334 898 4405; x_wconf 81' lang='lat' dir='ltr'><strong><em>Respicit</em></strong></span> <span class='ocrx_word' id='word_1_349' title='bbox 909 4334 982 4389; x_wconf 89' lang='lat' dir='ltr'><strong><em>enim</em></strong></span> <span class='ocrx_word' id='word_1_350' title='bbox 995 4333 1120 4389; x_wconf 72' lang='lat' dir='ltr'><strong><em>Gelenius</em></strong></span> <span class='ocrx_word' id='word_1_351' title='bbox 1132 4332 1169 4388; x_wconf 88' lang='lat' dir='ltr'><strong><em>ad</em></strong></span> <span class='ocrx_word' id='word_1_352' title='bbox 1185 4333 1262 4400; x_wconf 85' lang='lat' dir='ltr'><strong><em>haec,</em></strong></span> <span class='ocrx_word' id='word_1_353' title='bbox 1281 4349 1352 4404; x_wconf 88' lang='lat' dir='ltr'><strong><em>quae</em></strong></span> <span class='ocrx_word' id='word_1_354' title='bbox 1366 4327 1419 4402; x_wconf 63' lang='grc' dir='ltr'><strong><em>[η’]</em></strong></span> 
     </span>
     <span class='ocr_line' id='line_1_41' title="bbox 57 4419 1350 4493; baseline -0.004 -13"><span class='ocrx_word' id='word_1_355' title='bbox 57 4425 200 4488; x_wconf 77' lang='lat' dir='ltr'><strong><em>Aeacius</em></strong></span> <span class='ocrx_word' id='word_1_356' title='bbox 221 4428 296 4493; x_wconf 87' lang='lat' dir='ltr'><strong><em>ep.8</em></strong></span> <span class='ocrx_word' id='word_1_357' title='bbox 314 4421 350 4475; x_wconf 92' lang='lat' dir='ltr'><strong><em>ad</em></strong></span> <span class='ocrx_word' id='word_1_358' title='bbox 368 4419 539 4490; x_wconf 84' lang='lat' dir='ltr'><strong><em>Simplicium</em></strong></span> <span class='ocrx_word' id='word_1_359' title='bbox 557 4429 610 4477; x_wconf 88' lang='lat' dir='ltr'><strong><em>n.1</em></strong></span> <span class='ocrx_word' id='word_1_360' title='bbox 631 4421 665 4475; x_wconf 86' lang='lat' dir='ltr'><strong><em>de</em></strong></span> <span class='ocrx_word' id='word_1_361' title='bbox 683 4420 823 4474; x_wconf 81' lang='lat' dir='ltr'><strong><em>Timothei</em></strong></span> <span class='ocrx_word' id='word_1_362' title='bbox 841 4419 934 4475; x_wconf 85' lang='lat' dir='ltr'><strong><em>Aeluri</em></strong></span> <span class='ocrx_word' id='word_1_363' title='bbox 952 4423 1041 4474; x_wconf 89' lang='lat' dir='ltr'><strong><em>morte</em></strong></span> <span class='ocrx_word' id='word_1_364' title='bbox 1063 4420 1222 4488; x_wconf 88' lang='lat' dir='ltr'><strong><em>scripserat:</em></strong></span> <span class='ocrx_word' id='word_1_365' title='bbox 1254 4424 1288 4472; x_wconf 83' lang='lat' dir='ltr'><strong><em>Et</em></strong></span> <span class='ocrx_word' id='word_1_366' title='bbox 1311 4425 1350 4475; x_wconf 84' lang='lat' dir='ltr'><strong><em>Tt-</em></strong></span> 
     </span>
     <span class='ocr_line' id='line_1_42' title="bbox 56 4511 1351 4578; baseline -0.012 -4"><span class='ocrx_word' id='word_1_367' title='bbox 56 4518 204 4573; x_wconf 64' lang='lat' dir='ltr'><strong><em>acimum</em></strong></span> <span class='ocrx_word' id='word_1_368' title='bbox 224 4512 325 4578; x_wconf 81' lang='lat' dir='ltr'><strong><em>quidem</em></strong></span> <span class='ocrx_word' id='word_1_369' title='bbox 343 4513 374 4561; x_wconf 83' lang='lat' dir='ltr'><strong><em>de</em></strong></span> <span class='ocrx_word' id='word_1_370' title='bbox 394 4512 520 4562; x_wconf 74' lang='lat' dir='ltr'><strong><em>Chersone</em></strong></span> <span class='ocrx_word' id='word_1_371' title='bbox 537 4515 677 4575; x_wconf 85' lang='lat' dir='ltr'><strong><em>spirantem</em></strong></span> <span class='ocrx_word' id='word_1_372' title='bbox 694 4514 821 4575; x_wconf 81' lang='lat' dir='ltr'><strong><em>procellas</em></strong></span> <span class='ocrx_word' id='word_1_373' title='bbox 839 4521 863 4561; x_wconf 87' lang='lat' dir='ltr'><strong><em>et</em></strong></span> <span class='ocrx_word' id='word_1_374' title='bbox 881 4512 1076 4560; x_wconf 82' lang='lat' dir='ltr'><strong><em>ecclesiasticam</em></strong></span> <span class='ocrx_word' id='word_1_375' title='bbox 1094 4511 1299 4574; x_wconf 75' lang='lat' dir='ltr'><strong><em>tranquillitatem</em></strong></span> <span class='ocrx_word' id='word_1_376' title='bbox 1316 4511 1351 4559; x_wconf 87' lang='lat' dir='ltr'><strong><em>si·</em></strong></span> 
     </span>
     <span class='ocr_line' id='line_1_43' title="bbox 55 4591 1352 4670; baseline -0.005 -20"><span class='ocrx_word' id='word_1_377' title='bbox 55 4615 108 4660; x_wconf 67' lang='lat' dir='ltr'><strong><em>m</em></strong></span> <span class='ocrx_word' id='word_1_378' title='bbox 128 4599 268 4670; x_wconf 78' lang='lat' dir='ltr'><strong><em>apparuit</em></strong></span> <span class='ocrx_word' id='word_1_379' title='bbox 286 4596 474 4648; x_wconf 83' lang='lat' dir='ltr'><strong><em>corrturbantem</em></strong></span> <span class='ocrx_word' id='word_1_380' title='bbox 484 4591 631 4660; x_wconf 84' lang='lat' dir='ltr'><strong><em>(Christus)</em></strong></span> <span class='ocrx_word' id='word_1_381' title='bbox 650 4599 715 4647; x_wconf 84' lang='lat' dir='ltr'><strong><em>citae</em></strong></span> <span class='ocrx_word' id='word_1_382' title='bbox 732 4597 853 4646; x_wconf 72' lang='lat' dir='ltr'><strong><em>srtbtluccil</em></strong></span> <span class='ocrx_word' id='word_1_383' title='bbox 870 4596 998 4657; x_wconf 70' lang='lat' dir='ltr'><strong><em>damianae,</em></strong></span> <span class='ocrx_word' id='word_1_384' title='bbox 1017 4596 1150 4644; x_wconf 76' lang='lat' dir='ltr'><strong><em>discurri:</em></strong></span> <span class='ocrx_word' id='word_1_385' title='bbox 1168 4601 1245 4658; x_wconf 85' lang='lat' dir='ltr'><strong><em>„lace</em></strong></span> <span class='ocrx_word' id='word_1_386' title='bbox 1263 4603 1288 4644; x_wconf 87' lang='lat' dir='ltr'><strong><em>sl</em></strong></span> <span class='ocrx_word' id='word_1_387' title='bbox 1306 4594 1352 4645; x_wconf 85' lang='lat' dir='ltr'><strong><em>ot-</em></strong></span> 
     </span>
     <span class='ocr_line' id='line_1_44' title="bbox 53 4675 1351 4747; baseline -0.002 -14"><span class='ocrx_word' id='word_1_388' title='bbox 53 4685 218 4745; x_wconf 59' lang='lat' dir='ltr'><strong><em>„mcef‘</em></strong></span> <span class='ocrx_word' id='word_1_389' title='bbox 255 4677 421 4732; x_wconf 75' lang='lat' dir='ltr'><strong><em>Timotheus</em></strong></span> <span class='ocrx_word' id='word_1_390' title='bbox 438 4681 532 4732; x_wconf 88' lang='lat' dir='ltr'><strong><em>autem</em></strong></span> <span class='ocrx_word' id='word_1_391' title='bbox 549 4678 681 4747; x_wconf 83' lang='lat' dir='ltr'><strong><em>loquente</em></strong></span> <span class='ocrx_word' id='word_1_392' title='bbox 699 4678 795 4743; x_wconf 87' lang='lat' dir='ltr'><strong><em>Petro,</em></strong></span> <span class='ocrx_word' id='word_1_393' title='bbox 819 4677 866 4744; x_wconf 91' lang='lat' dir='ltr'><strong><em>qui</em></strong></span> <span class='ocrx_word' id='word_1_394' title='bbox 884 4675 1026 4731; x_wconf 86' lang='lat' dir='ltr'><strong><em>doetrinae</em></strong></span> <span class='ocrx_word' id='word_1_395' title='bbox 1045 4693 1077 4730; x_wconf 91' lang='lat' dir='ltr'><strong><em>ac</em></strong></span> <span class='ocrx_word' id='word_1_396' title='bbox 1095 4675 1248 4731; x_wconf 83' lang='lat' dir='ltr'><strong><em>facinorum</em></strong></span> <span class='ocrx_word' id='word_1_397' title='bbox 1266 4675 1351 4746; x_wconf 88' lang='lat' dir='ltr'><strong><em>ipsius</em></strong></span> 
     </span>
     <span class='ocr_line' id='line_1_45' title="bbox 51 4761 1352 4836; baseline -0.004 -13"><span class='ocrx_word' id='word_1_398' title='bbox 51 4773 161 4833; x_wconf 62' lang='lat' dir='ltr'><strong><em>„eim</em></strong></span> <span class='ocrx_word' id='word_1_399' title='bbox 187 4768 222 4823; x_wconf 89' lang='lat' dir='ltr'><strong><em>et</em></strong></span> <span class='ocrx_word' id='word_1_400' title='bbox 244 4763 391 4836; x_wconf 86' lang='lat' dir='ltr'><strong><em>particeps</em></strong></span> <span class='ocrx_word' id='word_1_401' title='bbox 407 4781 516 4833; x_wconf 89' lang='lat' dir='ltr'><strong><em>semper</em></strong></span> <span class='ocrx_word' id='word_1_402' title='bbox 538 4765 642 4830; x_wconf 84' lang='lat' dir='ltr'><strong><em>inerat,</em></strong></span> <span class='ocrx_word' id='word_1_403' title='bbox 664 4764 741 4832; x_wconf 89' lang='lat' dir='ltr'><strong><em>loqui</em></strong></span> <span class='ocrx_word' id='word_1_404' title='bbox 763 4762 935 4817; x_wconf 87' lang='lat' dir='ltr'><strong><em>censebatur.</em></strong></span> <span class='ocrx_word' id='word_1_405' title='bbox 972 4762 1032 4816; x_wconf 92' lang='lat' dir='ltr'><strong><em>Hoc</em></strong></span> <span class='ocrx_word' id='word_1_406' title='bbox 1052 4761 1139 4830; x_wconf 82' lang='lat' dir='ltr'><strong><em>igitur</em></strong></span> <span class='ocrx_word' id='word_1_407' title='bbox 1161 4761 1214 4815; x_wconf 90' lang='lat' dir='ltr'><strong><em>sibi</em></strong></span> <span class='ocrx_word' id='word_1_408' title='bbox 1231 4762 1303 4815; x_wconf 81' lang='lat' dir='ltr'><strong><em>vult:</em></strong></span> <span class='ocrx_word' id='word_1_409' title='bbox 1326 4775 1352 4817; x_wconf 88' lang='lat' dir='ltr'><strong><em>et</em></strong></span> 
     </span>
     <span class='ocr_line' id='line_1_46' title="bbox 56 4852 1351 4922; baseline -0.007 -12"><span class='ocrx_word' id='word_1_410' title='bbox 56 4864 245 4922; x_wconf 64' lang='lat' dir='ltr'><strong><em>matheum,</em></strong></span> <span class='ocrx_word' id='word_1_411' title='bbox 267 4858 302 4907; x_wconf 85' lang='lat' dir='ltr'><strong><em>de</em></strong></span> <span class='ocrx_word' id='word_1_412' title='bbox 321 4870 370 4920; x_wconf 87' lang='lat' dir='ltr'><strong><em>quo</em></strong></span> <span class='ocrx_word' id='word_1_413' title='bbox 386 4857 536 4918; x_wconf 83' lang='lat' dir='ltr'><strong><em>scripserat,</em></strong></span> <span class='ocrx_word' id='word_1_414' title='bbox 557 4857 647 4905; x_wconf 76' lang='lat' dir='ltr'><strong><em>dictam</em></strong></span> <span class='ocrx_word' id='word_1_415' title='bbox 666 4859 761 4905; x_wconf 83' lang='lat' dir='ltr'><strong><em>siesse</em></strong></span> <span class='ocrx_word' id='word_1_416' title='bbox 780 4871 796 4904; x_wconf 91' lang='lat' dir='ltr'><strong><em>a</em></strong></span> <span class='ocrx_word' id='word_1_417' title='bbox 811 4854 925 4904; x_wconf 71' lang='lat' dir='ltr'><strong><em>Christo:</em></strong></span> <span class='ocrx_word' id='word_1_418' title='bbox 943 4860 1017 4914; x_wconf 89' lang='lat' dir='ltr'><strong><em>„tace</em></strong></span> <span class='ocrx_word' id='word_1_419' title='bbox 1035 4859 1061 4903; x_wconf 89' lang='lat' dir='ltr'><strong><em>et</em></strong></span> <span class='ocrx_word' id='word_1_420' title='bbox 1078 4852 1242 4914; x_wconf 84' lang='lat' dir='ltr'><strong><em>obmulesce“,</em></strong></span> <span class='ocrx_word' id='word_1_421' title='bbox 1261 4868 1351 4902; x_wconf 70' lang='lat' dir='ltr'><strong><em>recreas</em></strong></span> 
     </span>
    </p>
   </div>
   <div class='ocr_carea' id='block_1_11' title="bbox 48 4943 482 5026">
    <p class='ocr_par' dir='ltr' id='par_1_14' title="bbox 48 4943 482 5026">
     <span class='ocr_line' id='line_1_47' title="bbox 48 4943 482 5026; baseline -0.046 -17"><span class='ocrx_word' id='word_1_422' title='bbox 48 4961 79 5009; x_wconf 77' lang='lat' dir='ltr'><strong><em>in</em></strong></span> <span class='ocrx_word' id='word_1_423' title='bbox 95 4962 234 5026; x_wconf 78' lang='lat' dir='ltr'><strong><em>persona</em></strong></span> <span class='ocrx_word' id='word_1_424' title='bbox 253 4943 335 4995; x_wconf 81' lang='lat' dir='ltr'><strong><em>Petri</em></strong></span> <span class='ocrx_word' id='word_1_425' title='bbox 350 4943 419 5009; x_wconf 89' lang='lat' dir='ltr'><strong><em>loqui</em></strong></span> <span class='ocrx_word' id='word_1_426' title='bbox 435 4949 482 4996; x_wconf 80' lang='lat' dir='ltr'><strong><em>etc.</em></strong></span> 
     </span>
    </p>
   </div>
   <div class='ocr_carea' id='block_1_12' title="bbox 0 0 1616 5506">
    <p class='ocr_par' dir='ltr' id='par_1_15' title="bbox 0 0 1616 5506">
     <span class='ocr_line' id='line_1_48' title="bbox 0 0 1616 5506; baseline 0 3"><span class='ocrx_word' id='word_1_427' title='bbox 0 0 1616 5506; x_wconf 95' lang='lat' dir='ltr'><strong><em> </em></strong></span> 
     </span>
    </p>
   </div>
  </div>
 </body>
</html>
