3204 5506
269 327 333 393 480
496 340 500 345 ·
745 344 773 391 s.
791 343 933 392 unnasn
955 340 1069 391 ranna

165 506 251 590 alsa
269 514 337 562 σον
359 494 470 581 ἡμᾶς.
512 493 555 560 Ἡ
567 495 604 561 δὲ
620 499 690 560 τῶν
704 500 879 581 oronam
930 503 1073 561 miserere
1099 503 1205 561 nostri.
1256 495 1326 562 Deo
1346 500 1478 564 autenm

162 598 195 606 “
239 592 256 621 ‘'
271 597 392 682 ἐναγὴς
413 601 572 682 φρατρία,
595 595 694 682 ἡτῆν
709 595 879 682 άκήρατον
931 598 1043 662 biliam
1079 596 1277 663 exsecranda
1306 599 1417 683 factio,
1443 617 1478 687 qu

271 702 327 766 καί
342 699 511 783 ἄχραντον
526 702 588 764 τοῦ
601 703 689 764 θεοῦ
703 699 810 782 φύσιν
827 697 879 764 del
930 700 1174 785 integerrimam
1200 723 1376 787 puramque
1394 701 1478 767 Duil

269 802 474 887 παρατόμοις
495 801 609 885 βέλεσι
634 801 878 879 κατατοξεύου-
929 806 1037 865 turam
1064 802 1172 887 impiis
1200 803 1274 869 telis
1300 826 1421 889 semper
1436 803 1478 887 ad]

269 922 324 988 σα,
347 902 385 968 τό
408 900 427 967 ό
450 904 711 987 σταυρωθείς
732 908 779 989 τῷ
795 908 879 989 πίνῳ
930 903 987 986 tit,
1016 905 1114 968 verba
1142 913 1196 986 qni
1214 913 1382 983 croocrfixos
1401 904 1478 972 nlo!

269 1008 495 1091 repositurum,
532 1006 590 1070 ἵνα
625 1010 684 1089 τῆς
719 1004 880 1089 θεότητος
931 1005 1069 1089 addidit,
1093 1010 1131 1072 ut
1151 1007 1316 1072 Deitatem
1338 1008 1406 1093 ejus
1425 1008 1478 1073 eti

269 1109 325 1173 καὶ
347 1107 385 1172 τό
401 1105 574 1172 άθάνατον
596 1110 801 1192 καθυβρίσῃ,
823 1108 879 1171 καί
930 1107 1161 1174 mortalitatem
1188 1110 1310 1194 injuria
1335 1110 1463 1193 afflant,

268 1214 327 1295 τῆς
355 1208 451 1293 ἁγίας
475 1211 613 1293 τριάδος
634 1207 672 1274 τό
696 1206 879 1293 ὁμοοόσιον
930 1214 1063 1274 sanotae
1085 1211 1256 1275 Trinitatis
1284 1213 1478 1277 consubstonl

269 1314 466 1396 διαφθείρῃ.
488 1309 721 1387 Ἐπινοοῦντες
734 1311 770 1375 ot
781 1308 875 1375 άναι-
929 1311 1055 1376 litatem
1086 1317 1281 1409 corrumpat.
1325 1314 1478 1400 Atquenl

269 1416 338 1491 δεῖς
373 1415 489 1497 ἕτερον
527 1408 615 1489 εἶδος
647 1413 879 1496 παραπίηξίας
930 1413 964 1476 hi
995 1414 1198 1499 impudentes
1230 1416 1379 1483 insamae
1408 1416 1478 1502 plen

268 1517 407 1601 μεστόν·
448 1518 488 1582 ἐν
519 1513 584 1599 γὰρ
621 1519 660 1600 τῇ
698 1515 878 1600 προσθήκῃ
931 1520 1145 1582 commentum
1167 1519 1372 1605 excogitant:
1393 1519 1478 1583 etiam

268 1622 330 1683 τοῦ
358 1615 376 1685 ὁ
405 1635 477 1683 στα
488 1619 666 1701 υρωθείς
698 1615 800 1701 ἄλλος
829 1641 879 1693 τις
931 1618 1150 1684 additamento
1198 1629 1255 1701 qui
1300 1628 1463 1699 crucifixos

269 1718 470 1805 εὑρίσκεται·
495 1716 587 1804 παρὰ
627 1716 666 1784 τδ
701 1718 877 1803 τρισάγιον
929 1720 1010 1784 alius
1047 1722 1177 1805 quidam
1212 1722 1378 1787 invenitur
1410 1742 1478 1809 praa

268 1824 469 1908 roudpertus,
503 1818 521 1887 ὁ
550 1822 717 1905 ἐλεῆσαι
752 1818 877 1897 αότοός
928 1823 1100 1907 trisagium
1149 1824 1392 1889 subintellectus
1439 1824 1478 1889 D<

268 1927 376 2010 δῆθεν
398 1924 674 2008 ἀναγκαζόμενος.
714 1920 877 1999 Εἰπόντος
928 1924 983 2007 qui
1004 1925 1138 2009 proinde
1154 1926 1282 1991 illorum
1297 1934 1436 1993 κάεται·
1453 1948 1478 1992 οι

266 2024 392 2112 γάρτό
415 2027 592 2112 τρισάγιον
620 2027 676 2089 καί
704 2025 876 2106 προσθέν-
927 2026 1068 2110 pellitur.
1101 2027 1187 2092 Nam
1201 2050 1300 2114 quum
1314 2029 1428 2095 dieunt
1444 2032 1478 2093 tr

267 2153 321 2207 τες
340 2127 403 2214 τὴν
417 2131 647 2212 καινοτομίαν,
670 2127 786 2211 ἕτερόν
801 2151 877 2192 τινα
928 2129 1007 2211 gion
1029 2131 1062 2193 et
1075 2130 1254 2195 novitatem
1272 2131 1365 2216 illam
1378 2134 1478 2196 attexo

266 2229 497 2316 ὑποφαίνουσα
540 2231 773 2313 διεζευγμένον
815 2234 877 2294 τοῦ
929 2231 1027 2294 alium
1042 2231 1212 2316 quemdam
1232 2233 1355 2298 innunt
1370 2233 1478 2299 atn'st

266 2338 453 2419 τρισαγίου,
475 2333 531 2397 καί
545 2336 668 2396 τοῦτον
683 2329 876 2415 ἀνώνυμον.
928 2333 1121 2417 sejunctam,
1140 2338 1174 2398 et
1187 2334 1475 2420 quidemanonym

267 2438 311 2502 Εί
323 2435 388 2520 γὰρ
404 2433 449 2512 ὡς
465 2436 520 2501 ἐπὶ
541 2439 599 2518 τῆς
613 2434 749 2518 τριάδος
763 2431 877 2516 άγιος
927 2434 1058 2499 Etenim
1094 2436 1122 2500 si
1158 2435 1197 2500 de
1224 2436 1387 2503 Trinitute
1420 2436 1478 2505 dic

266 2537 284 2604 ὁ
306 2539 404 2614 θεός
426 2533 444 2601 ό
465 2538 586 2621 πατὴρ,
615 2534 730 2619 ἅγιος
757 2536 876 2619 ίσχυ-
926 2550 1050 2602 εααοίαο
1071 2542 1152 2602 Deus
1170 2551 1277 2619 poter,
1302 2552 1425 2607 sanctu
1439 2545 1478 2618 so

268 2638 337 2723 ρός
366 2636 495 2716 όυίός,
525 2636 642 2721 ἅγιος
669 2635 876 2714 ἀθάνατος
927 2645 1040 2718 Filius,
1064 2652 1188 2706 sanctos
1209 2648 1389 2708 immortold
1404 2646 1478 2723 Spin

266 2739 304 2807 τό
319 2745 453 2826 πνεῦμα
468 2738 506 2805 τό
522 2737 631 2823 ἅγιον,
655 2736 726 2806 τόό
749 2757 875 2804 σταυ-
926 2755 1064 2825 sanctus,
1103 2743 1201 2808 verba
1233 2751 1289 2823 qai
1315 2751 1469 2823 wlfinus

267 2844 419 2927 ρωθείς
448 2843 632 2928 λεγόμενον
660 2841 766 2908 ἄλλον
798 2840 874 2908 τινά
926 2844 1025 2908 alium
1046 2845 1216 2929 quemdam
1237 2849 1331 2911 extra
1345 2846 1478 2913 'innius

265 2947 425 3030 βούλεται
447 2947 509 3023 ἔξω
532 2950 591 3029 τῆς
611 2945 757 3027 τριάδος.
784 2942 872 3009 Ἀλλ’
925 2949 1084 3031 spectant.
1137 2945 1256 3012 Nonne
1281 2970 1359 3013 nero
1384 2952 1414 3013 te
1431 2944 1478 3033 μοι’

265 3047 329 3115 odo
352 3050 431 3134 αἰδῇ
454 3046 533 3113 οὐδὲ
557 3047 701 3133 αι’σχόνῃ
717 3045 755 3112 τό
771 3034 892 3112 o'tto'-⁸
925 3049 1079 3134 pigetque
1107 3048 1265 3114 absurdae
1286 3049 1382 3135 hujus
1410 3055 1438 3114 et
1459 3046 1478 3111 i

265 3175 366 3217 κοτον
399 3151 455 3215 καί
482 3147 688 3215 α’παίδευτόν
725 3167 789 3213 σου
816 3153 875 3233 τῆς
925 3151 1047 3235 peritae
1090 3150 1311 3216 laudationis?
1373 3151 1478 3229 Quom

265 3254 473 3336 δοξολογίας;
518 3256 598 3328 [lois
625 3251 732 3335 λέγεις
758 3249 873 3333 ἅγιος
924 3253 1003 3317 diois
1030 3264 1153 3319 sanctus
1178 3260 1373 3333 immortalis,
1400 3256 1478 3319 aa·

265 3354 489 3436 ἀθάνατος,
523 3352 544 3438 ἢ
572 3357 642 3430 πῶς
671 3352 806 3436 ἐπάγεις
835 3349 872 3417 τό
924 3355 1014 3419 addis
1042 3363 1096 3436 qui
1114 3362 1283 3433 cmctfixos
1302 3362 1356 3443 rs?
1396 3352 1478 3421 Vola

265 3452 283 3522 ὁ
317 3452 590 3540 στάυρωθείς;
626 3453 674 3519 Ἢ
703 3453 802 3520 ἄνελε
834 3451 872 3519 τό
924 3457 972 3522 fer
994 3464 1184 3532 immortalis,
1215 3462 1249 3522 et
1275 3457 1478 3536 dio'crnnltu

265 3555 471 3635 ἀθάνατος
493 3554 689 3622 καίείπὲτδ
712 3554 872 3623 ὁσταυ-
924 3560 974 3622 vel
1008 3567 1206 3625 immortalem
1242 3582 1405 3644 reverens,
1434 3562 1478 3623 nui

266 3657 694 3745 ρωθείς,ἢέρυθριάσας
717 3657 754 3724 τό
769 3656 873 3724 άθά-
924 3646 1223 3740 quiorucifiuroes.
1273 3661 1338 3729 Sed
1362 3662 1478 3748 quin

264 3786 407 3847 νατον,
430 3766 632 3846 παραίτησαι
654 3759 725 3826 τόό
748 3778 872 3826 σταυ-
924 3763 982 3827 dus
1010 3784 1061 3847 es,
1098 3764 1223 3829 sobrius
1251 3786 1321 3831 esse
1343 3762 1478 3849 nonpot

265 3868 423 3948 ρωθείς.
467 3862 553 3928 Ἀλλ’
583 3862 625 3929 od
653 3864 784 3949 νήφεις,
813 3864 872 3948 ἐμ·
924 3887 1027 3949 neque
1063 3887 1139 3929 aure
1171 3866 1262 3932 audis
1295 3882 1478 3952 nequonot

262 3968 447 4051 dodrante,
507 3963 586 4032 οὕτε
634 3977 706 4042 ταῖς
755 3964 873 4043 άκοαῖς
923 3967 1079 4052 intelligis
1094 3966 1207 4051 hymni
1221 3967 1429 4052 majestatem,
1446 3986 1478 4051 qr

264 4070 443 4153 ἐνηχήόης,
466 4065 546 4133 οὔτε
566 4072 607 4154 τῇ
623 4069 757 4154 διανοίᾳ
774 4090 870 4133 κατε·
922 4069 1015 4140 modo
1043 4069 1167 4135 seilicet
1188 4075 1283 4135 Berua
1307 4075 1419 4148 sortem
1435 4079 1478 4147 ulfi

262 4171 387 4255 νόησας
407 4176 466 4254 τῆς
488 4168 660 4256 ὑμνῳδιάς
682 4167 743 4254 τὴν
765 4194 872 4254 μεγα-
921 4178 1118 4236 ι’νιιαοτίαίτιιι
1144 4171 1305 4257 trisagion
1327 4194 1386 4239 uos
1405 4172 1478 4238 douo:

262 4275 481 4358 λοπρέπειαν·
521 4269 611 4349 ὅπως
636 4269 721 4337 θεὸν
753 4273 869 4355 ι’σχυ-
922 4273 1119 4337 Confitemur
1145 4296 1205 4339 nos
1232 4296 1375 4361 quoquo,
1400 4292 1478 4357 osy!

264 4373 337 4457 ρόν
373 4372 585 4441 άθάνατον
621 4372 659 4439 τό
696 4375 870 4457 τρισάγιον
921 4374 1061 4459 phanta‚
1096 4376 1300 4461 crucifixum,
1332 4377 1387 4443 sed
1415 4394 1478 4443 seut

263 4476 465 4543 ἐκδιδάσκει.
524 4475 771 4561 Ὁμοίογούμεν
813 4478 869 4540 καὶ
920 4478 995 4541 dum
1017 4478 1252 4543 incarnationis
1272 4479 1437 4563 rationem,
1454 4498 1478 4543 u

262 4577 367 4663 ἡμεῖς,
390 4579 607 4662 συκοφάντα,
631 4575 691 4643 τόν
702 4564 865 4663 ’σταυρω-
920 4578 960 4642 ad
987 4579 1177 4645 immortalis
1200 4581 1438 4664 contumeliam
1465 4596 1478 4643 1

260 4679 383 4759 θέντα,
421 4678 506 4746 ἀλλὰ
535 4678 618 4746 κατά
645 4677 707 4764 τὴν
734 4682 868 4746 οίκονο-
920 4703 981 4765 que
1023 4682 1062 4746 ad
1106 4682 1361 4767 incorruptibilis
1395 4680 1478 4749 exili!

135 4825 234 4882 Μηρώ
260 4785 352 4866 μίαν,
376 4779 438 4846 odo
462 4780 519 4865 ἐφ’
536 4781 633 4865 ὕβρει
655 4785 717 4847 τοῦ
739 4782 868 4848 άθανά-
920 4784 1089 4848 adoramus
1122 4784 1326 4870 crucifixum,
1360 4784 1414 4851 sod
1438 4786 1478 4851 Cd

120 4901 334 4966 tulosqaov·
380 4882 460 4951 οὐδὲ
498 4882 553 4950 ἐπὶ
589 4884 771 4951 καταλύσει
807 4891 869 4952 τοῦ
917 4898 994 4952 strom
1017 4892 1076 4952 Dei
1101 4893 1162 4952 uiui
1183 4893 1296 4967 stlitem,
1335 4890 1373 4955 ut
1395 4904 1478 4953 sane·
