3204 5506
203 356 266 421 804
643 369 670 417 s,
686 366 893 415 noamsnau
916 364 1031 413 erran

72 536 106 597 (a.
121 534 190 600 517.)
204 525 314 588 vincat
336 522 469 587 oblivio:
497 520 625 606 quaudo
653 543 778 584 omnem
806 519 1052 583 amaritudinem
1081 517 1201 581 laboris
1227 517 1367 593 excludit,
1391 519 1429 603 qui

106 805 185 858 Rom.

117 879 187 937 ars.

88 3374 189 3429 Psalm.

100 3450 188 3512 sons.

201 625 401 690 dulcedinem
424 625 508 708 spei,
532 634 612 708 quae
636 625 848 706 exspectatur,
873 621 1081 705 admiserit2).
1119 618 1207 695 Quae
1229 620 1310 683 enim
1329 618 1429 684 difficul-

200 732 251 790 tas
274 727 465 790 beatitudini
488 748 547 810 par
570 730 634 808 est,
671 729 727 788 aut
754 747 834 808 quae
863 724 1043 807 condignae
1071 722 1224 807 praemiis
1245 722 1431 806 passionesad

201 829 343 891 futuram
365 827 488 891 scilicet
509 827 655 911 gloriam,
679 848 760 910 quae
783 827 816 889 in
838 825 931 889 nobis
954 825 1100 909 apostolo
1115 826 1326 888 annuntiante
1344 822 1432 887 rereli-

202 929 311 994 bitur‘?
347 929 452 1012 Absit,
477 929 712 1013 nequidquam
736 951 754 990 a
778 927 897 992 Christi
921 926 1055 990 caritate
1077 949 1136 991 nos
1160 928 1300 1010 separet!
1337 924 1433 1001 Quanta

201 1037 250 1095 est
271 1031 449 1113 tribulatio,
474 1034 501 1094 si
523 1030 658 1114 gloriam
682 1029 790 1114 parit?
827 1029 964 1093 Materia
979 1050 1206 1112 prosperorum
1222 1032 1270 1092 est
1284 1049 1356 1113 quae
1369 1032 1433 1111 puta-

200 1138 253 1197 tnr
275 1133 459 1197 adversitas.
505 1131 589 1195 Dum
612 1131 815 1213 inclinamur,
840 1131 1003 1216 erigimur.
1048 1130 1152 1195 Nemo
1174 1131 1306 1194 haberet
1325 1129 1434 1193 futuram

201 1236 506 1316 remunerationem,
542 1235 604 1298 nisi
632 1235 841 1298 necessitates
869 1233 1086 1316 praesentium
1115 1234 1297 1298 sustineret.
1338 1231 1434 1311 Videte,

200 1341 320 1421 quanto
342 1359 436 1420 opere
459 1336 624 1399 hominum
646 1341 775 1400 terrena
802 1338 914 1399 messis
943 1339 1102 1420 assurgat.
1148 1334 1277 1411 Quanto
1298 1339 1343 1398 est
1362 1333 1435 1418 igitur

199 1439 308 1503 labore
336 1439 587 1522 procurandum,
624 1441 661 1502 ut
688 1439 836 1502 coelestia
864 1437 948 1500 dona
981 1460 1046 1501 non
1080 1439 1233 1521 pereant!
1277 1436 1379 1512 Quieta
1399 1440 1433 1499 est

199 1540 435 1624 negligentium
457 1540 539 1623 vita,
564 1541 618 1604 sed
641 1562 705 1604 non
728 1540 913 1624 opulenta³)
935 1540 1132 1603 substantia:
1157 1545 1275 1617 Dianas
1296 1552 1335 1602 est
1355 1559 1433 1617 apaa-

199 1651 272 1720 νίας,
297 1654 329 1706 at
347 1646 487 1718 fructum
510 1648 656 1706 mercedis
678 1650 823 1722 accipiat.
854 1641 1032 1706 Indiscreta
1054 1642 1175 1725 passim
1198 1642 1301 1725 pietas
1322 1663 1382 1706 cum
1393 1640 1433 1702 in·

200 1746 319 1828 pietate
342 1744 580 1829 languesceret,
612 1746 639 1808 si
662 1744 856 1807 examinatio
879 1743 979 1807 bonos
1002 1743 1135 1807 amalis
1159 1742 1298 1807 divisura
1316 1744 1432 1807 cessaret.

203 1850 336 1910 {tratum
359 1847 525 1910 admodum
549 1846 765 1930 spectaculum
789 1845 926 1909 Domino
949 1850 998 1909 est
1020 1846 1055 1908 in
1078 1867 1182 1930 agone
1202 1846 1368 1929 justorum,
1391 1864 1432 1906 nec

200 1949 372 2033 quidquam
394 1949 441 2013 ita
464 1970 634 2032 supernam
657 1949 797 2033 gratiam
821 1946 971 2012 conciliat
992 1946 1133 2029 homini,
1160 1948 1245 2012 sicut
1265 1947 1432 2011 adversoam

202 2052 338 2135 impetus
360 2052 521 2135 patienter
543 2052 678 2134 excepti.
724 2049 801 2125 Quis
833 2050 958 2133 miles⁴)
986 2050 1045 2112 sub
1067 2050 1157 2132 pacis
1180 2050 1343 2114 securitate
1360 2068 1432 2111 mere

201 2154 276 2215 tur‘?
313 2152 387 2217 Non
410 2158 458 2217 cst
487 2154 619 2216 arduum
649 2152 682 2215 in
711 2153 795 2216 sicco
823 2173 934 2214 secura
960 2151 1067 2215 fixisse
1094 2153 1246 2237 vestigia,
1278 2173 1335 2216 nco
1357 2154 1433 2212 arten

201 2256 425 2340 gubernatoris
460 2255 601 2319 ostendit
632 2255 758 2317 marina
791 2253 1018 2337 tranquillitas,
1075 2253 1161 2318 Satis
1194 2258 1242 2319 est
1273 2250 1432 2335 intrepidum

201 2360 286 2422 inter
308 2356 391 2424 bella
413 2358 593 2441 procedere,
619 2357 704 2420 inter
725 2356 848 2419 lubrica
870 2379 935 2420 non
951 2355 1070 2438 labare,
1095 2355 1212 2420 flnctus
1229 2354 1433 2438 intempestate

202 2463 415 2524 contemnere.
456 2457 584 2523 Saeviet
606 2463 637 2522 et
659 2461 763 2522 motus
786 2479 859 2522 suos
881 2461 1028 2522 exerceat
1042 2458 1206 2522 mmrdana
1221 2457 1359 2537 tentatio,
1378 2454 1432 2518 dun

201 2562 364 2626 manifesti
387 2564 566 2644 appareant
588 2562 641 2645 qui
664 2561 860 2644 probantur!

285 2665 315 2728 3.
354 2661 444 2726 Haec
472 2663 625 2745 scientes,
662 2663 815 2726 carissimi
843 2663 976 2745 fratres,
1009 2661 1083 2727 fidei
1112 2666 1236 2726 vestrae
1264 2664 1361 2727 tenete
1379 2680 1433 2722 con·

201 2766 364 2848 stantiam,
390 2766 505 2849 etipsa
522 2767 629 2847 etiam,
655 2766 681 2829 si
696 2765 878 2848 inciderint,
903 2765 1078 2828 militantia
1095 2765 1220 2828 meritis
1235 2765 1340 2828 vestris
1354 2764 1434 2825 armate

200 2867 351 2951 pericula.
387 2869 591 2932 Annuntiate
614 2890 694 2951 quae
718 2867 836 2948 colitis,
862 2870 894 2930 et
916 2867 1108 2950 participate
1117 2869 1143 2951 ⁵)
1160 2867 1256 2930 etiam
1271 2887 1324 2950 per
1336 2864 1434 2928 unirer·

201 2992 271 3033 sum
293 2971 401 3033 orbem
424 2971 575 3033 mandata
597 2969 783 3053 evangelica
805 2991 885 3053 quae
907 2969 1035 3032 tenetis,
1069 2969 1173 3054 Supra
1188 2968 1340 3053 stipendia
1352 2969 1434 3029 restra

202 3064 355 3136 correctio
377 3093 501 3156 quoque
523 3072 611 3135 robis
635 3072 833 3135 adscribatur
856 3071 970 3135 aliena.
1020 3071 1110 3135 Inter
1132 3070 1358 3156 peccatorum)
1376 3086 1434 3131 enu-

201 3175 424 3255 merationem,
454 3174 569 3257 quibus
597 3174 657 3237 sibi
689 3174 830 3237 divinam
858 3174 997 3256 gratiam
1024 3174 1139 3257 plenus
1168 3173 1281 3258 spiritu
1306 3170 1359 3235 Dei
1380 3187 1434 3253 pro

201 3274 299 3358 pheta
327 3275 493 3357 conciliat,
523 3277 609 3339 inter
636 3298 688 3359 ea,
725 3276 838 3359 quibus
865 3275 1132 3359 misericordiam,
1162 3297 1223 3359 qua
1251 3273 1433 3347 conservetur,

201 3381 326 3442 exorat:
349 3378 461 3442 docere
484 3400 517 3442 se
540 3378 666 3461 iniquos
688 3377 756 3441 vias
779 3375 927 3459 Domini,
952 3381 985 3440 et
1007 3377 1248 3441 conversionem
1268 3396 1322 3460 per
1340 3395 1370 3438 se
1381 3368 1434 3434 fien'

201 3481 366 3562 praedicat
387 3480 566 3565 impiorum.
613 3478 720 3561 Beati,
751 3480 865 3563 quibus
891 3479 959 3542 vita
986 3479 1176 3543 innocenter
1206 3482 1276 3542 acta
1296 3476 1347 3539 dat
1364 3492 1435 3557 prar-

204 3582 315 3645 mium:
339 3582 441 3665 beati,
465 3604 522 3665 per
544 3603 622 3665 quos
645 3581 715 3644 aliis
738 3603 861 3664 quoque
884 3585 1067 3664 praestatur
1089 3581 1280 3665 exemplum!

285 3686 315 3748 4.
354 3684 398 3749 Et
418 3706 477 3747 nos
493 3684 630 3767 quidem,
655 3686 809 3767 quantum
832 3683 866 3746 in
889 3683 981 3746 nobis
1004 3687 1063 3767 est,
1087 3706 1146 3747 nec
1170 3681 1370 3747 sollicitudine
1388 3696 1433 3741 nec

268 3909 278 3942 ²
308 3906 326 3960 b
346 3928 394 3961 rien
413 3911 537 3967 arriserit,
558 3907 583 3958 οἳ
602 3921 657 3972 neq.
677 3909 799 3957 arraserit.

269 3995 289 4059 ³)
308 3991 357 4045 Ed.
378 4012 426 4046 noa
445 3997 497 4045 uoti
514 3997 633 4058 opulenta
703 3993 856 4043 Iattiscrete.

268 4079 290 4143 ⁴)
309 4077 376 4131 bec
393 4083 482 4129 utititas
556 4081 673 4135 miretur,
691 4075 781 4128 minus
799 4074 939 4129 concinne.

268 4165 288 4229 ⁵)
307 4161 341 4215 H.
366 4179 388 4215 e.
413 4161 569 4214 universum
593 4160 689 4214 orbem
713 4160 936 4228 evangelicorum
962 4161 1157 4215 mandatorum
1182 4159 1339 4230 participem
1360 4152 1434 4211 ladit

200 4245 305 4299 Eadem
323 4246 402 4299 verbi
419 4245 543 4314 qjusdem
560 4244 601 4298 uis
619 4262 651 4298 ac
670 4247 794 4314 potestas
812 4247 854 4299 est
870 4246 898 4298 in
916 4245 1168 4316 hisepistolae143
1185 4263 1210 4299 n.
1222 4252 1249 4299 ⁶2:
1268 4247 1381 4313 Quidquid
1393 4258 1435 4293 aa

202 4333 370 4383 Orientalibus
389 4343 470 4384 actiae
486 4336 578 4398 suerit.
598 4337 714 4398 repetitis
733 4336 855 4384 militarum
873 4337 1055 4399 participamus
1073 4336 1182 4386 indiciis.
1217 4330 1275 4385 Hoc
1290 4325 1382 4384 enaim
1395 4320 1435 4376 filil

201 4414 271 4467 vult:
293 4415 443 4484 participes
466 4432 513 4469 vos
533 4415 648 4468 facimus
667 4432 761 4469 eoram
780 4415 910 4482 omnium,
935 4432 1005 4484 quae
1025 4433 1087 4469 cum
1105 4414 1290 4470 Orientalibus
1306 4415 1364 4468 acta
1379 4408 1436 4463 sunt

202 4500 291 4553 Antea
308 4498 336 4551 id
360 4500 435 4567 quod
453 4500 554 4553 dicitur
574 4506 662 4553 Arrace
681 4506 806 4568 pericula,
832 4501 947 4553 nonest
970 4499 1179 4554 distrahendum
1197 4518 1215 4555 a
1231 4491 1437 4570 temperamenta

201 4601 272 4651 quae
290 4584 439 4638 llormisda
456 4584 610 4639 sententiae
629 4586 691 4639 huic
704 4585 844 4655 adjungit;
867 4586 937 4640 adeo
956 4587 988 4639 ut
1004 4601 1060 4639 non
1078 4588 1247 4654 quaerantur
1262 4580 1385 4655 pericula,
1399 4574 1437 4630 ted

200 4674 223 4720 ri
240 4674 385 4729 inciderint,
405 4687 494 4738 aequo
513 4671 606 4724 animo
624 4672 760 4737 serantur,
779 4673 810 4723 ut
830 4670 876 4724 ubi
893 4671 998 4725 merit-is
1015 4670 1118 4725 nostris
1136 4670 1269 4735 militant,
1287 4685 1395 4723 matur.
1474 4703 1477 4709 -

268 4757 289 4821 ⁶)
307 4755 373 4808 bec
391 4759 466 4808 Inter
483 4768 623 4809 ceterorum
641 4765 858 4811 errrurreratioucm.
900 4756 1007 4810 Clarior
1025 4758 1098 4810 esset
1115 4755 1253 4811 sententia
1272 4754 1300 4808 iri
1316 4753 1380 4807 hunc
1394 4761 1438 4802 mir

201 4835 277 4890 dum:
307 4843 338 4890 In
357 4846 521 4893 enarratione
538 4851 707 4907 pcccatorum,
726 4845 815 4909 quibas
831 4848 921 4908 plenas
939 4845 1051 4910 Spiritus
1064 4846 1113 4895 aa·
1127 4845 1257 4910 propbeta
1273 4837 1351 4909 (Pal.
1364 4844 1399 4897 50,
1408 4834 1441 4887 15¹¹

201 4928 307 4975 diuinam
326 4927 375 4975 siti
390 4931 499 4991 gratiam
517 4946 547 4977 ac
565 4930 764 4978 ariamirarrtiam
782 4932 913 4988 conciliat,
933 4933 1000 4980 iuter
1018 4947 1049 4980 ea
1067 4927 1119 4980 ete.
