3204 5506
218 326 282 392 960
662 340 690 389 ε.
706 338 913 389 uonmsnau
935 338 1050 386 raras

111 508 205 559 asel.
221 494 405 559 ventoribus
426 496 495 558 tam
517 493 729 558 nefandorum
751 492 937 578 dogmatum
960 491 1190 557 convenientia
1216 491 1254 556 in
1282 513 1384 556 unum
1409 514 1491 576 syno

218 597 291 661 dica
313 596 442 661 decreta
462 589 666 681 presserunt,
695 618 756 661 nee
778 595 912 659 ulterius
934 593 1090 658 remansit
1111 594 1205 660 locus
1226 594 1316 659 ullus
1337 595 1404 657 tarn
1424 595 1491 659 diris

218 697 371 783 perfidiae
394 698 569 762 seminibus
593 698 777 781 amputatis,
802 699 858 760 aut
880 695 1044 761 Christum
1064 694 1244 762 Dominum
1266 698 1414 761 nostrum
1434 719 1491 761 cre

218 799 293 864 dere
322 799 392 864 sine
422 800 528 864 carnis
557 799 656 863 fuisse
683 799 834 881 veritate,
870 800 926 862 aut
953 797 1098 862 eumdem
1132 820 1202 863 non
1236 799 1305 885 εἴθ)
1334 798 1435 864 Deum
1463 802 1491 863 et

218 900 380 966 hominem
402 901 441 966 de
463 901 602 966 materni
630 900 713 965 uteri
743 901 933 965 intemereta
958 899 1159 966 fecunditate
1187 900 1367 986 prodiisse:
1403 922 1490 986 quum

218 1003 300 1068 alter
322 1025 430 1069 eorum
446 1003 717 1087 dispensationem
740 1025 802 1086 qua
824 1002 940 1067 salvati
963 1023 1071 1067 sumus
1092 1003 1258 1089 negando,
1284 1005 1440 1088 quantum
1459 1004 1489 1068 in

218 1126 252 1169 se
278 1108 343 1189 est,
374 1105 498 1169 irritam
520 1106 660 1187 faceret,
691 1104 772 1168 alter
794 1104 946 1188 opinione
969 1104 1132 1171 contraria
1153 1104 1211 1168 sed
1232 1104 1405 1188 impietate
1425 1127 1489 1169 con·

218 1207 315 1271 simili
337 1207 372 1271 in
395 1206 504 1271 eodem
527 1206 664 1270 Domino
693 1210 803 1270 nostro
825 1206 903 1271 Jesu
926 1205 1053 1297 Christo
1079 1208 1280 1322 potestatem
1308 1207 1448 1271 divinam
1471 1230 1487 1270 a

217 1330 293 1373 vera
315 1307 530 1392 humilitatel)
554 1306 746 1372 secluderet·
718 1312 873 1393 t,neque
895 1307 949 1373 ille
972 1308 1175 1391 recordatus,
1199 1309 1278 1393 quia
1300 1309 1486 1394 palpandam

115 1384 204 1520 ,12⁰3ss
218 1432 348 1475 carnem
370 1432 460 1474 suam
483 1409 592 1475 Christ
577 1412 629 1473 tus
652 1356 793 1473 osteridit
779 1414 930 1524 tneque
952 1410 1007 1475 ille
1029 1410 1191 1495 evangelii
1212 1432 1340 1475 memor
1354 1409 1485 1475 Verbum

65 1493 206 1588 Joh.1',14
218 1535 347 1577 carnem
368 1512 491 1576 factum
515 1533 582 1576 esse
605 1510 759 1594 dicentis,
790 1511 839 1576 cui
863 1534 925 1576 vox
945 1511 1076 1576 Domini
1097 1510 1356 1577 indeficienter'
1346 1535 1484 1578 rnsouare

65 1621 127 1677 Joh
132 1629 156 1689 3,
163 1628 203 1678 13.
217 1614 380 1696 debuerat,
402 1635 465 1697 qua
487 1613 607 1677 dixit
608 1613 768 1678 tdocuit.
802 1618 895 1678 Nemo
922 1618 1092 1679 ascendit
1080 1634 1112 1676 εει
1139 1619 1273 1691 coetum,
1304 1621 1368 1680 ειεέεϊ
1385 1623 1437 1694 qui
1452 1621 1485 1679 de

216 1723 300 1781 coeto
321 1721 475 1781 descendit
496 1720 594 1780 Fitius
615 1720 743 1780 hominis
765 1722 882 1793 quiesi
903 1722 934 1780 in
957 1721 1049 1781 cocta.
1095 1713 1198 1799 Saepe
1220 1713 1303 1780 haec
1331 1721 1365 1781 et
1385 1716 1483 1782 multis

216 1817 510 1903 praecedentiuml)
543 1820 619 1882 sunt
651 1816 882 1900 comprehensa
913 1816 1098 1899 sententiis3
1134 1815 1193 1880 sed
1225 1839 1289 1880 nec
1323 1817 1483 1883 clementis

216 1922 339 2003 vestra,
367 1919 444 1984 licet
468 1919 538 2004 jam
566 1919 652 1982 dicta
680 1917 762 2001 sint,
790 1918 956 1982 fastidiose
982 1917 1102 2001 poterit
1122 1918 1266 2001 repetita
1289 1941 1481 2005 cognoscere,

216 2042 277 2086 nec
297 2021 391 2086 nobis
413 2021 515 2106 pudor
537 2024 596 2104 est,
621 2042 658 2084 ea
680 2040 762 2104 quae
784 2023 861 2084 sunt
882 2018 1214 2104 apraedeoessoribus
1230 2021 1355 2085 nostris
1371 2021 1482 2106 praedi·

217 2126 290 2187 cata
310 2122 483 2187 revolvere.
528 2121 641 2207 Neque
664 2122 751 2186 enim
773 2121 924 2206 possibile
947 2124 1012 2205 est,
1041 2124 1078 2185 ut
1099 2121 1143 2185 sit
1168 2122 1344 2188 diversitas
1371 2123 1482 2208 praedi·

217 2224 365 2310 cationis,
388 2224 444 2290 ubi
466 2246 532 2288 una
554 2227 604 2288 est
624 2223 729 2288 forma
750 2223 912 2307 veritatis3
934 2245 995 2288 nee
1017 2222 1058 2286 ab
1073 2244 1108 2287 re
1119 2222 1323 2306 judicabitur
1342 2225 1480 2309 alienum,

216 2326 339 2392 sicum
360 2326 422 2410 his,
447 2348 519 2391 cum
541 2324 656 2410 quibus
681 2326 888 2391 convenimus
915 2325 993 2408 fide,
1026 2345 1241 2409 congruamus
1268 2330 1304 2391 et
1332 2327 1481 2413 dogmate.

216 2428 436 2493 Revolvuntur
457 2427 519 2511 piis
542 2428 799 2492 mansuetudinis
820 2430 945 2491 vestrae
968 2427 1097 2491 auribus
1119 2426 1251 2492 decreta
1278 2429 1431 2513 synodica
1455 2433 1482 2493 et

216 2531 304 2595 beati
325 2553 429 2615 papae
451 2529 567 2594 Leonis
591 2530 816 2595 convenientia
844 2550 953 2594 sacrae
980 2527 1054 2594 fidei
1083 2529 1278 2595 constituta:
1309 2531 1419 2596 eadem
1440 2531 1481 2596 iu·

216 2632 351 2697 venietis
372 2632 409 2696 in
435 2631 514 2714 illis,
545 2653 625 2717 quae
653 2632 826 2696 recensetis
834 2632 860 2717 l)
887 2631 924 2696 in
950 2631 1079 2696 nostris.
1124 2629 1208 2706 Quid
1237 2653 1318 2718 ergo
1345 2637 1394 2699 est
1419 2637 1482 2719 post

215 2733 307 2799 illurn
328 2733 452 2798 fontem
475 2733 617 2798 fidelium
639 2738 832 2798 statutorum
851 2732 968 2819 quedl)
992 2733 1144 2818 amplius,
1169 2733 1197 2799 si
1212 2737 1326 2799 tamen
1341 2735 1414 2801 fidei
1427 2739 1481 2800 ter·

215 2836 320 2901 minos
347 2838 469 2920 servat,
497 2835 674 2920 quamlibet
701 2837 843 2900 curiosus
870 2838 1029 2900 scrutator
1057 2835 1224 2919 inquirat?
1273 2835 1385 2924 Nom)
1411 2859 1480 2922 opus

216 2970 288 2977 ...-
298 2969 521 2975 ....-......-...—.

284 3027 304 3093 ⁸)
323 3027 349 3078 θ’
367 3039 425 3092 seq.
446 3023 535 3077 omiti.
555 3035 587 3077 et.
624 3023 689 3080 Mox
706 3022 743 3076 Hl
761 3028 876 3092 opinioni
891 3043 962 3077 omne
979 3027 1118 3077 contraria.

282 3111 303 3178 ⁴)
321 3109 422 3164 JOcc
438 3113 599 3170 trimanitate,
618 3107 776 3162 concinnius
794 3106 828 3162 G¹
842 3107 868 3161 H
879 3107 908 3160 h¹
927 3112 1078 3167 humilitas,-
1095 3108 1128 3162 ut
1145 3107 1311 3163 omnimoda
1322 3109 1359 3163 sit
1371 3109 1475 3164 autithe

215 3195 252 3248 sis
272 3211 334 3249 cunr
354 3204 493 3262 potestate,
516 3192 561 3246 hic
583 3193 613 3246 ei
633 3192 708 3247 infra
724 3211 751 3246 n.
770 3198 787 3246 4
804 3192 879 3247 idem
899 3191 1022 3246 Christus
1043 3197 1167 3246 tramittens
1186 3205 1212 3247 et
1230 3200 1357 3261 rnnjeetas
1379 3193 1476 3265 praedi-

100 3300 103 3305 ·
216 3281 301 3334 eatur.
333 3278 509 3347 Quamquam
521 3277 669 3345 utrobique
686 3282 811 3332 humilitas
823 3277 974 3331 humanam
985 3279 1116 3331 naturam
1127 3279 1221 3345 sonat,
1240 3278 1315 3333 sicut
1331 3281 1361 3334 et
1376 3291 1476 3348 potenter

215 3366 264 3419 aut
281 3371 403 3432 majestas
426 3363 556 3418 divinam.
593 3363 638 3417 Ita
657 3362 715 3417 Leo
734 3379 815 3418 serm.
835 3362 847 3415 I
864 3363 893 3415 in
910 3362 995 3417 natal.
1015 3361 1094 3416 Dom.
1115 3361 1184 3416 dicit
1205 3381 1232 3416 n.
1252 3370 1282 3417 4:
1315 3368 1374 3419 ᾱεει
1395 3371 1476 3420 seesi-

214 3456 276 3505 eimo
294 3455 365 3504 laste
383 3468 432 3503 non
450 3455 476 3502 in
493 3469 541 3503 sua
557 3454 693 3516 majestate
710 3453 759 3502 red
775 3453 800 3501 in
819 3458 908 3501 nostra
926 3452 1091 3516 conpreditur
1107 3451 1256 3502 humilitate.

283 3537 304 3603 ⁶)
321 3534 360 3588 Η8
376 3539 577 3603 praedicentium
593 3545 652 3588 rant
670 3536 917 3601 comprehenderam
940 3548 1059 3601 moxque
1076 3530 1105 3584 h¹
1119 3529 1140 3584 ἰ2
1157 3552 1302 3602 apaoseere
1320 3534 1368 3604 (11⁸
1383 3535 1409 3589 J¹
1425 3554 1473 3602 coq-

215 3622 344 3688 noscere),
364 3624 390 3675 c⁷
407 3636 464 3688 seq.
484 3641 500 3672 a
518 3622 694 3673 decessoribus
761 3622 906 3686 praedicta.
941 3615 1049 3671 Deinde
1067 3615 1109 3670 ed.
1129 3623 1313 3675 conveniemus.

281 3708 303 3774 θ)
322 3704 356 3760 G¹
370 3705 396 3758 H
407 3705 436 3759 h¹
449 3703 470 3757 i¹
488 3709 638 3766 recensetis,
656 3703 673 3756 J
677 3705 683 3738 ¹
702 3708 878 3769 recesseritis,
897 3701 931 3757 al
951 3707 1140 3759 recensueritis.

282 3793 303 3858 ⁷)
322 3789 356 3845 G'
370 3793 397 3844 ει·
410 3795 465 3860 qui,
484 3790 518 3843 al.
531 3795 599 3860 quia.
637 3787 759 3842 Subinde
778 3790 805 3842 a'
820 3791 846 3842 c⁸
863 3803 920 3857 seq.
935 3793 1000 3855 fidei
1017 3793 1159 3848 terminum:
1178 3789 1361 3859 corriguntur
1377 3806 1472 3846 exure

214 3877 243 3930 et
260 3875 288 3929 h¹
303 3874 331 3929 i2.

282 3964 303 4030 ⁸)
321 3959 356 4014 G¹
369 3962 396 4015 a¹
410 3962 436 4014 c‘
455 3981 505 4016 sorr
522 3980 604 4029 opera
621 3971 666 4013 aut
681 3964 838 4014 institutione
854 3962 992 4027 perfectis,
1017 3960 1043 4013 (ε8
1056 3961 1082 4012 c'
1094 3959 1132 4012 0¹⁰
1148 3969 1195 4012 aut
1216 3978 1299 4028 opere
1320 3973 1364 4015 aut
1385 3967 1471 4016 iestis·

214 4050 281 4100 tione
298 4049 451 4114 perfectius,
475 4047 504 4101 ei
520 4044 549 4099 in
567 4062 655 4114 marg.
674 4065 723 4100 nori
745 4064 809 4113 opas
831 4055 876 4098 aut
898 4048 1044 4111 adjectione
1065 4047 1166 4112 pierias
1184 4055 1228 4096 aar
1251 4050 1408 4101 institutione
1423 4065 1472 4114 pet·

211 4135 312 4197 tectim.
349 4132 372 4183 ε1
386 4129 414 4183 h'
435 4147 498 4184 cum
515 4131 601 4184 ΗΘΗ9
614 4130 701 4184 H¹⁰J²
720 4132 748 4184 et
768 4136 798 4183 12
816 4146 879 4184 msa.
899 4132 939 4183 a³z
976 4133 1033 4183 Non
1056 4148 1120 4197 opus
1142 4139 1188 4181 aut
1208 4134 1361 4197 adiectione
1378 4130 1421 4198 (lll
1435 4133 1473 4184 at·

207 4217 335 4284 jectione)
352 4219 433 4284 plebis
455 4228 499 4269 aut
521 4221 678 4270 institutione
696 4219 833 4282 perfectis,
856 4213 905 4268 ubi
924 4231 986 4268 cum
1004 4216 1030 4268 c²
1042 4212 1104 4268 u⁸i²
1126 4212 1188 4268 loco
1209 4218 1294 4282 plebis
1317 4215 1472 4271 restit-irim

211 4306 303 4369 pteris.
339 4299 463 4354 Similem
480 4300 580 4355 Leonis
599 4316 692 4370 papae
714 4299 751 4354 ud
767 4299 889 4353 Leonem
907 4300 1063 4368 Augustum
1084 4313 1136 4367 pro
1158 4298 1221 4368 ipso
1241 4300 1359 4357 concilio
1376 4300 1473 4356 carne

213 4384 328 4439 donensi
344 4384 537 4455 respondentis
555 4384 721 4440 sententiam
739 4384 885 4438 Facundus
902 4383 950 4437 lib.
969 4390 984 4436 2
1003 4400 1062 4452 cap.
1082 4387 1098 4436 6
1115 4381 1215 4437 laudat
1232 4383 1276 4438 his
1293 4385 1386 4441 verbis
1401 4402 1472 4440 emm

213 4470 323 4525 liciam:
347 4475 477 4538 Persectio
501 4478 677 4525 incrementum
700 4481 726 4523 et
748 4475 916 4538 adjectiorem
937 4473 1078 4537 plenitudo,
1092 4488 1142 4523 nore
1165 4474 1269 4538 recipit.
1311 4469 1367 4527 Sed
1387 4475 1414 4526 et
1427 4470 1471 4524 hos

211 4555 303 4625 ipsum
319 4555 393 4611 idem
411 4572 488 4626 papa
505 4556 541 4610 sd
559 4556 687 4611 eumdem
710 4556 909 4627 imperatorem
926 4554 1010 4609 variis
1027 4553 1163 4624 epistolis,
1186 4558 1259 4625 puta
1278 4563 1336 4625 tls,
1355 4563 1409 4625 les,
1425 4560 1471 4619 rte,

213 4645 261 4692 162
280 4642 309 4694 et
329 4647 376 4694 lit
398 4640 537 4696 inculcare
561 4658 616 4695 non
634 4640 743 4696 desinit.
777 4642 853 4696 Haec
875 4639 1024 4694 Hormisda
1047 4638 1179 4695 adversae
1196 4638 1319 4710 Scythas
1336 4639 1470 4699 mouths·

212 4723 363 4792 eloquitur,
387 4725 435 4795 qui
453 4726 683 4781 Calchedoncnsis
706 4726 804 4796 synodi
822 4725 1023 4793 definitionem,
1046 4724 1098 4778 uisi
1115 4724 1142 4779 ei
1164 4723 1339 4796 adjiceretur
1358 4747 1426 4782 m
1441 4743 1470 4778 es

215 4811 339 4863 Trinitate
356 4831 406 4878 pro
425 4817 496 4867 notris
513 4819 660 4881 crucifixum
679 4833 746 4880 essa,
764 4811 957 4883 imperfectam
970 4809 1110 4866 volebant
1139 4809 1320 4882 Quamquam
1338 4825 1469 4870 eorum&

212 4891 324 4947 ciasac
347 4895 426 4949 facile
448 4897 576 4966 princeps
594 4897 734 4952 Jolrannes
752 4897 907 4952 Maxentius
929 4898 956 4951 in
980 4895 1153 4952 confessione
1176 4895 1213 4951 de
1233 4896 1346 4955 Christo
1366 4899 1469 4969 quara
