3204 5506
514 377 709 427 seisoonsn
732 361 891 439 93-95.‘,
974 414 979 425 .

561 565 744 670 Epistola
769 565 828 649 s5.

1340 696 1468 765 (asisd.

253 723 465 790 Hormisdao
487 737 598 805 papae
622 720 667 787 ad
689 719 938 786 Justiulauum
960 702 1149 785 comitem.⁸
1345 765 1459 835 ,Sem

10 861 41 910 4·
92 865 168 916 Illius
185 866 292 915 studium
309 880 372 930 erpa
389 864 587 914 ecclesiasticum
603 876 692 926 pacem
708 861 804 912 laudat.
835 860 870 911 Ut
881 859 966 918 Elias,
988 859 1097 910 Ttomcc
1115 865 1140 909 et
1154 858 1298 909 Nicostrati

409 950 578 1014 patrocinium
595 949 731 1012 suscipiat,
749 949 827 996 enixe
840 951 974 1011 precatur.

213 1082 423 1147 Hormisda
443 1082 465 1146 J
472 1080 683 1146 ustiniauo
704 1079 908 1165 illustri¹).

149 1203 178 1267 1.
219 1201 367 1267 Studium
394 1205 535 1267 vestrum
564 1222 642 1286 erga
670 1199 920 1264 ecclesiasticam
952 1220 1065 1283 pacem
1098 1200 1131 1261 et
1163 1197 1332 1261 damnatos

56 1305 242 1370 haereticae
270 1304 486 1368 contentionis
515 1325 636 1377 errores
663 1302 742 1386 ipsis
770 1324 875 1366 rerum
904 1300 1068 1366 effectibus
1101 1299 1332 1383 approbamus,

58 1408 154 1491 cujus
175 1429 231 1471 vos
258 1407 363 1490 operis
391 1427 512 1490 magna
537 1406 756 1488 immensaque
784 1404 854 1468 sine
883 1403 979 1468 dubio
1006 1423 1128 1467 marces
1155 1403 1330 1485 exspectat.

57 1509 149 1575 Hinc
170 1511 235 1592 est,
264 1508 347 1592 quod
369 1508 522 1592 quidquid
543 1529 602 1591 pro
631 1528 789 1571 canonum
816 1505 969 1570 firmitate
996 1508 1029 1569 et
1055 1527 1113 1588 pro
1141 1502 1333 1587 apostolicae

58 1611 146 1676 sedis
169 1609 348 1674 reverentia
369 1610 584 1674 necessarium
607 1610 804 1692 duxerimus,
833 1606 1052 1694 magnitudini
1074 1609 1199 1671 vestrae
1221 1627 1333 1670 secura
1363 1626 1369 1638 ·

57 1712 281 1798 peragendum
308 1712 455 1795 protinus
481 1711 742 1795 praesumptione
770 1711 959 1775 mandamus
966 1760 975 1793 ,
1010 1709 1085 1794 quis
1112 1731 1184 1773 cum
1214 1729 1334 1793 magno

56 1837 118 1880 vos
141 1814 258 1899 gaudio
281 1836 338 1898 pro
367 1814 470 1878 causis
496 1814 615 1877 talibus
643 1816 772 1897 sperata
799 1813 977 1897 suscipere,
1006 1810 1198 1894 multiplicia
1224 1810 1333 1895 hujus-

36 1917 148 1981 ·modi
170 1916 316 1999 exempla
336 1918 508 1980 testantur.
554 1915 659 1990 Quare
682 1916 806 1980 omissis
828 1916 863 1979 in
885 1915 983 1999 longa
1007 1912 1193 1978 circuitione
1215 1912 1333 1997 princi·

57 2018 125 2105 piis
147 2018 188 2082 ad
210 2039 277 2082 rem
300 2017 402 2101 ipsam
424 2018 603 2101 praesentis
624 2018 765 2102 paginae
787 2017 884 2081 verba
908 2017 1130 2081 convertimus.

147 2119 179 2184 2.
213 2119 337 2183 Moeret
356 2118 513 2202 Ecclesia,
541 2123 573 2183 et
595 2120 628 2183 in
650 2141 770 2204 magno
797 2118 923 2184 votivae
951 2119 1088 2183 unitatis
1115 2117 1243 2182 exordio
1270 2118 1332 2182 frui

58 2222 221 2308 praestita
242 2243 308 2286 non
330 2225 437 2305 potest
462 2242 520 2305 pro
547 2222 642 2285 unius
671 2243 784 2285 causae
812 2220 987 2285 afflictione
1015 2219 1156 2285 laetitia:
1185 2219 1270 2284 hanc
1298 2222 1334 2284 ut

58 2325 155 2390 nobis
178 2322 425 2388 sollicitudinem
439 2324 596 2388 beneficia
618 2325 723 2387 vestra
738 2323 959 2406 submoveant,
982 2344 1049 2387 non
1064 2322 1171 2407 parvis
1186 2321 1334 2406 precibus

58 2447 242 2491 exoramus.
286 2426 391 2511 Angit
412 2448 471 2489 nos
494 2426 580 2490 enim
602 2429 635 2490 et
657 2446 808 2510 praesens
830 2425 919 2490 dolor
941 2429 974 2489 et
1000 2425 1182 2489 futurorum
1209 2424 1334 2489 occasio

60 2530 237 2614 procurata
266 2529 493 2611 certaminum,
528 2549 702 2613 perquam
730 2530 763 2591 et
787 2527 1020 2592 venerabilium
1047 2529 1175 2611 patrum
1203 2525 1334 2610 regulae

57 2630 289 2716 negliguntur,
318 2634 351 2694 et
372 2630 567 2714 spostolicae
589 2630 672 2694 sedis
695 2633 829 2714 putatur
850 2630 1139 2713 auctoritasposse
1163 2629 1334 2694 contemni.

59 2731 267 2816 Numquam
289 2733 398 2796 <livino
421 2732 722 2816 clementissimique
744 2733 900 2816 principis
920 2731 1077 2796 beneficio
1099 2731 1153 2795 sed
1176 2734 1209 2795 et
1229 2734 1335 2795 vestro

58 2834 159 2899 simu]
181 2833 301 2898 adnixu
322 2835 356 2898 hi
378 2835 439 2898 soli
461 2834 633 2899 credantur
654 2856 723 2898 esse
745 2835 915 2918 pontifices
937 2837 970 2898 et
988 2835 1061 2918 jure
1083 2834 1234 2898 ecclesias
1261 2855 1335 2898 con·

58 2937 177 3019 tinere,
202 2936 255 3021 qui
278 2936 318 3001 ad
342 2937 597 3001 communionem
619 2939 763 3000 nostram
785 2936 946 3000 damnatis
968 2935 1126 2999 erroribus
1142 2937 1245 3000 redire
1261 2957 1335 3000 con-

60 3039 224 3103 sentiunt:
251 3038 358 3121 Elias,
388 3038 538 3103 Thomati
566 3040 662 3122 atque
684 3038 868 3102 Nicostrato
895 3037 1051 3101 iratribus
1079 3042 1111 3101 et
1139 3038 1335 3123 coepiscopis

59 3141 193 3223 uostris,
217 3141 271 3224 qui
293 3140 412 3205 bouum
436 3163 549 3205 causae
573 3141 670 3205 etiam
686 3140 745 3204 sub
761 3141 893 3203 adverso
910 3139 1103 3222 imperatore
1119 3138 1233 3203 dedere
1247 3140 1335 3224 prin-

60 3242 193 3327 cipium,
217 3264 284 3306 non
306 3242 409 3307 solum
423 3242 506 3306 nihil
529 3243 568 3306 ad
583 3246 767 3326 provectum
783 3242 867 3306 bona
883 3241 988 3305 studia
1003 3241 1202 3326 profueumt,
1225 3263 1335 3306 verum

59 3345 162 3410 etiam
186 3333 320 3408 collatae
342 3345 404 3409 sibi
426 3344 599 3408 aDomino
618 3344 763 3408 obtinere
785 3345 949 3428 nequeunt
971 3343 1078 3408 officia
1098 3343 1278 3429 dignitatis,
1303 3348 1335 3408 et

59 3449 206 3513 extorres
229 3469 248 3510 a
271 3447 446 3511 commissis
469 3447 530 3510 sibi
553 3446 706 3531 gregibus
729 3446 835 3511 subire
859 3448 1018 3530 cogomtur
1037 3446 1181 3510 miserias
1204 3445 1335 3510 damna-

58 3554 178 3615 torum.
230 3547 431 3632 Quapropter
457 3570 647 3633 quaesmnus
676 3552 708 3612 et
737 3569 794 3632 per
821 3547 964 3612 divinam
996 3569 1052 3611 vos
1084 3548 1335 3612 miscricordiam

58 3653 272 3734 obtestamur,
301 3654 338 3714 ut
360 3672 469 3714 eorum
492 3673 616 3733 causae,
643 3671 724 3735 quae
743 3651 833 3734 justa
854 3653 913 3734 est,
937 3672 1096 3715 summum
1118 3649 1334 3734 patrocinium

59 3757 95 3819 et
115 3752 271 3838 probatae
294 3753 474 3817 vivacitatis
503 3752 696 3837 impendatis
725 3753 891 3835 affectum,
920 3752 1055 3836 piissimi
1071 3753 1232 3837 principis
1260 3752 1334 3817 hsc-

57 3855 197 3942 rendo²)
219 3855 382 3939 vestigiis:
411 3859 568 3939 quatenus
591 3878 644 3920 eos
666 3856 799 3920 tandem
821 3855 886 3919 suis
909 3855 1051 3919 ecclesiis
1074 3858 1107 3919 et
1128 3855 1259 3939 pietatis
1286 3854 1334 3919 in-

57 3958 148 4023 tuitu
176 3959 208 4020 et
234 3957 381 4040 justitiae
410 3958 681 4042 contemplatione
708 3959 873 4039 restituat,
903 3958 978 4042 quia
1006 3957 1041 4020 in
1068 3957 1195 4021 illorum
1224 3961 1334 4022 contu-

56 4059 192 4141 melia3)
220 4059 260 4123 ab
282 4059 422 4125 inimicis
451 4060 603 4124 asseritur
630 4062 776 4144 optatum
804 4062 935 4125 nostrae
964 4058 1196 4124 communionis
1226 4059 1333 4143 displi-

57 4163 167 4229 cuisse
190 4161 394 4226 consortium.
1148 4168 1151 4179 '

54 4408 92 4458 95
132 4402 151 4468 ¹)
170 4399 221 4453 Ed.
240 4405 295 4453 otro
313 4405 420 4461 illustri·
438 4417 491 4454 vox
508 4406 562 4454 uiro
581 4400 741 4454 constanter
759 4399 839 4453 abest
853 4416 871 4454 a
883 4398 926 4454 (³¹.

129 4488 151 4553 ¹)
170 4485 231 4539 Hoc
249 4486 291 4539 est
308 4483 425 4540 demisse
444 4503 477 4540 ac
495 4485 657 4555 suppliciter
675 4502 738 4538 eum
756 4484 905 4539 exorando.

129 4574 151 4639 ¹)
172 4573 198 4625 c⁶
216 4586 273 4638 seq.
292 4577 471 4627 contumeliam.
511 4568 625 4623 Rectius
643 4569 677 4623 G¹
691 4573 717 4624 a¹
737 4576 894 4625 contumelia.
934 4569 994 4624 Hoc
1012 4569 1086 4623 enim
1104 4568 1156 4623 sibi
1173 4569 1247 4624 vult:
1271 4584 1334 4623 con-

53 4655 180 4712 tumelia
197 4654 258 4720 illa,
278 4671 334 4724 qua
352 4672 369 4708 a
387 4654 499 4709 sedibus
518 4655 573 4709 suis
591 4655 714 4708 extorres
731 4655 875 4715 tenentur,
900 4651 1072 4708 occasionem
1090 4653 1164 4719 dari,
1188 4671 1244 4721 qua
1261 4653 1334 4708 sedis

54 4738 235 4813 apostolicae
253 4738 406 4794 adversarii
420 4738 565 4809 jactitent,
584 4738 783 4794 communionis
802 4738 862 4810 ejus
880 4738 916 4795 sb
933 4736 988 4793 illis
1001 4741 1146 4811 susceptae
1160 4737 1333 4810 displicuisse

54 4821 242 4882 consortium.
