3224 5506
143 338 205 403 524
617 353 644 402 s.
663 352 803 401 bnassu
825 351 938 399 ruera

1426 390 1465 467 l

143 510 197 573 sed
225 507 285 572 hoc
312 517 442 592 propter
471 507 605 571 crimina
633 507 799 588 derelicto,
835 505 1041 570 Antiochiam
1068 506 1207 592 fugisse3
1242 507 1287 571 ibi
1313 506 1385 592 pulso

142 610 297 694 Martyrio
327 607 483 673 catholico
510 608 659 693 episcopo
690 630 747 693 per
775 607 958 671 vilissimum
988 608 1142 693 populum
1170 612 1204 673 et
1230 608 1392 675 haereticos

143 714 250 778 sedem
272 712 372 796 ipsius
395 733 580 795 occupasse,
614 711 827 794 continuoque
849 711 1036 774 damnatum
1063 711 1104 774 ab
1132 711 1291 799 episeopis
1313 715 1396 797 atque

144 840 162 878 u.
183 814 289 878 Leone
311 814 503 896 imperatore
526 813 643 878 Oasam
666 813 882 897 deportatum:
909 813 963 897 qui
986 814 1115 898 fugiens
1136 813 1270 878 rediisse
1293 813 1402 879 dicitur

143 914 455 998 Constantinopolim
488 917 520 979 et
553 917 675 980 dedisse
708 916 817 998 fidem,
855 919 892 978 ut
931 914 1101 999 compulsis
1140 915 1276 980 ulterius
1308 916 1407 980 turbis

87 1024 93 1033 “
142 1019 225 1084 nihil
246 1019 352 1082 facere
376 1017 515 1082 auderet.
562 1017 633 1101 Sed,
658 1019 739 1082 sieut
761 1018 905 1101 superius
929 1018 1131 1095 dictumest,
1160 1015 1313 1083 Basilisci
1334 1022 1412 1083 tem-

143 1121 272 1205 poribus
295 1143 313 1183 a
336 1119 502 1184 Timotheo
525 1120 579 1185 illo
602 1120 762 1202 damnato,
786 1120 841 1204 qui
864 1118 1179 1205 Constantinopolim
1202 1122 1351 1203 venerat,
1375 1120 1414 1184 ad

144 1223 350 1288 Antiochiam
373 1222 523 1287 remissus
545 1227 603 1304 est,
631 1227 668 1286 ut
689 1222 805 1286 iterum
827 1222 893 1285 illic
917 1221 1135 1307 episcopatum
1158 1225 1301 1287 teneret.
1347 1221 1419 1299 Quo

142 1327 228 1390 facto
256 1325 340 1389 idem
367 1325 436 1408 ipse
459 1323 573 1388 Petrus
600 1324 798 1407 Johannem,
829 1324 867 1388 de
896 1346 958 1409 quo
986 1325 1123 1389 diximus
1147 1325 1310 1391 Acacium
1333 1330 1420 1391 retu·

142 1429 234 1510 lisse,
265 1427 392 1491 ordinat
415 1428 591 1509 Aparnenis
621 1427 813 1512 episcopum.
860 1430 886 1490 A
912 1427 1025 1512 quibus
1054 1449 1120 1491 non
1148 1430 1305 1512 receptus
1334 1428 1423 1493 redit

143 1528 366 1610 Antiochiam,
399 1531 431 1592 et
453 1527 585 1593 Petrum
613 1531 815 1614 episcopatus
843 1531 890 1594 sui
919 1530 1012 1613 pellit
1038 1533 1202 1594 auctorem
1233 1534 1269 1595 et
1292 1531 1426 1596 invadit

144 1634 212 1716 ejus
236 1631 412 1696 ecclesiam.
458 1630 543 1707 Quos
566 1633 660 1695 simul
683 1633 850 1696 damnatos
878 1633 993 1696 iterum
1016 1632 1096 1696 dicit
1118 1631 1274 1716 Aeacius,
1305 1636 1426 1718 petens

144 1735 352 1819 apostolicam
382 1733 503 1815 sedem,
538 1738 575 1797 ut
601 1735 628 1797 si
656 1735 696 1798 ad
724 1735 867 1799 eamdem
894 1736 978 1798 forte
1006 1735 1238 1819 confugerent,
1277 1757 1324 1800 ne
1355 1735 1429 1820 ipso

143 1838 269 1922 quidem
291 1835 486 1900 haberentur
508 1837 597 1920 digni
621 1836 784 1920 adspectu,
818 1841 851 1901 et
872 1837 899 1901 si
918 1837 987 1920 jam
1010 1837 1150 1921 aliquam
1173 1837 1430 1923 indulgentiam

142 1939 278 2003 forsitan
301 1938 544 2022 impetrassent,
568 1939 692 2003 irritam
715 1961 782 2003 esse
805 1939 934 2015 debere,
962 1961 1023 2004 nee
1045 1961 1152 2003 eorum
1176 1940 1430 2025 poenitentiam

142 2040 358 2125 recipiendam
382 2062 459 2105 esse.
494 2039 576 2116 Quid
599 2041 723 2106 multa?
755 2041 852 2106 Hunc
873 2041 979 2125 ipsum
999 2041 1196 2124 Johauuem,
1221 2064 1327 2127 quem
1344 2044 1428 2110 Aca·

144 2143 210 2208 eius
233 2165 305 2207 cum
325 2142 422 2208 Petro
445 2143 653 2208 damnaverat
676 2148 708 2209 et
730 2144 799 2208 sine
822 2144 1040 2229 poenitentiae
1062 2143 1206 2208 remedio
1228 2144 1367 2211 fecerat
1389 2146 1429 2210 ab

144 2245 320 2329 apostolica
351 2245 424 2309 sede
452 2246 613 2329 damnari,
645 2251 718 2330 post
746 2249 795 2310 tot
817 2247 1038 2310 damnationes
1060 2245 1233 2330 Tyriorum
1258 2247 1359 2313 misit
1381 2270 1428 2313 ec·

145 2347 260 2412 clesiae
282 2347 472 2431 praesidere.

228 2451 258 2515 8.
301 2449 385 2514 Nam
413 2450 497 2534 quod
524 2450 603 2514 dicit
630 2451 767 2515 Aeacius
795 2451 925 2516 Petrum
953 2452 1044 2515 illum
1073 2450 1346 2518 Alexandrinum
1375 2453 1426 2519 ob·

144 2553 210 2615 lata
244 2551 400 2636 petitione
428 2551 665 2636 Eutychianam
697 2552 852 2618 haeresim
886 2553 936 2617 vel
969 2552 1198 2618 Nestoriarram
1233 2553 1424 2639 damnasse,

143 2653 204 2718 hoc
233 2653 395 2718 evidenter
423 2654 576 2736 probatur·
604 2677 671 2719 esse
698 2657 915 2720 falsissimum.
968 2654 1052 2720 Nam
1084 2677 1167 2740 quae
1199 2678 1307 2722 causa
1336 2658 1425 2742 fecit,

143 2758 179 2819 ut
206 2756 240 2820 in
269 2754 453 2839 episcopatu
482 2778 538 2820 suo
566 2758 686 2841 synodo
709 2756 960 2823 Calchedonensi
994 2757 1044 2821 vel
1071 2760 1158 2822 torno
1189 2763 1334 2826 sanctae
1362 2782 1426 2826 mc

143 2857 263 2922 moriae
285 2879 387 2941 papae
409 2857 524 2922 Leonis
547 2859 668 2923 diceret
690 2860 884 2923 anathema?
926 2859 1014 2934 Quae
1037 2880 1133 2924 causa
1154 2861 1257 2944 feeit,
1291 2867 1330 2928 ut
1353 2863 1424 2929 sub·

143 2961 209 3024 lato
236 2960 365 3024 nomine
394 2958 529 3024 Proterii
558 2962 606 3025 vel
636 2962 794 3026 Timothei
829 2961 975 3027 catholici
1008 2962 1155 3027 Dioscori
1190 2966 1224 3028 ct
1256 2964 1424 3032 Timothei

143 3061 295 3128 haeretici
318 3084 435 3126 nomen
457 3063 675 3129 adscriberet?
718 3062 805 3139 Quae
829 3086 924 3129 causa
945 3065 1036 3147 fecit,
1070 3065 1097 3128 si
1126 3065 1316 3132 catholicus
1340 3072 1422 3152 erat,

142 3169 179 3230 ut
200 3164 360 3229 Timothei
383 3165 531 3230 catholici
555 3187 668 3251 eorpus
690 3166 788 3230 desub
809 3170 897 3231 terra
919 3166 1054 3250 levaret,
1088 3167 1144 3251 qui
1178 3168 1271 3233 inter
1300 3170 1424 3255 episco

143 3289 200 3352 pos
229 3267 403 3332 catholicos
431 3267 575 3352 sepultus
602 3270 724 3351 fuerat,
754 3270 787 3332 et
812 3269 984 3352 projiceret
1012 3269 1123 3334 foras?
1167 3270 1245 3355 Ipse
1275 3294 1347 3338 non
1376 3277 1424 3339 cst

143 3369 267 3451 Petrus
291 3371 345 3454 qui
361 3371 512 3435 damnato
528 3370 695 3435 Timotheo
717 3370 879 3435 haeretico
902 3392 1027 3455 semper
1049 3371 1221 3437 adhaesit?
1253 3373 1424 3450 Quomodo

143 3474 253 3555 postea
276 3472 413 3537 Aeac-ius
436 3473 525 3537 miris
548 3495 619 3537 eum
642 3471 788 3537 laudibus
810 3474 1028 3558 prosequitur,
1061 3474 1099 3538 de
1126 3496 1191 3559 quo
1221 3481 1303 3542 ante
1326 3481 1423 3543 tanta

144 3594 177 3637 se
201 3574 335 3639 crimina
357 3575 547 3640 meminerat
569 3574 739 3639 retulisse?

638 3746 846 3831 tractatus
873 3747 918 3830 ΙΙ.

372 3911 421 3966 Da
443 3910 659 3966 damnatione
682 3908 859 3966 nominum
879 3908 973 3966 Petri
995 3914 1030 3968 et
1051 3910 1181 3969 aeeon

178 4042 299 4104 Simplicii
317 4041 458 4106 Felicisque
476 4058 508 4092 ac
524 4044 604 4106 ipsius
615 4042 705 4091 Aeacii
721 4043 826 4106 scriptis
844 4042 1013 4097 centonio-ac.
1036 4044 1108 4093 Petri
1123 4051 1150 4093 ct
1169 4044 1267 4096 Aeacii
1283 4048 1390 4099 nomina
1428 4047 1465 4116 p,'.

178 4128 209 4175 ‹Ic
225 4126 340 4175 Ecclesia
358 4142 413 4176 csse
431 4128 573 4188 (auferenda
592 4126 626 4191 (n.
643 4126 740 4191 1-5),
763 4128 799 4176 ed
816 4128 884 4192 quod
898 4127 1042 4190 faciendum
1055 4129 1113 4191 „inm
1129 4132 1262 4193 propriae
1279 4134 1392 4185 induent

177 4211 346 4261 corucieutiue
363 4213 500 4273 periculum
518 4210 553 4275 (n.
566 4213 600 4276 6).
630 4214 728 4262 Deinde
745 4228 791 4262 nec
806 4213 906 4263 Petrum
924 4220 1001 4262 errice
1018 4220 1153 4277 praepetum
1170 4230 1220 4265 uec
1237 4216 1273 4267 et
1286 4217 1390 4270 Aeaea

179 4296 314 4346 clientulum
332 4299 442 4347 ‹niemm
454 4297 489 4359 (n.
501 4300 551 4347 7-
560 4299 601 4362 8),·
619 4300 684 4347 unde
703 4300 784 4348 denuo
802 4300 970 4348 conscientias
982 4302 1086 4349 omnium
1097 4302 1264 4365 constringit,
1282 4320 1317 4355 ne
1330 4306 1389 4371 quis

229 4382 275 4431 hoc
293 4382 393 4432 obtentu
413 4383 552 4433 Ecclesiam
571 4389 595 4433 ct
613 4384 731 4433 uinculum
749 4385 854 4433 unitatis
871 4384 989 4433 scindere
1004 4392 1154 4448 maererent
1172 4383 1344 4454 (aa-10).

22 4492 116 4591 Simpl-
232 4498 259 4561 1.
307 4497 356 4562 Ex
379 4498 514 4583 epistola
537 4498 692 4584 Simplicii
716 4522 819 4584 papae
843 4500 880 4564 ad
905 4501 1075 4565 Acacium:
1110 4505 1203 4580 Iliad,
1230 4502 1356 4591 inquit,
1379 4526 1427 4573 me

5 4568 130 4632 epm&
145 4619 205 4662 non
233 4606 425 4667 mediocriter
452 4607 533 4680 facit
561 4609 732 4681 attonitam,
763 4608 845 4682 qaod
871 4608 974 4667 iisdem
1002 4609 1112 4668 litteris
1132 4609 1197 4669 sais
1225 4616 1426 4693 etreliqua

146 4710 311 4781 usquead
335 4710 556 4770 licerelicurum
578 4714 720 4770 ruentium
743 4713 851 4770 crescit
868 4710 993 4783 frenesta
1015 4711 1177 4772 damnatio
1204 4718 1236 4775 ei
1257 4716 1425 4779 catholice-

145 4823 211 4868 rum
226 4813 400 4870 miseranda
415 4815 584 4887 crquiuilcs.
611 4810 702 4892 [ride
725 4832 827 4890 supra
842 4832 916 4891 pag.
934 4814 1098 4873 209-211
1125 4816 1304 4895 Simplicii
1318 4824 1424 4899 epist.

149 4912 228 4970 1811.
246 4909 292 4991 3].
