3204 5506
288 308 350 372 986
727 322 754 368 s
773 319 978 368 nonnrsnas
1001 318 1114 365 raras

157 505 192 554 ia.
204 494 273 543 52192
287 476 483 541 orationibus
507 478 630 540 vestrae
653 473 852 556 sanctitutis,
883 474 950 558 etl)
976 472 1157 537 naturalem
1182 472 1365 536 bonitatem
1397 472 1486 554 hujus
1511 473 1547 535 rei

287 579 508 663 respicientem
534 576 816 662 vigilantissimum
839 576 1009 639 habentem
1032 575 1190 658 studium,
1223 579 1255 638 et
1279 573 1350 638 Deo
1373 579 1547 657 cooperante

288 682 321 744 in
344 680 489 764 plurimis
512 680 642 743 verbum
659 677 784 762 gratiae
799 677 980 740 discurrens
1003 679 1071 741 sine
1094 678 1204 762 aliqua
1226 677 1422 740 obsistentia
1451 675 1487 738 ad
1511 677 1546 738 el·

287 784 406 845 lectum
428 784 571 847 nostram
595 781 682 844 ducit
704 781 928 843 intentionem.
967 779 1027 844 Sed
1050 780 1126 864 quia
1141 779 1356 843 difficultates
1372 778 1492 861 aliquae
1505 800 1545 841 ac·

288 886 465 964 cesserunt,
502 882 734 967 gubernatione
761 882 869 964 utique
898 885 930 944 et
958 881 1028 945 miti
1059 881 1272 965 dispositione
1306 903 1361 962 ea,
1397 902 1474 963 quae
1502 877 1545 942 hic

287 988 469 1068 moventur,
499 986 658 1068 oportctl)
688 986 906 1067 competenter
928 984 1059 1067 erponi,
1091 984 1176 1047 sicut
1197 987 1230 1046 et
1262 985 1369 1046 vestra
1397 981 1546 1065 cognoscit

288 1110 382 1171 super
404 1087 512 1150 onmia
534 1087 704 1151 sanctitas:
734 1089 767 1150 et
788 1085 1052 1171 quemadmodum
1080 1087 1208 1169 oportet
1229 1106 1301 1165 eos,
1330 1084 1386 1167 qui
1409 1082 1466 1146 Dei
1486 1104 1544 1165 gre·

287 1212 343 1273 ges
366 1211 496 1273 pascere
519 1188 623 1252 sortiti
646 1193 732 1271 sinit,
756 1190 903 1252 universa
925 1187 964 1250 ad
987 1186 1123 1271 gloriam
1137 1186 1198 1249 Dei
1222 1190 1256 1249 et
1279 1207 1378 1269 agere
1397 1189 1428 1248 et
1443 1184 1542 1263 moliri,

196 1275 273 1392 3923·
288 1313 375 1375 spem
391 1291 502 1354 salutis
518 1291 550 1353 in
568 1314 638 1354 eum
654 1291 819 1373 lrabentcS,
845 1293 876 1354 et
891 1289 974 1353 sicut
992 1289 1146 1372 scriptum
1162 1291 1225 1352 est:
1251 1293 1452 1367 Dilr'pcntitm
1464 1293 1543 1350 Deion

215 1379 241 1404 '⁸
263 1383 267 1392 ’
288 1400 387 1456 onrrre'u
410 1405 614 1471 cooperantur
636 1401 666 1456 ia
688 1399 807 1457 bonum.
853 1391 901 1456 Ea
924 1391 1028 1473 eninr,
1057 1412 1138 1474 quae
1160 1390 1251 1453 vobis
1280 1390 1447 1472 placeant,
1475 1390 1543 1452 sicut

287 1495 493 1575 dictumest,
522 1494 640 1556 sentire
663 1517 785 1578 quoque
813 1498 845 1557 ct
867 1516 963 1578 agere
986 1492 1135 1575 nitimur,
1160 1491 1377 1556 sanctissime.
1423 1492 1542 1555 Omnem

289 1598 320 1659 in
344 1597 471 1661 tlbristo
492 1595 740 1678 fraternitatem,
764 1617 845 1678 (puae
869 1618 940 1659 cum
955 1597 1061 1659 vestra
1084 1597 1133 1658 est
1147 1594 1336 1676 sanctitate,
1362 1616 1421 1677 ego
1435 1615 1541 1678 quoque

288 1702 320 1761 et
342 1699 404 1762 mci
426 1697 597 1781 plurimum
620 1697 806 1761 salutamus.

774 1882 956 1986 Epistola
985 1882 1061 1967 148.

522 2036 687 2117 Illonysti
711 2035 847 2118 Exigui
869 2035 913 2101 ad
936 2035 1163 2102 Hormisdam
1186 2053 1329 2119 papam.

324 2180 545 2227 Graeco-numme
564 2179 735 2227 collectionem
748 2192 876 2234 canonum,
890 2177 967 2238 jassa
980 2176 1134 2225 liorurisduc
1145 2184 1298 2240 srrsceptam,
1318 2193 1335 2225 a
1346 2192 1374 2225 se
1388 2176 1516 2225 obsoletam
1550 2191 1569 2241 p,
1579 2180 1595 2224 l!

804 2277 859 2310 esse
877 2261 915 2309 illi
931 2262 1036 2310 nuntiet.

440 2393 605 2456 llomino
639 2393 870 2458 beatissimo
906 2415 1028 2476 papae
1066 2391 1303 2457 Horrnisdae
1341 2393 1544 2477 Dionysius

531 2495 706 2580 exiguus.

373 2616 562 2678 Sarrctorunr
585 2616 771 2697 pontificum
793 2615 937 2701 regulas,
964 2636 1043 2698 quas
1066 2613 1261 2678 adverbum
1284 2615 1432 2700 digerere
1454 2619 1545 2678 restra

288 2716 451 2780 beatitudo
474 2714 511 2777 de
534 2736 649 2798 gracco
665 2739 714 2779 me
731 2718 892 2802 compellit
907 2715 1040 2800 eloquio,
1064 2715 1252 2797 jamdudum
1276 2717 1448 2800 parvitatis
1469 2738 1546 2779 meac

289 2816 443 2883 nonnullo
458 2817 562 2880 studio
578 2817 739 2881 absolutas
755 2841 822 2882 csse
838 2840 1005 2903 cognosco.
1037 2817 1098 2882 Sed
1114 2819 1325 2902 quorumdam
1342 2818 1546 2903 supercilium,

288 2921 342 3005 qui
365 2943 397 2984 se
420 2941 608 3003 graecorum
632 2942 788 2983 cimonmn
810 2921 1019 3004 peritissimos
1040 2941 1108 2984 esse
1127 2920 1295 3003 jactitant,
1319 2921 1438 3006 quique
1452 2919 1546 2983 scisci·

290 3023 347 3086 tati
370 3023 409 3085 de
431 3022 572 3105 quolibet
595 3021 808 3086 ecclesiastico
824 3023 998 3086 constituto
1013 3022 1203 3106 respondere
1219 3044 1253 3086 se
1276 3022 1366 3086 velut
1381 3045 1420 3086 ex
1435 3020 1548 3086 occulto

290 3125 436 3188 videntur
458 3123 585 3186 oraculo
593 3175 601 3205 ,
631 3124 792 3188 veneratio
814 3127 919 3188 uestra
941 3146 1006 3188 non
1029 3124 1207 3206 sustinone,
1236 3123 1399 3209 imperare
1426 3124 1546 3208 dignata

289 3228 533 3309 estpotestate,
564 3248 626 3308 qua
653 3248 749 3309 supra
772 3228 892 3315 ceteros
921 3227 1048 3290 excellit
1075 3226 1252 3308 antistites,
1284 3229 1322 3290 ut
1344 3248 1409 3311 qua
1431 3246 1546 3309 possum

288 3327 457 3412 diligentia
479 3327 566 3390 nitar
588 3351 607 3390 a
630 3327 752 3410 graecis
775 3327 877 3392 latine
904 3328 1035 3392 minime
1062 3328 1260 3411 discrepare,
1291 3331 1391 3413 atque
1418 3328 1452 3391 in
1480 3349 1546 3389 uua-

288 3453 410 3513 ‹praquc
434 3429 553 3512 pagina
579 3451 678 3512 aequo
706 3428 807 3492 divisa
834 3429 962 3493 tramite
991 3432 1123 3514 utraque
1151 3452 1167 3492 e
1196 3429 1330 3514 regione
1359 3430 1545 3495 subnectam.

290 3535 417 3613 propter
440 3552 492 3593 eos
516 3529 667 3610 maxime,
698 3530 751 3612 qui
775 3531 955 3594 temeritate
978 3532 1114 3616 quadam
1136 3528 1300 3595 Nicaenos
1324 3553 1465 3596 canones
1491 3551 1545 3594 cre

288 3632 368 3693 (lunt
390 3654 422 3693 sc
447 3654 537 3714 posse
560 3631 679 3694 violare
694 3635 734 3704 ¹et
756 3654 814 3715 pro
836 3634 881 3695 eis
904 3632 967 3697 alia
990 3634 1145 3717 quaedam
1169 3632 1351 3697 constituta
1369 3653 1543 3717 supponere.

288 3731 487 3816 Quapropter
511 3733 707 3816 apostolatus
732 3734 828 3797 vestri
846 3735 943 3817 jussis
966 3735 1208 3819 obtemperem,
1237 3756 1370 3798 onmem
1392 3734 1543 3798 veritatem

287 3856 474 3919 graecorum
498 3856 657 3898 canonum
678 3838 774 3919 prout
795 3837 849 3920 qui
872 3837 1008 3900 fideliter
1022 3836 1170 3920 explicui,
1194 3835 1359 3920 incipiens
1375 3859 1394 3900 a
1408 3835 1543 3900 Nicaenis

286 4023 367 4084 gnata
384 4023 447 4073 sinit
465 4038 516 4089 pro
535 4024 627 4075 vostro
646 4021 781 4076 desiderio
801 4040 833 4076 ac
850 4023 1004 4089 voluntate,
1030 4029 1059 4076 et
1081 4023 1188 4090 quanta
1205 4021 1359 4090 vigilemus
1377 4021 1542 4076 sollicitmline

287 4108 360 4159 circa
378 4109 488 4159 sanctas
508 4105 643 4159 ecclesias.
663 4136 693 4143 —·
714 4107 763 4159 Ed.
783 4112 980 4160 sollicitudinem.
1017 4107 1049 4160 G'
1070 4113 1198 4175 vipilarer.

354 4196 374 4253 5¹]
393 4191 442 4244 lid.
462 4203 489 4243 ut
507 4197 645 4243 ruitur-alcia
663 4193 692 4243 et
709 4191 822 4245 inferius
841 4198 979 4244 decmrcns
1053 4198 1089 4244 nd
1109 4198 1226 4260 ‹fibi-tum
1251 4205 1366 4245 nostr-rem
1388 4199 1456 4245 doerit
1473 4203 1495 4243 et
1513 4196 1541 4240 ie«

286 4283 429 4329 nunonem.
453 4277 540 4328 liocus
559 4275 690 4329 obscurus
709 4278 739 4328 ct
757 4276 900 4329 intricatus
919 4277 958 4328 sic
975 4278 1069 4344 potest
1086 4275 1187 4329 clarius
1204 4274 1364 4330 enuntiari:
1389 4282 1452 4330 Noa
1463 4279 1541 4327 oratis

286 4366 355 4412 nilum
375 4374 473 4413 restrae
492 4366 649 4415 summotis.
670 4382 741 4429 quom
760 4367 872 4413 iecturali
885 4365 996 4414 bonitate
1015 4366 1090 4428 bajus
1102 4368 1142 4415 rei
1153 4363 1202 4427 (sc.
1213 4360 1464 4431 redintegrationis
1474 4357 1541 4413 emit

285 4445 398 4512 siarum)
418 4451 577 4512 respicimus,
597 4451 806 4513 cipiluntr'sa'nmm
825 4451 917 4500 dobere
935 4451 1042 4499 studium
1060 4458 1085 4500 ct
1106 4452 1158 4499 lleo
1176 4459 1337 4513 cooperante
1357 4460 1406 4501 etc.

352 4536 372 4596 ⁸)
392 4534 417 4582 οὃ
435 4547 492 4597 seq.
513 4530 576 4583 add.
596 4542 628 4583 et.
666 4532 756 4584 Antea
773 4548 824 4599 pro
840 4535 1023 4599 paternatione
1041 4549 1140 4599 graece
1160 4529 1301 4585 exstitisse
1321 4530 1432 4586 videt-ur
1449 4529 1540 4584 mam

285 4617 365 4678 μίας.
390 4614 442 4666 boe
466 4618 507 4667 cst
524 4621 577 4667 nelli
599 4627 623 4668 ct
646 4621 829 4682 indulpcntr'orc
848 4621 1049 4683 dispensatione,
1074 4633 1144 4683 qnae
1164 4615 1199 4667 de
1217 4633 1331 4671 summo
1351 4618 1416 4685 jure
1433 4634 1464 4671 ac
1480 4610 1542 4668 disci·

286 4696 375 4763 plinac
395 4699 542 4752 scrcritatc
562 4699 685 4752 nonnihil
709 4699 835 4752 reinitt't.
872 4699 1007 4764 Quocirca
1025 4700 1060 4753 ab
1079 4699 1230 4769 Epiphanii
1250 4704 1350 4757 niente
1371 4720 1427 4758 non
1444 4715 1542 4756 reresu-

286 4799 344 4832 rum
364 4786 492 4849 putamus
511 4784 558 4850 qui
576 4783 688 4850 legerit:
708 4807 760 4837 curn
779 4790 959 4851 indulpcutiori
975 4790 1058 4853 utique
1077 4796 1102 4838 et
1120 4790 1175 4838 eniti
1195 4805 1228 4838 ac
1243 4792 1384 4842 moderata
1398 4791 1543 4856 &posim

286 4887 316 4917 eu
335 4888 400 4935 quac
418 4880 545 4921 raoventm·
563 4882 665 4936 oportet
683 4881 855 4938 cnumctcntcr
873 4876 996 4937 componi.
