3204 5506
564 400 569 410 ,
609 352 798 400 urusroass
816 343 906 401 2-3.
1349 343 1391 408 25

157 520 270 591 episcopos
285 514 426 571 harduine
441 521 469 570 et
484 513 580 588 lllyrici
595 532 622 569 n.
639 513 673 569 4:
690 514 808 572 Noverit
824 521 919 572 autern
935 521 1031 573 oestro
1045 517 1231 590 fraternitas,
1249 523 1391 578 ccclesiae

159 604 391 661 Thessalonicensis
405 603 558 656 antistitem
574 603 680 656 nostris
695 601 943 658 adhortationibus
957 606 1076 674 saepius
1089 608 1239 661 inscitatum
1255 611 1389 681 contupic

154 691 328 746 communionis
353 692 496 744 externae
516 703 662 759 nunqnam
688 688 837 743 declinare
860 690 995 757 noluisse,
1024 704 1079 744 nec
1104 692 1185 760 opud
1209 708 1261 747 nos
1288 709 1389 748 ttamen

151 777 234 831 Aeacii
251 776 291 830 oel
311 778 473 829 ceterorum
498 774 629 827 similium
649 773 827 844 perfidorum
847 774 948 846 hisque
969 778 1237 831 communicantium
1259 793 1389 850 conpruo

147 860 307 933 professione
322 860 484 913 damnasse.
518 856 581 911 Nam
597 873 629 911 ex
648 854 743 912 Felicis
765 857 877 930 epistola
895 858 933 914 18
950 866 977 913 et
992 875 1024 912 es
1040 857 1139 920 libello,
1160 876 1240 932 quem
1255 859 1390 916 ‹leilorunt

147 945 288 1019 apocrisiarii
300 942 491 999 Alexandrinae
506 942 634 998 ecclcsiae
650 941 746 1016 legatis
759 941 790 996 ab
802 944 941 998 Anastasio
953 960 1019 1016 papa
1027 941 1288 1018 Constantinopolim
1301 947 1389 1002 missis

146 1027 300 1100 (snunsutt
315 1027 422 1102 epistb
439 1045 466 1083 n.
474 1025 505 1099 4)
517 1034 632 1090 constat,
649 1043 731 1082 unum
748 1027 1065 1102 eumdemquehndream
1083 1036 1141 1084 toto
1153 1027 1326 1102 pontificatus
1339 1031 1389 1086 Ge·

144 1116 191 1172 iasii
206 1123 321 1189 tempore
336 1112 570 1168 'thessalonicensi
586 1112 715 1168 ecclesiae
737 1111 893 1186 praefuisse,
919 1112 1043 1187 adeoque
1065 1111 1155 1168 locum
1171 1131 1225 1169 non
1242 1132 1311 1178 esse,
1334 1133 1388 1189 quo

143 1200 246 1256 ildesius
265 1201 292 1255 in
313 1197 417 1253 duabus
438 1198 490 1253 illis
514 1197 636 1271 epistolis
663 1196 697 1252 de
718 1196 830 1253 diversis
851 1197 978 1253 ecelesiae
1000 1197 1071 1253 illius
1094 1197 1258 1254 antistitibus
1280 1198 1388 1255 locutus

142 1285 342 1342 essesentiatur.

212 1370 238 1426 2.
267 1368 321 1425 Sed
336 1370 386 1425 hac
400 1367 513 1442 epistola
525 1369 665 1423 Anastasio
680 1369 813 1429 restituta,
830 1384 890 1423 cum
908 1368 957 1423 hac
972 1369 1092 1442 apprime
1107 1376 1260 1443 congruent
1276 1385 1318 1425 res
1333 1387 1389 1426 mo·

139 1458 249 1513 umentis
274 1456 394 1528 antiquis
414 1453 547 1526 proditae.
580 1452 645 1508 Nam
661 1469 728 1527 quae
744 1455 770 1509 in
792 1452 929 1526 praedicto
956 1451 1048 1508 libello
1070 1461 1179 1509 narrant
1194 1453 1388 1511 Alexandrinae

137 1543 250 1602 ecclesiam
265 1539 439 1613 apocrisiarii,
467 1537 546 1594 fldem
562 1538 670 1599 iaciunt,
691 1536 823 1593 Andream
840 1537 1107 1593 Thessalonicensem
1122 1540 1280 1612 episcopum
1295 1540 1386 1595 statim

136 1625 341 1682 coordinatione
357 1625 489 1680 Anastasii
505 1623 525 1678 ll
541 1624 660 1698 legatum
675 1623 708 1679 ad
724 1640 785 1679 eum
797 1623 903 1678 misisse
919 1631 1020 1678 etcum
1037 1640 1069 1679 eo
1086 1622 1119 1678 de
1134 1641 1200 1697 pace
1216 1623 1388 1679 eeclesiarum

133 1713 295 1768 conseruisse
312 1709 391 1764 verba
406 1716 433 1765 et
448 1726 498 1782 pro
514 1708 634 1764 ecelesiis
650 1707 682 1763 ad
694 1710 823 1764 unitatem
837 1708 993 1764 revocandis
1006 1706 1176 1764 allaborasse.
1209 1707 1287 1776 Quod
1298 1717 1388 1765 autem

131 1798 188 1853 haee
203 1795 319 1871 epistola
338 1796 365 1850 in
382 1811 432 1850 ms.
448 1793 583 1856 Vaticano,
607 1793 677 1850 unde
699 1801 775 1849 eruta
790 1801 840 1855 est,
862 1794 1020 1849 Laurentio
1036 1794 1071 1849 tle
1086 1794 1213 1867 Lipnido,
1239 1793 1387 1868 fragmenta

129 1900 185 1938 sero
206 1880 328 1952 ejusdem
355 1879 485 1936 Ursicino
511 1881 537 1935 in
558 1878 680 1953 pluribus
704 1896 766 1934 mss.
790 1878 986 1942 inscribuntur,
1015 1879 1148 1934 neminem
1169 1894 1278 1933 movere
1298 1877 1386 1940 debet,

126 1985 203 2042 quum
214 1966 398 2022 Romanorum
413 1962 570 2038 pontificum
583 1963 713 2020 sollemne
725 1965 769 2025 sit,
782 1964 859 2038 plura
871 1963 991 2035 ejusdem
1005 1963 1134 2037 epistolae
1148 1963 1268 2036 exempla
1280 1963 1386 2037 singula

123 2053 237 2128 singulis
261 2050 382 2121 ejusdem
398 2050 550 2124 provinciae
565 2050 698 2123 episcopis
722 2051 837 2104 mittere.
869 2047 987 2122 Excepto
1004 2049 1089 2122 igitur
1104 2047 1224 2110 exordio,
1242 2047 1315 2121 quod
1332 2048 1386 2102 ior·

120 2141 189 2195 sitan
203 2137 362 2198 Laurentio,
378 2137 438 2208 quia
453 2136 511 2208 ipse
526 2136 601 2208 prior
615 2135 767 2208 scripserat,
783 2136 923 2208 proprimn
935 2141 1000 2197 erat,
1017 2133 1050 2188 de
1062 2142 1152 2189 cetero
1164 2149 1255 2206 parem
1264 2132 1386 2189 Ursicino

120 2222 265 2298 epistolam
280 2223 386 2276 missam
402 2221 486 2275 luisse
501 2219 576 2274 valde
591 2217 729 2293 probabile
744 2228 796 2275 est.

205 2309 235 2365 3.
268 2305 306 2362 Ne
322 2314 409 2362 tamen
431 2306 525 2361 lectori
546 2304 745 2360 incommodum
762 2304 897 2366 iaciamus,
920 2305 965 2378 qui
982 2303 1122 2378 epistolam
1138 2303 1206 2359 hanc
1220 2304 1293 2359 inter
1308 2302 1385 2358 Gela·
1401 2304 1477 2375 [Ed]

118 2398 209 2451 senas
226 2393 321 2466 legere
337 2399 492 2453 consuetus,
508 2391 531 2444 si
545 2406 600 2445 non
616 2391 756 2452 invenerit,
778 2388 855 2445 iacile
870 2387 996 2445 turbetur
1011 2397 1038 2445 et
1050 2388 1094 2444 ubi
1103 2387 1157 2459 jam
1170 2396 1279 2463 quaerat
1292 2389 1386 2444 anxius

117 2481 239 2540 haereat,
262 2484 346 2551 utque
367 2475 447 2533 simul
462 2474 523 2531 hdei
545 2474 668 2531 codicum
683 2491 784 2530 morem
801 2490 933 2548 geramus,
956 2477 1002 2549 qui
1018 2473 1137 2530 eamdem
1153 2473 1210 2529 iere
1226 2490 1319 2529 omnes
1336 2473 1386 2529 Ge·

118 2565 185 2621 lusio
201 2560 369 2620 inscribunt:
396 2563 432 2617 ita
449 2578 505 2617 rem
521 2559 711 2634 disposuimus,
734 2568 763 2615 ut
784 2559 856 2615 illius
878 2561 1080 2633 inscriptionem
1101 2568 1128 2615 et
1143 2560 1218 2615 initia
1239 2562 1319 2615 etiam
1334 2560 1386 2615 hoc

116 2650 180 2706 loco
203 2649 327 2721 (Gelasii
345 2650 494 2719 epistolam
509 2644 538 2718 2)
558 2662 700 2720 ponamus,
722 2653 825 2701 tentum
846 2647 934 2721 ipsum
956 2653 1045 2701 autem
1073 2653 1100 2701 et
1120 2653 1197 2703 notas
1213 2646 1318 2703 criticas
1334 2662 1385 2723 pro

117 2738 273 2792 Anastasti
286 2733 323 2790 ll
342 2735 461 2805 epistola
478 2731 496 2788 3
512 2729 692 2801 subjiciamus.

346 2918 385 2979 In
405 2917 524 2979 missii
544 2933 644 2996 papae
667 2915 830 2995 epistolem
850 2915 869 2975 3
892 2911 1010 2996 („Quocl
1021 2915 1156 3000 pleua“).

208 3043 238 3096 1.
275 3039 420 3115 Epistulam
436 3040 505 3095 hauc
519 3056 604 3114 quum
619 3046 724 3094 veteres
739 3038 914 3094 conciliorum
930 3039 1114 3102 collectiones,
1135 3047 1193 3095 tum
1211 3039 1386 3113 epistolarum
1401 3041 1475 3111 [Ed]

118 3124 323 3202 pontificiarum
337 3124 419 3180 editio
434 3123 559 3187 Romana,
577 3132 632 3179 tum
649 3125 728 3179 etiam
744 3123 873 3179 baronius
889 3124 921 3178 ad
937 3141 1034 3179 anirum
1049 3124 1110 3181 492
1127 3143 1154 3180 n.
1172 3123 1294 3182 10—25
1311 3141 1387 3197 prae·

118 3213 198 3268 beat.
227 3211 258 3266 ln
269 3212 342 3267 notis
357 3226 489 3265 canonum
505 3207 711 3265 collectionibus
727 3208 810 3272 deest,
827 3209 916 3263 solum
932 3210 958 3263 in
975 3208 1178 3272 Veronensilb,
1196 3211 1387 3265 Acacianorum

120 3298 349 3353 documentorum
370 3294 539 3357 collectione,
561 3304 589 3349 et
609 3295 636 3348 in
651 3292 848 3367 posterioribus
862 3292 1078 3349 luendo-isidori
1094 3294 1281 3350 additamentis
1304 3293 1388 3366 (codi-

121 3381 199 3437 cibus
215 3383 244 3436 in
259 3379 377 3436 editione
393 3379 513 3435 llinschii
528 3382 618 3436 classi
629 3379 652 3435 C
665 3377 810 3450 attributis)
829 3376 950 3434 habetur.
983 3379 1035 3434 Pro
1054 3387 1130 3435 textu
1146 3382 1204 3450 ejus
1220 3379 1386 3437 emendando

123 3467 168 3522 hic
184 3465 290 3522 codices
306 3463 474 3535 Corbejcnsis
490 3472 517 3519 et
533 3464 703 3537 Remigianus
720 3480 769 3518 nee
783 3481 838 3518 non
854 3462 995 3519 Vaticanus
1012 3463 1095 3521 1340
1109 3464 1220 3520 adhibiti
1235 3472 1308 3520 sunt.

210 3549 240 3605 2.
282 3549 396 3605 Litteras
417 3549 550 3604 aliusnon
572 3552 841 3605 communicatorias
862 3548 969 3621 quidem
989 3549 1037 3604 sed
1059 3553 1294 3618 commonitorias,
1320 3567 1387 3623 quac

126 3635 282 3697 exciderint,
305 3642 366 3690 aute
389 3651 403 3689 a
424 3634 529 3689 Gelasio
551 3633 584 3689 ad
605 3633 729 3689 eumdem
749 3632 927 3707 Euphemium
951 3636 1065 3708 scriptus
1087 3650 1146 3689 esse
1168 3635 1297 3690 baronius
1319 3634 1388 3691 arbi·

126 3729 223 3775 tratur.
255 3719 333 3775 Aliud
355 3728 442 3775 tamen
458 3718 554 3774 suadet
569 3720 657 3792 ipsum
673 3718 804 3791 epistolae
819 3720 997 3792 prooemium.
1028 3718 1066 3774 lbi
1082 3736 1177 3793 nempe
1193 3728 1311 3781 notatur,
1334 3722 1388 3794 pri·

128 3822 200 3860 mum
215 3803 387 3878 Euphemiam
403 3803 565 3877 aliquamdiu
577 3810 757 3877 exspectasse,
774 3820 838 3858 irum
850 3802 969 3869 Gelasius
985 3803 1170 3877 pontificatum
1185 3806 1272 3860 iniens
1284 3805 1387 3860 litteras

131 3889 304 3945 ordinationis
318 3905 382 3943 suae
397 3889 499 3944 indices
514 3890 565 3962 ipsi
581 3887 614 3943 de
630 3905 704 3943 more
720 3890 852 3950 mitteret:
869 3888 917 3943 sod
934 3906 1016 3962 quum
1029 3889 1094 3945 nihil
1106 3891 1249 3962 acciperet,
1265 3889 1387 3945 eumdem
1436 3921 1441 3933 .

132 3972 349 4046 praeveniendum
366 3973 483 4036 duxisse,
500 3982 529 4028 ut
545 3975 585 4028 sic
599 3981 769 4046 provocatus,
787 3974 809 4027 si
825 3990 879 4029 non
896 3973 1039 4029 salutasset
1054 3976 1166 4048 primns,
1182 3975 1277 4029 saltem
1293 3991 1388 4030 socun-

134 4059 173 4112 dis
188 4075 234 4113 seu
248 4057 381 4114 secundus
402 4058 572 4114 salutationis
593 4059 675 4112 sicem
697 4057 844 4130 repondere
865 4074 920 4113 ison
941 4058 1142 4132 dedignaretur.
1174 4058 1250 4114 Nunc
1269 4076 1334 4114 vero
1355 4059 1387 4114 ad

136 4143 227 4214 primm
241 4143 297 4198 illas
310 4142 449 4217 Euphemii
465 4143 567 4199 litteras
584 4142 705 4199 rescribit
721 4143 850 4198 Gelasius.
882 4141 957 4197 Unde
973 4145 1036 4199 mihi
1049 4143 1260 4200 demonstratum
1274 4143 1387 4205 videtur,

138 4226 217 4282 nullas
231 4228 292 4283 elias
308 4227 340 4282 ad
356 4227 532 4301 Euphemium
547 4226 619 4283 illius
636 4229 745 4283 irornine
760 4229 949 4301 praecessisse.
980 4228 1079 4283 Verum
1095 4246 1149 4284 nou
1164 4227 1306 4302 ignorabat
1317 4228 1387 4284 idem

138 4311 256 4382 posuer,
272 4330 338 4387 quas
354 4311 501 4386 Euphemio
517 4313 621 4369 litteras
638 4311 709 4368 h'elix
724 4314 868 4386 scripserat
885 4315 1045 4386 quasve‘ipsi
1061 4321 1240 4387 proposuerat
1255 4313 1388 4370 ineundae

140 4398 203 4466 pacis
217 4397 392 4454 conditiones.
423 4397 456 4452 Et
471 4399 531 4470 quia
546 4397 661 4452 necdum
676 4397 771 4453 adduci
785 4405 912 4470 potuerat
927 4397 973 4452 illo
988 4398 1105 4471 praesul,
1125 4406 1153 4453 ut
1169 4399 1207 4453 eis
1223 4414 1324 4454 niorem
1341 4417 1388 4473 ge·

141 4490 211 4542 reret,
231 4499 283 4538 non
297 4482 347 4537 alia
363 4481 513 4555 quaerenda
528 4492 570 4538 est
586 4499 674 4544 causa,
696 4499 744 4538 cur
764 4482 855 4555 paullo
871 4483 991 4554 asperius
1007 4500 1068 4537 cina
1090 4482 1135 4538 illo
1151 4491 1222 4556 agat,
1245 4500 1323 4556 quam
1340 4500 1388 4557 po·

140 4563 229 4620 stulere
253 4567 394 4622 videantur
420 4567 526 4622 litterae
553 4568 624 4623 illius
647 4567 734 4623 verbis
761 4566 966 4622 officiosissimis
987 4576 1069 4640 atque
1091 4567 1275 4623 observantiae
1301 4569 1388 4641 plenis

142 4647 251 4706 reiectae.
282 4651 349 4708 Hinc
364 4669 477 4725 prorsus
493 4653 661 4708 manifestum
677 4660 728 4714 est,
750 4651 891 4725 epistolam
906 4653 984 4706 istam
1000 4652 1032 4706 nd
1049 4654 1135 4725 ipsum
1152 4652 1283 4708 Gelasiani
1299 4655 1388 4726 ponti·

143 4730 424 4792 herminiannum
446 4739 569 4793 attinere.
608 4740 641 4793 ht
664 4738 728 4793 nihil
751 4745 831 4799 vetat,
854 4738 997 4810 quominus
1014 4737 1045 4791 ad
1064 4738 1164 4792 exitum
1185 4739 1247 4793 anui
1263 4736 1324 4794 492
1347 4737 1387 4792 vel

142 4817 235 4874 arator
247 4822 390 4877 referatur.
422 4820 457 4875 Ea
472 4823 542 4877 eninr
557 4823 730 4896 impatientia,
753 4839 805 4896 qua
820 4821 982 4895 Euphemius
996 4821 1093 4877 Gelasii
1110 4824 1325 4878 connnunionem
1341 4839 1388 4877 es·

143 4903 243 4973 petebat,
269 4906 349 4977 hujus
369 4905 420 4961 sibi
441 4906 621 4964 conciliandae
642 4908 752 4963 multam
774 4924 874 4963 moram
895 4908 1030 4979 interponi
1051 4924 1105 4962 non
1126 4906 1238 4962 sinebat.
1276 4906 1352 4961 lllum
1374 4923 1387 4960 a
