3224 5506
523 376 718 426 muscosas
739 365 844 424 4-6.
1257 358 1317 424 747

109 552 190 617 nque
212 531 296 596 bona
316 529 501 614 laudamur,
531 533 564 595 et
590 533 668 596 tunc
690 530 858 596 verborum
887 529 991 595 cultus
1013 532 1161 614 ornatur,
1190 528 1317 614 quando
1330 537 1365 604 (a.
1376 537 1447 604 515.)

109 632 121 698 i
140 633 363 698 conuenientia
385 633 446 697 rite
470 633 648 718 conjungit

138 733 167 800 2.
203 734 343 800 Litteras
365 735 522 820 siquidem
542 756 600 820 per
621 734 798 800 Patricium
819 734 920 799 filium
942 736 1087 799 nostram
1109 734 1317 819 spectabilem

109 857 155 900 um
175 839 251 902 tuae
273 839 469 922 suscepimus
493 838 648 920 caritatis,
671 836 843 921 inquibus
865 837 1062 922 speramus⁵)
1085 858 1164 920 opus
1185 836 1317 921 plenum

118 939 277 1023 probabile
305 939 460 1025 reperire,
494 942 531 1003 ut
562 938 644 1003 nihil
672 941 756 1003 esset
782 937 865 1022 quod
899 939 940 1003 ab
966 938 1155 1024 integritate
1181 938 1317 1002 unitatis

109 1044 241 1106 emeret.
288 1040 350 1107 Sed
372 1041 447 1125 quia
468 1041 504 1106 in
525 1041 576 1105 his
598 1041 677 1125 ipsis
699 1040 786 1105 hunc
807 1040 969 1124 promittis
991 1040 1152 1124 affectum,
1181 1041 1235 1125 qui
1257 1061 1316 1104 nos

120 1140 174 1208 hoc
194 1143 278 1228 quod
299 1143 514 1228 praediximus
535 1142 637 1228 possit
652 1141 834 1227 specialiter
847 1163 1030 1226 provocare,
1054 1143 1192 1207 Domino
1206 1144 1316 1207 nostro

109 1264 160 1309 eoas
182 1245 388 1329 effundimus,
423 1247 460 1309 ut
486 1246 554 1330 ipse
584 1245 673 1329 cnjus
701 1247 734 1309 et
756 1265 852 1309 causa
877 1247 1052 1328 tractatur,
1085 1245 1238 1309 abstersis
1265 1245 1315 1309 vel

110 1347 229 1432 putatis
246 1347 404 1412 universis
427 1346 588 1413 scandalis
610 1347 683 1433 θκθ)
699 1345 927 1429 Ecclesiam,
951 1347 1010 1411 sub
1031 1368 1095 1411 uno
1112 1367 1266 1411 consensu
1283 1349 1318 1411 et

109 1445 146 1511 ili
165 1448 266 1513 faciat
286 1449 349 1514 fide
379 1471 553 1514 connexos:
581 1471 641 1514 nec
669 1449 704 1513 in
731 1449 950 1514 sacerdotibus
977 1448 1042 1513 suis
1069 1447 1241 1533 quidquam
1268 1470 1315 1513 re·

109 1547 148 1613 iri
167 1552 327 1634 patiatur,
351 1551 467 1635 qu0d7)
491 1551 662 1635 cujuslibet
683 1554 739 1616 aut
760 1551 841 1616 odiis
863 1550 1002 1635 propriis
1025 1554 1081 1615 aut
1102 1550 1251 1615 inanibus
1267 1550 1314 1614 in·

109 1649 261 1735 tionibus,
297 1656 352 1717 aut
373 1653 555 1718 hominibus
577 1655 613 1718 in
635 1655 787 1738 injuriam
808 1651 885 1736 Dei,
918 1653 1002 1738 quod
1024 1652 1117 1717 nefas
1139 1655 1203 1735 est,
1233 1651 1315 1717 velle

109 1772 186 1838 cere,
218 1757 251 1819 et
272 1777 339 1819 non
360 1756 464 1840 magis
486 1756 636 1820 universa
657 1755 832 1821 secundum
853 1755 983 1819 beatum
1006 1753 1185 1838 apostolum
1207 1775 1314 1819 saecu-

109 1875 129 1917 a
158 1859 416 1921 contemnentem
449 1880 467 1921 a
494 1879 550 1942 spe
577 1880 642 1922 non
675 1857 777 1942 possit
809 1856 988 1921 exorbitare
1020 1855 1139 1920 futura.
1194 1854 1315 1920 Hortor

109 1959 179 2038 oter
201 1980 367 2023 commune
382 1958 566 2042 remedium,
589 1960 690 2024 invito
704 1982 763 2044 pro
781 1959 883 2024 salute
897 1958 1049 2041 fidelium,
1061 1960 1204 2043 propter
1218 1978 1313 2042 gene·

109 2079 147 2122 m
175 2060 292 2125 suadeo
319 2061 522 2126 medicinam.
572 2060 649 2137 Quis
676 2082 814 2146 namque
843 2063 1013 2126 contentus
1046 2063 1094 2124 est
1121 2057 1179 2122 hos
1207 2057 1313 2122 ridere

109 2180 176 2244 ros,
198 2183 332 2247 quorum
353 2166 460 2248 potest
481 2164 607 2228 unitate
622 2162 778 2247 gloriari?
811 2162 905 2227 Unde
927 2184 1006 2246 opus
1028 2165 1078 2226 est
1098 2160 1207 2225 labore
1230 2182 1312 2225 eom·

109 2261 126 2324 r'
137 2313 155 2345 ,
177 2267 213 2327 ut
233 2264 310 2347 hoc,
334 2265 418 2350 quod
440 2288 459 2330 a
481 2265 625 2349 patribus
647 2264 766 2330 nostris
788 2265 986 2349 accepimus,
1017 2264 1243 2330 conservantes
1265 2285 1311 2328 se-

111 2363 157 2449 3)
179 2366 212 2430 in
234 2366 290 2431 illo
312 2366 469 2451 possimus
491 2367 599 2432 divino
622 2365 749 2432 adstare
767 2366 899 2450 judicic.

559 2553 741 2658 Epistola
768 2553 802 2638 6.

202 2707 413 2773 Hormisdou
436 2724 546 2790 papae
568 2706 611 2772 ad
635 2704 864 2773 Anastasium
886 2708 1155 2790 imperatorem.
1325 2712 1349 2748 a.
1363 2695 1452 2749 ⁵1⁶&

1337 2763 1430 2818 sJuli.

109 2846 277 2896 eustadium
295 2847 450 2911 reipublicae
466 2849 594 2912 proficere
612 2848 715 2910 ceperit.
754 2847 787 2897 Ill
805 2849 968 2912 imperatoris
984 2833 1150 2899 sollicitudini
1163 2863 1213 2911 pro
1227 2847 1266 2897 Ec

109 2926 174 2980 foa
190 2932 327 2982 concordia
345 2932 415 2981 Ileus
429 2938 549 2997 praestet
566 2932 681 2994 effectam
702 2934 840 2995 supplicat.
878 2932 910 2981 In
928 2934 1035 2983 concilio
1053 2934 1115 2998 quid
1127 2933 1189 2994 fleri
1203 2948 1280 2996 opor·

214 3024 277 3076 leat,
296 3017 388 3081 Iepalis
404 3018 522 3081 proxime
539 3018 664 3066 secuturis
681 3032 709 3067 se
727 3019 753 3066 in
771 3017 897 3067 mandalis
915 3017 1018 3067 dedisce
1037 3017 1143 3066 mutiat.

195 3147 408 3212 Hormisda
430 3148 682 3235 Anastasio¹)
706 3149 895 3234 Augusto.
938 3154 1000 3214 Per
1021 3151 1227 3214 Severianum.

109 3255 216 3331 Bene
239 3267 409 3332 clementia
430 3269 536 3332 vestra
559 3267 706 3350 confidit,
740 3266 822 3330 sicut
850 3266 933 3331 datis
956 3267 1068 3331 adme
1090 3266 1237 3351 gloriosis
1260 3269 1311 3332 de-

109 3368 187 3433 uit
208 3369 374 3453 affatibus,
403 3369 487 3454 quod
514 3368 710 3457 reipublicae
731 3372 856 3433 vestrae
884 3368 1066 3452 specialiter
1087 3369 1250 3453 proficiat,
1285 3370 1312 3434 si
1325 3391 1367 3444 en
1380 3382 1400 3428 1.

109 3465 185 3535 dtis
205 3470 353 3536 omnibus
373 3469 567 3536 orthodoxae
581 3470 655 3535 fidei
672 3492 769 3535 causa
782 3473 1008 3554 praeponatur.
1043 3470 1134 3536 Haec
1149 3473 1198 3535 est
1213 3472 1310 3555 enim,

109 3590 347 3609 χψ-

109 3651 121 3710 >
153 3655 267 3711 Omnino
285 3656 435 3726 legandum
446 3657 740 3726 videturaperatamua.
770 3656 868 3712 Tacite
886 3656 960 3712 anim
976 3658 1059 3711 notat
1076 3674 1105 3712 se
1118 3656 1223 3726 aliquid
1235 3657 1312 3713 aliud

109 3744 153 3807 ὃ,
173 3758 255 3809 quam
277 3741 353 3811 quod
375 3741 475 3796 litteris
497 3742 552 3796 suis
575 3741 793 3811 significaverat,
815 3742 982 3797 desiderare.
1026 3742 1058 3795 In
1085 3740 1128 3795 his
1150 3741 1254 3813 quippe
1277 3743 1311 3798 de

109 3824 261 3881 ledonensi
279 3825 407 3888 concilio,
431 3826 465 3881 de
482 3826 577 3883 Aeacii
594 3826 718 3894 nomine,
741 3827 775 3881 de
797 3826 831 3880 iis
855 3826 903 3896 qui
920 3844 983 3881 cum
1006 3826 1144 3882 darnnatis
1163 3827 1312 3882 communi-

109 3910 189 3977 Ent,
208 3909 296 3965 altum
314 3915 356 3965 est
373 3910 519 3966 silentium.

109 3984 180 4049 >dn
201 3994 323 4064 vulgatis
345 4007 371 4049 et
394 4000 520 4052 Ecclesia.
559 3997 590 4050 In
613 3997 753 4067 plerisque
775 3999 869 4052 autem
890 3995 1031 4051 veteribus
1053 3995 1132 4050 libris
1154 3997 1268 4052 voculae
1286 4009 1312 4052 et

109 4083 120 4120 ⁵
148 4100 181 4135 ea
197 4080 238 4134 ita
254 4078 420 4150 pinguntur,
438 4083 469 4134 ut
487 4083 551 4135 utra
567 4082 753 4152 praeferenda
769 4081 818 4149 sit,
841 4098 875 4136 ex
893 4081 953 4137 sola
970 4080 1104 4137 orationis
1123 4081 1193 4136 serie
1211 4081 1311 4152 dijudi-

109 4195 121 4208 -
164 4165 240 4219 Haec
256 4179 341 4235 porro
358 4164 404 4220 hic
421 4166 546 4235 postulat
563 4186 599 4221 ex
616 4170 743 4224 Ecclesia.

109 4238 127 4306 )
149 4248 262 4319 Integra
282 4247 312 4302 in
333 4249 407 4303 hunc
423 4250 537 4304 modum
553 4252 602 4305 fiet
620 4251 722 4307 oratio:
752 4273 800 4322 qao
822 4255 958 4319 cujuslibet
980 4261 1024 4305 nal
1047 4257 1113 4306 odiis
1132 4257 1250 4320 propriis
1267 4266 1312 4307 aut

109 4324 158 4387 lm
173 4338 352 4389 intentionibus
375 4339 512 4389 dominibus
529 4341 555 4390 in
572 4342 693 4404 injurium
711 4342 773 4397 Ilei,
798 4342 867 4406 qaod
883 4341 956 4402 nesus
977 4347 1027 4397 est,
1050 4341 1126 4391 uelint
1145 4343 1262 4405 placere,
1286 4350 1312 4392 et

109 4425 187 4488 *apta
257 4425 402 4473 saecularia
420 4432 606 4482 contemnentes
623 4443 640 4474 α
656 4441 703 4489 spe
721 4441 770 4476 nan
785 4426 893 4489 possint.
928 4420 1046 4487 Multos,
1064 4422 1130 4476 dum
1147 4421 1311 4491 imperatori

109 4511 152 4558 ms
169 4501 320 4572 cupiebant
342 4505 391 4558 aut
412 4503 550 4560 timebant
567 4505 726 4576 displicere,
748 4505 777 4559 in
794 4504 941 4560 schismate
963 4522 1142 4576 perseverare
1160 4523 1217 4562 uon
1233 4506 1311 4576 igno·

109 4579 123 4633 t
141 4587 304 4655 Hormisda,
321 4587 440 4658 ideoque
458 4589 522 4644 huic
540 4591 614 4645 malo
632 4591 726 4645 studet
743 4607 895 4646 occurrere.

109 4664 129 4735 ⁵)
146 4671 196 4727 Ed.
214 4678 325 4728 cenanda
343 4680 405 4734 alsi,-
428 4675 462 4729 G'
479 4681 590 4730 secunde
612 4680 663 4737 dia,
688 4691 754 4730 voce
775 4680 814 4729 la's
833 4675 905 4745 post.
922 4691 1007 4730 manu
1029 4675 1190 4732 cancellsta.
1229 4676 1310 4732 Unde

109 4747 260 4813 bissenae
278 4757 454 4813 mutavimus.

109 4836 128 4906 ¹)
145 4842 308 4912 Respondet
324 4842 460 4913 superiori
478 4843 613 4913 epistolae
627 4851 654 4911 1,
672 4861 744 4914 quae
763 4845 887 4912 quamvis
904 4843 983 4915 prior
999 4843 1097 4914 musa,
1115 4845 1202 4901 serius
1213 4847 1309 4906 tamen

109 4927 205 4984 aindas
224 4926 336 4983 reddita
353 4929 402 4983 est.
439 4928 473 4983 G*
492 4930 529 4984 ad
546 4946 634 4999 marg.
655 4929 733 4985 addit
747 4949 798 5002 per
816 4933 987 4990 ceccanum.
