3204 5506
560 327 756 377 nrrsrousa
779 320 808 377 2.
832 321 861 378 3.
1284 319 1344 384 131

120 486 198 562 Quod
214 484 233 548 si
249 483 369 568 dignum
392 481 513 566 aliquid
527 486 583 546 tuo
600 483 737 547 lectione
754 484 930 567 confecero,
955 485 986 549 id
1003 487 1065 550 erit
1079 488 1225 571 profecto
1240 489 1342 554 divini
1356 507 1449 556 11457.
1483 553 1484 557 ,

120 587 241 668 manens,
261 590 323 649 trun
345 586 444 651 etiam
467 585 708 650 benevolentiae
731 591 815 670 tuae,
846 587 936 669 cujus
958 589 1050 652 favor
1072 589 1238 655 oblectans
1260 593 1344 657 iner-

120 695 164 754 tes
182 710 272 773 quoqne
291 688 411 753 excitat
438 688 478 752 ad
500 688 690 772 profectum.
736 689 805 754 Nec
834 689 1032 754 dubitabitur
1059 691 1154 775 hujus
1183 693 1245 757 fide
1273 717 1343 778 per·

120 791 264 872 fidendum,
298 790 387 875 cujus
419 795 469 855 est
501 790 724 855 adhortatione
751 796 951 876 susceptum,
986 816 1083 878 quum
1110 794 1190 858 mihi
1217 817 1342 881 quoque

121 893 211 959 fiducia
225 894 271 977 sit,
291 894 404 978 peragi
426 916 518 978 posse
540 894 624 979 quod
646 895 819 979 praecipis,
851 895 901 959 cui
929 896 961 959 id
984 899 1051 960 tam
1075 897 1272 962 confidenter
1294 899 1342 962 in·

88 1068 93 1074 ,
120 997 212 1081 jungis.
248 994 319 1072 Quis
346 1019 485 1081 namque
512 1018 579 1060 non
605 996 784 1081 intelligat,
823 998 887 1061 tuis
920 999 1119 1063 orationibus
1149 1000 1219 1082 jarn
1251 1023 1342 1083 prae-

121 1103 249 1182 sumptum,
270 1099 352 1183 quod
374 1099 472 1162 etiarn
487 1120 544 1182 per
558 1121 609 1163 me
626 1100 728 1163 credis
742 1100 964 1184 implendum?
992 1101 1104 1185 Neque
1120 1102 1207 1165 enim
1221 1105 1341 1167 temere

122 1200 270 1285 delegasses,
302 1199 358 1265 ubi
385 1222 451 1264 non
479 1204 547 1264 tam
574 1224 663 1266 meae
698 1201 863 1266 doctrinae
897 1202 1089 1267 industriam
1122 1226 1218 1288 quam
1251 1209 1343 1270 tuum

119 1301 233 1385 judicium
250 1303 371 1367 videres
394 1304 532 1387 exposci.

180 1403 203 1468 2.
226 1404 383 1470 Pascbalis
403 1406 505 1490 igitur
531 1405 607 1470 festi
636 1429 763 1471 cursum
790 1409 854 1472 tuis
882 1408 989 1491 potius
1017 1409 1215 1473 orationibus
1245 1432 1342 1495 quam

120 1526 171 1569 ner
188 1506 271 1572 fretus
297 1509 447 1593 ingenio,
483 1511 639 1592 quantum
671 1531 722 1574 res
755 1509 964 1595 permittit¹),
1006 1511 1171 1595 explorare
1211 1516 1341 1577 conten-

120 1607 187 1690 dens,
216 1609 300 1674 datae
333 1610 374 1674 ad
406 1631 457 1674 me
488 1611 626 1676 formam
658 1617 786 1677 secutus
816 1612 985 1696 epistolae,
1024 1615 1113 1697 prius
1147 1636 1228 1698 quae
1256 1617 1342 1679 inter

120 1709 255 1795 hujusmodi
275 1713 448 1797 scriptores
466 1713 508 1777 sit
529 1735 625 1778 causa
645 1714 821 1779 discordiae
844 1715 954 1798 paucis
971 1716 1148 1799 expediam,
1173 1738 1210 1780 ac
1226 1717 1340 1780 deinde

118 1813 171 1898 qnid
186 1816 274 1900 magis
296 1815 441 1880 rideatur
469 1837 645 1901 congruere
668 1818 812 1900 veritati,
843 1821 1000 1901 quantum
1029 1818 1172 1901 valuere,
1202 1817 1341 1882 Domino

118 1913 220 1981 donmte
238 1916 409 2003 diligenter
430 1917 603 1983 absolvam.

175 2019 198 2083 3.
222 2019 408 2105 Discrepare
429 2020 515 2085 inter
543 2043 576 2085 se
599 2023 813 2106 disputatores
841 2023 1032 2105 praecipuae
1060 2022 1248 2086 festivitatis
1276 2022 1340 2106 pri-

118 2139 177 2184 nrn
193 2123 323 2187 omnium
349 2123 526 2188 necessitas
555 2124 611 2189 illa
639 2125 817 2208 compellit,
848 2125 923 2208 quia
950 2124 1118 2208 paschales
1148 2124 1244 2209 cycli,
1274 2124 1340 2188 sive

118 2223 154 2305 qui
169 2223 402 2307 postLXXXIV
423 2248 479 2292 seu
501 2227 554 2311 qui
577 2231 650 2311 post
665 2226 753 2293 XCV
776 2249 877 2290 annos
899 2226 950 2290 vel
972 2226 1070 2290 etiam
1085 2227 1140 2310 qui
1161 2230 1235 2311 post
1250 2225 1340 2291 ΟΧΠ

119 2343 232 2391 surorum
251 2329 355 2413 spatia
377 2329 541 2414 prorogati
563 2330 682 2411 eodem,
707 2351 769 2413 qno
791 2329 1036 2413 praeterierant,
1061 2329 1172 2393 ordine
1194 2329 1230 2392 in
1252 2329 1339 2413 prin-

119 2425 200 2510 cipium
222 2429 267 2494 sni
293 2434 390 2516 atque
417 2431 576 2516 originem
604 2431 708 2496 redire
737 2431 924 2513 creduntur,
959 2431 994 2494 in
1023 2430 1182 2515 aliquibus
1211 2431 1340 2516 quidem

119 2526 203 2594 dicrum
220 2535 292 2596 sunt
313 2533 477 2618 parilitate
500 2534 672 2599 concordes
700 2534 754 2598 sed
776 2535 812 2598 in
834 2533 930 2597 lunae
941 2533 1108 2597 ‘varietate
1131 2533 1337 2618 dissentiunt,

120 2649 145 2693 sc
158 2652 242 2728 rursus
264 2657 361 2720 quum
384 2635 419 2699 in
440 2635 545 2700 lunari
569 2637 796 2722 supputahone
817 2635 1022 2719 reperiuntur
1043 2635 1191 2720 stabiles,
1216 2637 1340 2701 dierum

120 2733 497 2823 nobibtate²)confligru1t.
541 2737 653 2823 Neque
676 2739 778 2803 solum
800 2738 881 2802 alius
904 2738 966 2801 alio
995 2741 1045 2802 est
1072 2739 1202 2822 propria
1229 2740 1340 2804 defini-

119 2834 177 2901 tione
197 2839 365 2923 dissimilis,
398 2861 508 2904 verum
536 2842 634 2905 etiam
661 2840 781 2925 singuli
810 2841 926 2925 quique
960 2862 1069 2904 eorum
1096 2841 1128 2904 in
1159 2843 1339 2926 semetipsis

120 2935 283 3008 alternatione
310 2943 490 3027 praedicta,
526 2943 631 3007 lunari
660 2943 784 3008 scilicet
811 2965 849 3006 ac
871 2943 1010 3026 dicrum,
1039 2964 1127 3007 nunc
1150 2944 1338 3028 varietate3)

121 3037 251 3108 ammi
281 3067 368 3110 nunc
402 3047 578 3111 assertione
613 3045 775 3110 deficiunt.
826 3043 899 3108 Huc
931 3045 1070 3127 accedit,
1105 3046 1188 3129 quod
1216 3045 1338 3109 lunaris

121 3137 167 3221 ipa
180 3144 374 3212 dinumeratio
395 3148 442 3212 ita
464 3151 653 3214 cunctorum
675 3151 724 3211 est
747 3147 869 3211 variata
891 3147 1075 3228 sententiis,
1105 3149 1142 3210 ut
1163 3169 1261 3230 quum
1283 3148 1338 3211 isti

68 3317 70 3330 ,
123 3243 289 3344 robigalia
310 3249 454 3315 eamdem
474 3250 629 3315 Kalendis
650 3249 814 3314 Januariis
834 3257 965 3329 primam
987 3249 1087 3312 fuisse
1114 3251 1336 3332 pronuntient,

115 3339 158 3406 liii
179 3356 360 3436 lucerinam,
399 3352 546 3417 nonnulli
578 3358 741 3417 secundom
775 3351 959 3434 provenisse
993 3349 1199 3414 contendant.
1255 3350 1338 3414 run
1427 3369 1430 3375 ·

123 3441 198 3514 deiude
218 3453 253 3536 ii,
280 3455 335 3540 qui
364 3455 488 3538 cyclum
515 3475 673 3518 annorum
700 3452 868 3518 LXXXIV
896 3453 1078 3535 ediderunt,
1107 3451 1171 3515 XII
1198 3453 1338 3535 peractis

124 3549 297 3620 anatinam
317 3558 459 3642 unam4),
483 3578 579 3641 quam
593 3555 749 3640 peridem
764 3559 890 3639 tempus
906 3555 1002 3618 certis
1017 3577 1124 3618 annua
1140 3555 1338 3619 revolutione

124 3647 221 3720 mariis
246 3662 391 3723 asserunt
413 3658 593 3723 calculandi
615 3657 687 3742 lege
710 3679 923 3739 succrescere,
955 3656 1169 3740 adjiciendam
1192 3657 1337 3743 legitimo

126 3755 193 3819 ‘trani
209 3780 267 3824 csse
288 3761 502 3845 praecipiunt.
547 3760 630 3824 Item
652 3764 743 3841 sunt,
775 3760 830 3843 qni
852 3759 937 3822 hanc
960 3759 1102 3823 eamdem
1126 3758 1187 3824 XV
1210 3760 1337 3824 demum

125 3846 248 3938 inopiam
267 3885 353 3927 anno
375 3863 480 3948 magis
501 3862 705 3926 adnumerari
728 3861 930 3945 definiunt5).
976 3861 1075 3926 Porro
1102 3861 1154 3944 hi,
1184 3862 1237 3946 qui
1265 3865 1339 3946 post

128 4018 374 4046 N.-

68 4130 70 4189 }
169 4127 182 4191 ¹)
194 4130 225 4185 ll.
241 4140 299 4189 stad
315 4133 413 4189 Buoh.
1092 4183 1095 4189 .

68 4215 70 4227 ¹
167 4210 225 4276 'ldh
240 4223 409 4275 mamare.
444 4220 499 4274 Per
516 4225 572 4274 dies
587 4218 633 4272 hic
649 4218 789 4274 Victorius
806 4218 938 4286 intelligit
953 4223 1046 4286 ferias.
1075 4218 1160 4273 Buch.

68 4312 70 4359 ;
168 4294 227 4362 lh.
241 4310 355 4368 aeriam,
372 4320 492 4374 moxque
509 4310 630 4359 armena
648 4304 720 4371 (1000
738 4309 914 4372 dinumerata)
933 4304 1017 4358 auch.

166 4381 244 4449 ‘tha
260 4388 334 4445 diem
350 4405 436 4443 unam
454 4389 541 4444 aetati
558 4389 640 4443 lunae
651 4409 700 4458 per
716 4397 806 4444 saltum
823 4389 1017 4458 adjiciendam.
1044 4389 1136 4455 Atque
1153 4387 1207 4441 hoc
1224 4387 1337 4455 quidem

68 4454 70 4471 ¹
123 4461 175 4517 Μ
189 4471 285 4528 huosa
304 4479 454 4545 supputatio
476 4474 513 4528 ab
536 4490 610 4529 anno
628 4479 678 4529 298
700 4492 787 4543 usque
810 4475 846 4529 ad
869 4491 972 4527 annum
990 4479 1038 4529 381
1066 4473 1214 4527 decumam
1236 4473 1337 4541 effecit,

122 4557 169 4609 qne
181 4568 250 4613 suros
264 4557 402 4614 LXXXIV
419 4575 470 4628 per
488 4559 596 4630 septem
614 4540 805 4614 duodecennis
823 4558 972 4613 distribuit.
1007 4557 1083 4612 Cous.
1103 4574 1158 4612 van
1176 4558 1225 4612 dar
1237 4558 1337 4627 Hagen

121 4624 165 4688 VI&
177 4635 198 4691 io
210 4640 296 4714 Prosp.
314 4644 408 4699 chron
427 4662 455 4714 p.
467 4650 576 4711 diosa,
605 4645 697 4700 Ideler
717 4644 874 4700 Handbuch
896 4645 946 4698 der
964 4641 1150 4712 chronologie
1168 4643 1202 4710 II,
1214 4650 1272 4710 249,
1302 4644 1336 4697 da

119 4710 174 4772 Μ
186 4722 294 4800 Inscript.
314 4727 413 4784 Christ.
431 4729 543 4800 Proleg.
561 4748 627 4801 pag.
640 4731 766 4785 LXXXII
777 4748 811 4784 ss.

163 4807 178 4874 ‘l
191 4810 224 4867 Ita
234 4815 351 4886 Prosper
363 4815 518 4884 Aquitanos
531 4816 605 4870 circa
616 4834 720 4871 aunum
732 4822 782 4871 430
800 4821 935 4871 Ilommam
951 4821 1152 4883 supputationem
1170 4813 1336 4879 emendavit,

118 4887 149 4952 Iui
162 4896 244 4960 actum
260 4900 396 4955 LXXXIV
414 4918 550 4959 annorum
567 4901 595 4955 in
613 4919 661 4957 sex
679 4901 891 4971 quatuordecim
909 4916 1045 4956 annorum
1063 4898 1211 4955 laterculos
1229 4898 1334 4963 divisit;
1441 4957 1444 4964 ¹

1091 4991 1134 5051 9*
