3204 5506
130 556 154 595 a.
165 544 223 594 493.

142 3372 228 3440 Αροο.

142 3445 226 3503 sals.

237 355 300 421 326
714 366 742 418 s‘.
759 367 899 416 asnasu
922 366 1035 416 raras

237 528 322 591 inter
353 527 423 610 ipsa
455 525 633 589 recentium
665 523 884 587 calamitatum
917 522 1076 586 ferventis
1106 520 1251 607 pericula
1287 521 1523 606 comperimus,

238 628 496 715 perniciosiorem
520 626 664 691 diabolus
688 625 944 691 Christianorum
971 624 1134 689 mentibus
1154 623 1280 707 labem,
1323 644 1429 708 quam
1459 644 1525 688 cor-

237 730 368 815 poribus
391 729 515 793 hostilis
538 727 661 810 feritas,
685 729 851 813 irrogavit.
889 727 980 803 oum
994 727 1113 791 malum
1135 725 1371 810 principaliter
1393 725 1525 793 illarum

238 833 405 917 regionum
429 832 559 915 respicit
581 831 773 915 sacerdotes,
805 831 859 913 qui
882 833 974 894 tauta
997 829 1137 914 segnitia
1158 831 1321 914 tantaque
1344 827 1524 895 ministerii

238 936 490 998 dissimulatione
513 933 653 1016 suscepti
677 934 915 998 commissarum
938 933 1000 996 sibi
1022 931 1195 1016 negligunt
1216 931 1373 1016 regimen
1398 931 1525 997 anima·

238 1059 325 1120 rum,
354 1041 390 1100 ut
413 1059 466 1101 eas
489 1037 587 1100 etiam
610 1036 650 1098 ab
674 1036 798 1117 exiguis
821 1036 998 1119 quibusque
1026 1033 1168 1099 bestiolis
1195 1034 1337 1100 lacerari
1361 1034 1428 1099 sub
1452 1055 1524 1100 oon·

239 1139 400 1225 spectibus
428 1139 493 1203 suis
521 1138 652 1222 impunc
675 1139 857 1221 patientum
894 1136 1070 1221 quinimmo
1097 1136 1311 1222 subrepentes
1341 1137 1523 1222 nequitias,

240 1242 470 1322 conf‹›vendo²)
499 1246 531 1305 et
559 1241 823 1325 depravatoribus
855 1238 1085 1323 acquiescendo
1120 1238 1277 1323 fidelium,
1316 1261 1391 1304 non
1420 1240 1524 1306 solum

238 1345 369 1410 minime
388 1344 566 1426 retrabant,
591 1343 646 1407 scd
668 1345 730 1427 ipsi
753 1344 857 1428 magis
880 1342 1057 1425 praebeant
1078 1341 1208 1427 proprio
1222 1342 1440 1408 nutrimenta
1455 1364 1524 1430 per·

239 1447 371 1512 ditionis
394 1447 548 1530 exemplo.

323 1549 354 1613 2.
393 1548 475 1624 Quid
498 1551 604 1611 autem
626 1547 708 1611 tales
731 1551 839 1611 essent
854 1547 957 1611 acturi
972 1546 1151 1630 pontifices,
1175 1545 1213 1628 si,
1237 1547 1325 1631 qnod
1344 1548 1451 1631 absit,
1473 1548 1523 1615 vol
1601 1554 1602 1565 ’

240 1651 347 1734 aliqua
371 1672 453 1714 noua
474 1651 574 1734 pestis
602 1652 635 1712 et
663 1649 810 1732 primitus
839 1650 989 1733 ignorata
1017 1651 1255 1733 prorumperet,
1291 1650 1345 1714 vel
1376 1650 1523 1736 ingeniis
1601 1693 1602 1698 1

240 1752 414 1816 acrioribus
437 1753 645 1835 sensibusque
671 1751 808 1814 versutis
837 1755 892 1814 sut
920 1751 1026 1835 aliqua
1053 1751 1262 1817 saccularium
1291 1751 1522 1819 doctrinarum
1577 1738 1580 1753 Ε

239 1855 354 1939 peritia
378 1855 501 1919 callidis
524 1853 681 1937 sacrilega
704 1852 976 1936 blasphemiarum
998 1853 1085 1917 dicta
1107 1857 1344 1938 promerentur,
1370 1855 1432 1942 qui
1453 1860 1521 1923 tarn

239 1957 355 2021 veteris
384 1958 499 2020 erroris
507 1957 532 2039 ³)
562 1955 680 2019 detrita
709 1961 903 2039 commenta,
938 1960 1068 2040 tamque
1100 1956 1275 2040 majoribus
1305 1957 1529 2025 eeclesiarum·

239 2059 403 2143 magistris
426 2081 521 2143 quam
545 2058 643 2122 etism
665 2062 776 2122 nostra
799 2062 905 2122 aetate
928 2059 1085 2141 convicta,
1114 2080 1180 2122 non
1208 2059 1362 2125 recolunt
1386 2081 1452 2125 nec
1473 2080 1521 2126 re

238 2161 358 2243 fusam,
383 2166 478 2245 atque
501 2162 542 2224 ab
565 2161 723 2244 imperitis
746 2161 914 2245 stultisque
937 2161 1063 2244 prolata
1085 2182 1151 2224 non
1173 2165 1342 2246 respuunt.
1386 2162 1521 2228 Gratias

239 2263 451 2346 omnipotenti
482 2263 566 2345 Deo,
603 2263 754 2345 quonism
783 2285 910 2326 suonmr
939 2263 1034 2326 corda
1061 2284 1118 2347 per
1145 2260 1330 2345 hujusmodi
1361 2286 1522 2348 personas

240 2365 419 2446 examinat,
452 2365 505 2448 qui
535 2365 594 2428 hoc
623 2366 726 2449 ipsam
750 2365 836 2428 virus
859 2365 1053 2447 nesciuut4),
1083 2362 1166 2450 quod
1188 2363 1387 2448 loquuntur!
1434 2366 1521 2433 Nam

239 2467 315 2551 quid
336 2467 483 2530 facerent
505 2467 694 2550 populorum
716 2466 879 2551 praesules
902 2467 960 2530 sub
983 2465 1192 2531 astutioribus
1213 2464 1372 2551 inimicis,
1408 2469 1467 2555 qui
1488 2490 1522 2535 so
1565 2540 1569 2551 ¹

240 2568 415 2651 subjiciunt
438 2567 575 2631 libenter
603 2567 764 2632 indoctis?
808 2568 942 2644 Quando
965 2569 1090 2653 utique,
1120 2567 1245 2633 etiamsi
1266 2571 1368 2634 tauta
1392 2575 1466 2637 erat
1487 2571 1522 2639 in

240 2670 416 2734 rectoribus
439 2670 589 2734 dominici
612 2671 720 2755 gregis
736 2692 865 2754 prorsus
880 2671 1021 2755 ignauia,
1046 2676 1083 2737 ut
1104 2672 1198 2756 nec⁵)
1220 2675 1290 2737 tam
1305 2672 1410 2740 vilem
1425 2674 1522 2741 hebe-
1535 2690 1564 2749 ‚··'

239 2776 367 2856 temque
390 2794 560 2856 personam
583 2773 708 2857 possint·
731 2772 780 2836 vel
801 2772 990 2858 intellegere
1013 2773 1062 2838 vel
1085 2772 1225 2858 frenare,
1244 2770 1422 2858 'pastorali
1445 2798 1522 2845 curs

241 2873 410 2938 debuerint
433 2898 451 2938 a
472 2874 565 2940 nobis
589 2875 811 2960 cognoscenda
834 2874 1027 2961 perquirere,
1058 2898 1154 2960 quam
1177 2875 1387 2945 suasionibus
1410 2879 1522 2947 incon·
1571 2958 1574 2963 .

241 2976 421 3042 sideranter
444 2978 590 3042 absurdis
613 2978 742 3042 facilem
764 2979 953 3043 submittere
976 2978 1211 3044 voluntatem‘
1572 3056 1575 3063 Ι

325 3080 355 3144 3.
405 3081 540 3144 Oblatas
569 3085 618 3145 est
651 3082 737 3144 euim
765 3080 857 3144 nobis
885 3080 1075 3145 miserabilis
1103 3102 1200 3145 senex
1224 3079 1352 3148 Seneca
1375 3085 1521 3170 nomine,

241 3181 295 3265 qui
319 3204 382 3245 nou
406 3183 498 3245 modo
521 3184 620 3246 totius
643 3189 775 3248 sanctae
803 3184 991 3248 cruditionis
1020 3183 1144 3248 alienus
1176 3185 1231 3250 sed
1259 3184 1367 3270 ipsius
1396 3208 1524 3275 quoquc

241 3283 477 3368 intelligentiae
501 3286 677 3348 coumumis
699 3307 828 3369 prorsus
852 3289 1038 3369 extraneus,
1072 3287 1107 3349 in
1130 3284 1327 3371 pelagianae
1351 3288 1524 3376 voraginis

242 3407 357 3467 coeno,
382 3387 464 3450 sicut
488 3383 526 3450 de
549 3387 739 3471 quibusdam
761 3389 795 3452 in
818 3387 1014 3473 Apocalypsi
1037 3387 1190 3472 legimuS,
1220 3388 1406 3455 velutunu
1428 3413 1524 3458 rans·
1580 3458 1602 3474 Α

242 3509 312 3550 rum
334 3487 555 3570 imprudenter
576 3490 760 3572 immersus,
789 3490 886 3574 inque
915 3491 970 3554 illa
999 3492 1089 3554 faece
1116 3489 1317 3555 horribiliter
1339 3492 1523 3579 volutatus,

241 3587 425 3651 nullatenus
448 3590 522 3654 iude
545 3592 683 3675 qualiter
705 3613 867 3676 erriergcre
890 3597 998 3676 posset·
1019 3592 1204 3675 inveniens3
1232 3592 1310 3676 quia
1339 3596 1525 3680 puritatem

241 3688 425 3772 relinquens
458 3693 634 3757 catholicae
667 3694 828 3777 veritatis,
867 3700 989 3778 quanto
1018 3718 1052 3759 se
1079 3716 1137 3780 per
1168 3694 1328 3759 lubricum
1364 3697 1524 3767 fulsimus
1580 3751 1583 3760 .

243 3794 378 3854 conatur
405 3793 568 3877 attollere,
603 3799 696 3859 tanto
717 3796 822 3879 inagis
852 3796 920 3878 ejus
948 3796 1061 3862 lutosis
1082 3797 1183 3862 foveis
1207 3797 1449 3868 circumclusus
1469 3801 1525 3868 ob·
1600 3877 1602 3888 ,

240 4010 328 4063 regno
346 3994 418 4049 niter
437 4014 465 4051 se
484 3997 673 4052 (lacunabant.
716 3997 770 4052 Sed
794 4001 883 4051 morte
903 3998 1030 4065 0111111,
1060 4000 1107 4067 qui
1130 4001 1183 4056 hoc
1200 4016 1274 4077 armo
1292 4008 1347 4059 493
1367 4004 1525 4065 suanos

241 4081 291 4145 cst,
309 4081 434 4135 incursus
452 4082 491 4135 illi
510 4083 683 4150 quieveruut.
992 4105 995 4111 ·

307 4168 328 4223 'l
348 4167 390 4220 lla
408 4167 455 4231 (l'3
474 4185 490 4220 11
522 4169 539 4218 11
561 4175 733 4236 cirrupoue‘ado
752 4174 780 4221 cl
799 4185 861 4222 nlox
881 4188 942 4222 cum
961 4169 1022 4224 allis
1040 4170 1122 4225 editis
1140 4191 1189 4226 non
1205 4177 1285 4227 comm
1302 4194 1352 4229 eas
1371 4183 1475 4234 niniae
1487 4206 1539 4238 ...1

239 4256 287 4304 red
304 4257 368 4318 ipsis
385 4257 527 4319 proebeant
546 4260 663 4321 prcrprr'u.
701 4253 765 4305 Mox
784 4254 817 4306 a·
838 4261 876 4307 ccl
893 4260 962 4322 quod
979 4261 1094 4324 ingeniis.

308 4337 328 4402 ³)
346 4335 446 4390 Leonis
465 4337 544 4407 epist.
560 4346 573 4391 1
593 4338 629 4392 ad
646 4337 850 4405 ¹tquilejunsom
870 4338 1031 4409 episcopum
1050 4341 1149 4407 recole,
1167 4341 1291 4396 1111114
1310 4343 1428 4417 Pelagii
1445 4366 1525 4406 error

241 4426 352 4473 exclama
370 4427 427 4474 01111
445 4427 535 4490 (lopiac
554 4423 669 4490 ejusque
687 4422 792 4492 placita
810 4430 936 4477 exstinctu
955 4431 1086 4497 1111111111,
1106 4444 1123 4480 a
1140 4425 1272 4495 pontifice
1292 4431 1495 4499 appellantur.

240 4534 273 4543 -
291 4504 356 4558 Mox
374 4505 442 4559 editi
458 4513 558 4574 gratius
578 4512 632 4560 Deo
650 4513 753 4575 11911111,
772 4508 818 4562 ubi
837 4509 865 4562 in
884 4509 917 4561 ti*
938 4510 1016 4564 (locst
1034 4517 1137 4578 opimus.

309 4591 329 4651 ⁸)
347 4588 423 4643 Haec
441 4592 580 4645 sententia
597 4592 710 4647 inferius
728 4593 890 4662 explicatur,
914 4595 962 4647 uui
980 4611 1074 4649 senem
1092 4596 1126 4650 dc
1145 4595 1187 4649 his
1206 4597 1332 4667 uenenis,
1351 4619 1431 4673 quae
1448 4607 1523 4663 mla

239 4672 333 4726 hausit.
356 4678 384 4726 et
407 4676 523 4740 vomuit,
552 4678 656 4732 nullam
683 4678 819 4732 rationem
847 4681 890 4735 vol
916 4680 1041 4749 acccipere
1068 4681 1160 4737 valere
1186 4681 1302 4740 omnino
1330 4688 1380 4744 vol
1402 4691 1524 4751 reddero

242 4756 349 4812 dicitur.
1588 4812 1592 4819 .

309 4844 456 4909 5)1111(11’;
481 4845 548 4898 editi
571 4868 601 4900 ac
624 4859 674 4901 lum
746 4857 831 4915 patim
852 4858 988 4919 pastorali.
1023 4854 1064 4906 Ao
1085 4851 1229 4907 subaudiri
1250 4854 1424 4925 frequentor
1446 4863 1524 4935 apud
1553 4874 1560 4881 '

240 4928 349 4987 veteres
366 4935 458 5000 potiar.
476 4932 574 4985 notum
592 4939 640 4985 cst.
677 4932 783 4989 Deinde
801 4935 869 4991 editi
887 4944 963 4993 11111111
982 4950 1020 4992 cst
1037 4943 1186 4993 eruditionis
1257 4946 1438 5010 impurium.
