3204 5506
203 339 246 403 40
572 316 705 401 nioman
730 352 880 399 ruauvtn
905 352 941 398 lu
964 351 1104 400 uuunsu

206 518 349 587 baronius,
372 533 454 591 quum
475 533 489 570 a
505 513 642 571 Frontone
657 514 761 571 lincaeo
783 515 889 571 saniora
904 522 931 570 et
946 513 1096 589 integriora
1111 514 1259 588 accepisset
1273 530 1288 569 e
1304 513 1471 570 virdunensi

205 622 254 660 ms.
276 603 426 676 descripta,
449 600 587 657 annalibus
607 602 664 656 suis
685 599 717 656 ad
737 616 837 656 annum
853 599 914 657 495
935 616 967 656 ex
988 599 1069 671 hujus
1090 599 1249 674 exemplaris
1271 597 1322 670 tide
1343 600 1474 655 inseruit.

206 688 317 745 latetur
331 686 453 761 quidem
477 688 568 743 necin
591 687 644 742 boc
664 687 743 742 etiam
767 685 861 742 codice
881 684 976 742 deesse
996 685 1105 746 menda,
1126 685 1174 740 sed
1194 693 1299 746 monet.
1321 683 1476 741 collatione

204 775 273 830 iacta
288 790 349 830 cum
364 775 396 830 iis
412 773 509 847 gestis,
531 789 599 846 quae
614 788 629 827 e
645 772 771 827 Vaticano
784 788 847 827 cusa
862 779 940 834 sunt,
961 788 1055 847 parum
1070 769 1178 834 abesse,
1201 771 1266 845 quin
1282 771 1309 826 in
1324 770 1476 844 pristinum

205 858 347 916 madorem
363 857 511 915 habeantur
525 859 659 913 restituta.
690 857 719 913 ln
735 858 787 913 boc
808 865 895 912 tamen
917 858 1047 912 variarum
1062 855 1208 912 lectionum
1230 855 1336 912 delectu
1351 856 1375 911 si
1393 871 1477 911 occu·

206 945 343 1020 patissimo
366 945 423 999 viro
445 942 478 998 ad
498 941 656 1017 pensitanda
672 958 794 1016 quaeque
809 943 990 998 necessarium
1006 958 1060 998 uon
1077 941 1208 998 defuisset
1222 951 1342 1015 tempus.
1365 939 1478 996 felicior

206 1047 265 1086 esse
276 1030 419 1104 potuisset.
448 1028 541 1102 Neque
556 1029 628 1084 hunc
642 1026 761 1084 laborem
776 1035 872 1101 postea
889 1029 916 1084 in
932 1044 962 1083 se
977 1035 1156 1102 susceperunt
1171 1027 1262 1083 Binius
1277 1043 1307 1082 ac
1322 1032 1477 1100 sequentes

206 1115 382 1173 conciliorum
397 1113 529 1176 editores.
548 1121 576 1168 ut
594 1113 734 1169 varietates
750 1112 917 1169 aFrontoue
927 1112 1032 1170 lincaeo
1047 1120 1187 1168 annotatas
1203 1112 1234 1168 ad
1251 1113 1380 1169 trutinam
1396 1127 1478 1167 revo-

206 1209 311 1262 carent.
328 1216 428 1273 easque
443 1201 470 1255 in
486 1206 591 1255 textum
606 1199 787 1254 transferrent
802 1197 947 1262 lectiones,
970 1215 1038 1272 quae
1053 1199 1175 1272 potiores
1192 1198 1360 1254 viderentur:
1392 1196 1478 1252 baro·

207 1287 315 1343 nianum
327 1285 464 1359 exemplar
474 1286 582 1358 penitus
593 1285 687 1347 secuti,
704 1283 831 1357 quasdam
847 1300 879 1340 ex
894 1283 1036 1358 praedictis
1052 1282 1222 1340 varietatibus
1238 1282 1271 1339 ad
1286 1282 1387 1339 calcem
1411 1280 1478 1338 sub·

206 1371 291 1443 jicere
307 1372 373 1426 satis
389 1369 550 1426 habuerunt.
582 1368 639 1425 lloc
661 1370 752 1443 itaque
767 1386 836 1444 opus
859 1368 935 1425 nobis
951 1387 1023 1426 nunc
1039 1367 1205 1425 tentandum.

293 1471 321 1528 2.
344 1474 382 1528 dc
397 1475 484 1546 primo
501 1471 608 1545 quidem
624 1472 743 1527 occurrit
757 1488 813 1527 non
828 1471 886 1527 leve
902 1471 968 1527 illud
984 1471 1140 1533 discrimen.
1158 1471 1231 1545 qnod
1246 1469 1374 1527 subnexis
1387 1474 1479 1546 gestis

207 1561 234 1616 in
251 1558 369 1614 editione
384 1557 501 1613 llomana
516 1574 548 1612 ex
560 1556 686 1612 Vaticano
697 1555 790 1612 codice
806 1557 986 1631 praemittitur
1000 1558 1156 1629 Dioarysius
1167 1557 1301 1630 Exiguus
1312 1557 1424 1614 Romae
1440 1559 1479 1614 de

206 1660 314 1719 graeco
336 1647 477 1704 conuerti.
500 1641 661 1698 virdunensi
683 1650 771 1697 autem
794 1658 842 1697 ms.
860 1639 944 1697 abest.
981 1640 1050 1697 llinc
1072 1639 1172 1697 oboriri
1193 1640 1331 1698 nonnullis
1352 1635 1478 1716 adspicio

209 1737 315 1804 posset.
333 1728 431 1802 duplex
446 1728 474 1782 iu
486 1726 591 1783 dnobus
606 1726 659 1783 illis
673 1744 736 1781 mss.
750 1726 906 1782 eorumdem
917 1734 1058 1801 gestorum
1073 1727 1202 1782 asservari
1212 1726 1372 1800 exemplum.
1389 1744 1478 1784 unum

208 1814 312 1871 scilicet
327 1830 359 1868 ex
375 1813 530 1868 authentico
545 1811 629 1868 latino
645 1810 823 1885 descriptum,
847 1811 961 1867 alterum
982 1828 1142 1867 conversum
1163 1829 1178 1868 e
1193 1828 1307 1887 graeco,
1330 1828 1381 1869 nec
1396 1812 1478 1869 aliam

209 1898 388 1974 quaerendam
403 1914 524 1960 causam.
546 1914 594 1953 cur
609 1897 664 1952 tluo
679 1897 724 1952 illa
740 1891 864 1971 exempla
876 1905 918 1953 tot
932 1898 1004 1954 inter
1019 1913 1049 1952 se
1064 1896 1130 1953 locis
1147 1897 1308 1971 discrepent.
1345 1899 1381 1952 At
1402 1899 1480 1954 inter

208 1986 364 2045 varietates,
382 1982 479 2058 quibus
495 2000 559 2038 mss.
578 1983 717 2038 Vaticanus
733 1998 764 2037 ac
778 1981 954 2038 l'lrdunensis
971 1981 1110 2047 dissident,
1127 1982 1323 2038 excutientibus
1339 1982 1413 2039 nulla
1429 2000 1479 2057 ap·

208 2071 311 2144 paruit,
342 2086 410 2143 quae
431 2069 649 2142 interpretationi
671 2066 791 2123 diversae
812 2085 843 2124 ac
863 2083 918 2123 non
945 2069 1036 2142 potius
1059 2069 1104 2122 ιιιιι
1126 2066 1294 2123 librariorum
1316 2067 1410 2140 majori
1433 2067 1478 2124 vel

209 2156 306 2211 minori
323 2153 479 2228 diligentiae
496 2152 637 2209 tribuenda
652 2153 799 2208 videretur.
822 2151 921 2208 Deinde
936 2169 1096 2226 persuasum
1111 2152 1189 2208 nobis
1206 2153 1265 2215 ιιιιι,
1281 2152 1393 2209 Romani
1408 2169 1478 2209 con·

209 2241 262 2296 cilii
277 2240 304 2295 ιιι
320 2256 400 2295 causa
414 2238 473 2294 ltali
488 2240 607 2313 episcopi
622 2246 701 2312 gesta
716 2237 797 2293 latmo
813 2238 965 2311 conscripta
985 2254 1058 2299 esso,
1087 2246 1133 2293 aut
1153 2239 1174 2293 si
1197 2240 1275 2294 etiam
1297 2240 1324 2294 in
1346 2255 1479 2312 graecum

209 2341 361 2381 sermonem
376 2331 489 2399 propter
501 2323 616 2379 Graecos
630 2323 749 2378 luissent
759 2339 897 2384 consterna.
913 2321 1025 2378 latinum
1037 2340 1131 2378 eorum
1144 2323 1279 2398 exemplar
1290 2324 1478 2380 authenticum

210 2410 335 2484 llionysio
352 2407 470 2483 Exiguo,
487 2410 532 2482 qui
549 2407 647 2463 Romae
663 2407 812 2481 Symmachi
829 2423 912 2481 papae
929 2406 1094 2481 temporibus
1111 2407 1251 2471 scribebat.
1268 2407 1360 2479 ejusve
1376 2425 1479 2483 acqua·

209 2495 278 2551 libus
293 2493 418 2550 Romanis
434 2510 601 2566 nequaquam
617 2494 654 2548 ita
669 2494 793 2565 ignotum
809 2500 854 2547 aut
870 2491 1007 2547 occultum
1023 2492 1146 2549 futurum
1162 2495 1253 2557 luisse.
1271 2503 1302 2550 ut
1318 2493 1358 2550 vel
1371 2501 1477 2556 essent.

209 2581 255 2654 qui
270 2595 365 2635 novam
381 2595 396 2634 e
412 2594 510 2652 graeco
523 2579 728 2633 conversionem
741 2576 772 2631 ab
784 2594 817 2632 eo
830 2585 1001 2651 quaererent,
1018 2578 1060 2634 vel
1071 2581 1117 2652 qui
1128 2596 1189 2635 eum
1202 2579 1234 2635 ad
1245 2579 1367 2634 inutilem
1380 2578 1478 2650 hujus·

209 2664 281 2721 modi
297 2668 405 2737 operam
421 2661 616 2736 suscipiendam
633 2661 760 2718 inducere
775 2664 937 2736 potuissent.
975 2662 1116 2720 Praeterea
1136 2672 1163 2720 et
1184 2667 1210 2720 ιιι
1233 2666 1279 2726 iis.
1301 2681 1369 2738 quae
1390 2665 1478 2720 iuter·

210 2750 332 2824 loquitur
347 2746 481 2809 Celusius,
504 2747 570 2803 adeo
592 2747 751 2802 raramiestus
772 2749 844 2803 visus
860 2756 901 2802 est
917 2747 975 2818 ejus
987 2747 1081 2809 stilus.
1104 2758 1133 2804 ut
1155 2750 1338 2806 authenticum
1360 2748 1477 2806 latinum

210 2835 243 2891 ad
258 2850 308 2890 nos
325 2834 480 2908 pervenisse
496 2832 562 2888 nibil
578 2830 770 2887 dubitaremus.
1463 2836 1470 2847 ·

293 2937 321 2993 3.
352 2935 406 2990 lsta
421 2951 505 3008 quum
520 2932 753 2996 observassemus,
770 2936 946 3009 archetypum
962 2938 1123 3010 recognosci
1141 2937 1292 2992 curavimus
1308 2937 1475 2999 Vaticanum.

209 3039 241 3077 ox
261 3038 316 3095 qno
333 3022 416 3076 totius
438 3021 476 3075 rei
499 3021 593 3075 veritas
610 3019 716 3074 tamlem
733 3018 810 3074 uobis
826 3020 964 3094 explorata
980 3021 1038 3076 luit.
1084 3020 1112 3076 ln
1135 3021 1186 3077 boc
1208 3023 1306 3096 quippe
1328 3021 1477 3097 exemplari

209 3115 286 3182 gesta
301 3105 334 3164 de
346 3106 440 3162 bliseni
451 3103 621 3160 absolutione
633 3105 752 3179 proxime
764 3105 898 3161 antecedit
911 3107 1031 3177 libellus,
1045 3122 1126 3180 quem
1136 3108 1276 3163 dederuut
1288 3110 1481 3179 apocrisiarii

209 3193 430 3249 Alexandrinae
446 3193 587 3247 ecclesiae
601 3192 705 3264 legatis
720 3191 756 3246 ab
770 3191 840 3247 arbe
850 3191 941 3247 Romo
950 3191 1219 3264 Constantinopolim
1230 3194 1389 3262 destinatis,
1406 3192 1478 3248 inira

210 3279 280 3333 inter
294 3276 422 3351 epistolas
438 3277 569 3331 Anastasii
584 3275 605 3330 ll
621 3274 755 3336 edendus,
772 3275 804 3330 ad
820 3276 896 3347 cujus
912 3275 1010 3332 calcem
1026 3276 1141 3351 legitur:
1158 3278 1289 3350 Explicit
1303 3278 1473 3350 Dionysius.

209 3363 277 3418 ‘lum
292 3364 417 3435 sequitur
431 3361 484 3417 hoc
500 3360 615 3434 llionysii
633 3361 829 3416 testimoninm:
846 3361 1001 3434 Dionysius
1015 3363 1149 3436 Exiguus
1163 3363 1198 3418 ιιι
1209 3378 1316 3436 praeco
1329 3347 1463 3419 contorti
1470 3389 1477 3421 :

210 3448 253 3503 cui
275 3445 456 3516 subjiciuntur
471 3454 548 3518 gesta
563 3444 596 3500 de
612 3444 782 3500 absolutione
799 3445 901 3502 Miseni.
938 3445 1040 3514 Quibus
1061 3445 1146 3520 probe
1168 3449 1308 3521 perpensis
1323 3446 1477 3504 Romanurn

210 3530 356 3592 editorem.
379 3547 461 3604 quum
477 3529 595 3602 llionysii
617 3531 801 3585 testimoninm
821 3531 855 3585 de
876 3533 961 3604 gestis
977 3533 1005 3586 iu
1020 3531 1190 3587 absolutione
1205 3532 1299 3588 bliseni
1316 3531 1418 3587 dictum
1435 3534 1477 3588 iu·

212 3615 329 3676 tullerit.
347 3614 538 3670 hallucinatum
557 3631 617 3670 esse
632 3616 763 3669 coristitit.
802 3613 874 3670 Licet
890 3616 960 3671 enim
975 3617 1012 3672 ita
1026 3617 1062 3672 sit
1078 3618 1196 3691 positum
1213 3618 1265 3673 boc
1280 3618 1476 3677 testimonium.

213 3709 241 3755 ιιι
256 3699 378 3774 adgesta
392 3699 438 3755 illa
452 3698 564 3773 perinde
580 3707 660 3771 atque
676 3698 707 3753 ad
723 3699 925 3755 antecedentem
942 3700 1061 3757 libellum
1077 3702 1171 3757 referri
1187 3701 1285 3765 valeat,
1303 3700 1368 3757 illud
1387 3711 1477 3759 tamen

211 3785 243 3840 ad
259 3784 380 3840 libellum
394 3785 531 3858 pertinere
546 3792 638 3857 aperte
653 3782 746 3839 docuit
762 3783 899 3847 librarius.
917 3802 999 3859 quum
1011 3787 1043 3841 ad
1056 3787 1114 3858 ejus
1127 3787 1225 3843 calcem
1239 3787 1395 3860 adscripsit:
1412 3789 1476 3844 Ex·

208 3873 290 3944 plicil
306 3871 470 3942 Dionysius.
507 3868 599 3942 Neque
615 3885 678 3923 vero
694 3870 927 3942 apocrisiariorum
941 3870 1132 3927 Alexandrinae
1148 3872 1276 3927 ecclesiae
1292 3871 1398 3927 libellus
1415 3871 1477 3928 llio·

212 3956 289 4030 nysio
310 3953 419 4011 attribui
435 3955 524 4028 potuit
544 3961 574 4010 ut
590 3957 712 4009 auctori.
759 3952 888 4021 Quocirca
909 3963 1006 4017 restat.
1030 3965 1059 4011 nt
1080 3958 1131 4031 ipsi
1154 3955 1319 4012 adscribatur
1340 3966 1477 4030 tamquam

211 4041 367 4114 interpreti;
389 4056 441 4112 qua
462 4037 495 4093 de
513 4056 543 4094 re
564 4046 594 4093 ut
610 4054 689 4094 nemo
704 4038 833 4114 arrrbigat,
856 4040 929 4096 docti
945 4040 1025 4110 lmjus
1041 4042 1164 4097 arrorxaclri
1183 4041 1313 4097 disertum
1329 4041 1397 4097 illud
1412 4041 1477 4097 sub·

207 4125 302 4197 jicitur
317 4125 515 4181 testimonium:
543 4124 697 4196 Dionysius
712 4125 846 4198 Exiguus
861 4128 1018 4199 depraeca
1033 4131 1171 4183 corruerti.

121 4220 198 4292 [Ea]
298 4204 384 4287 [ldem
400 4207 541 4265 confirmat
553 4208 637 4264 codex
651 4208 892 4272 Vaticanus4961.
909 4227 988 4284 quem
1004 4212 1082 4266 etiarn
1098 4229 1148 4286 pro
1165 4213 1214 4268 bac
1229 4212 1334 4286 synodo
1350 4215 1477 4269 recensui

212 4304 240 4352 et
255 4293 332 4365 cujus
348 4295 419 4350 iorte
436 4294 481 4349 ille
497 4293 608 4349 editoris
626 4292 735 4350 Romani
752 4296 858 4350 nonnisi
874 4296 1051 4369 apographon
1065 4305 1135 4359 erat;
1152 4299 1178 4353 in
1196 4313 1250 4370 tho
1267 4296 1364 4354 iolli3
1380 4307 1478 4371 aperte

212 4380 308 4437 litteris
325 4379 479 4451 majusculis
496 4378 669 4435 adscribitur:
700 4381 841 4453 Explicit.
872 4382 1027 4454 Dionysius
1043 4382 1179 4456 Exiguus
1194 4383 1303 4439 Romae
1317 4383 1352 4437 dc
1366 4399 1478 4455 praeco

213 4459 365 4540 converti]

297 4549 415 4623 benique
430 4560 519 4606 cetera
534 4552 707 4606 corrveniunt.
739 4551 803 4606 liam
819 4560 846 4605 ot
861 4549 968 4607 libellus
982 4550 1014 4606 ab
1029 4554 1207 4626 apocrisiariis
1224 4551 1418 4608 Alexandrinae
1434 4570 1478 4609 ec·

213 4635 310 4690 clesiae
325 4634 422 4708 legatis
438 4635 569 4691 Anastasii
581 4634 602 4690 ll
617 4653 700 4709 papae
716 4635 793 4691 datus
809 4635 890 4691 latina
902 4637 1124 4711 interpretatione
1135 4639 1265 4711 eguisset.
1282 4646 1309 4692 et
1319 4637 1477 4710 Dionysium

214 4719 345 4793 Exiguum
361 4721 481 4792 proxime
496 4729 559 4794 post
575 4730 689 4776 mortem
705 4721 815 4784 Gelasii.
837 4722 879 4776 cui
895 4723 1051 4778 Anastasius
1072 4725 1216 4785 suecessit,
1238 4722 1348 4777 Romam
1370 4724 1478 4779 venisse

213 4814 316 4860 certum
332 4813 382 4859 est.
413 4804 484 4860 Alias
500 4814 588 4861 antem
604 4806 746 4860 varietates
762 4808 787 4861 in
804 4805 932 4876 subjectis
949 4807 1166 4864 annotationibus
1182 4806 1375 4881 expendemus.

298 4906 327 4961 l.
358 4907 438 4962 Gesta
455 4907 520 4962 baec
534 4906 625 4962 laudat
642 4906 752 4981 l⁷igilius
768 4925 835 4982 papa
850 4909 877 4963 iu
893 4910 1043 4965 constituto
1058 4927 1107 4965 seu
1122 4909 1236 4984 epistola
1250 4908 1290 4964 24
1307 4909 1414 4972 n125,
1432 4909 1479 4966 ubi
