3204 5506
582 370 777 421 saissonis
801 364 830 421 6.
856 363 884 418 l.
1306 353 1369 419 335

78 528 122 589 aa
145 547 297 626 necesse
322 529 381 609 est,
410 527 501 590 utin
524 529 727 592 contumaces
750 529 783 590 et
805 526 928 590 desides
950 525 1102 589 traditam
1124 524 1185 588 sibi
1213 496 1472 589 ‹livinitusana

78 649 146 692 uon
172 628 369 694 dissimulet
393 632 594 715 potestatem.
640 628 726 723 Data
753 628 903 693 Calendis
926 627 1127 711 Novembris,
1157 626 1277 691 Albino
1300 627 1367 690 viro

78 730 274 797 elarissmro
298 732 438 798 consule.

611 919 794 1023 Epistola
820 919 852 1003 7.

163 1072 306 1142 Gelasii
332 1089 442 1157 papae
464 1072 507 1139 ad
531 1073 712 1157 episcopos
734 1090 799 1155 per
821 1071 1039 1138 Dardaniam
1062 1073 1290 1138 constitutos.
1379 1079 1491 1146 (anea.)

119 1215 175 1265 llos
191 1217 341 1265 tarditatem
359 1217 498 1273 recusauit,
516 1231 561 1263 car
579 1216 723 1264 electionem
741 1229 810 1262 surim
829 1216 866 1263 eis
878 1229 927 1263 non
940 1215 1013 1262 citius
1026 1214 1148 1262 isanharit
1160 1211 1237 1274 (ml),
1256 1221 1331 1278 atque

121 1303 262 1364 exposuit,
290 1301 414 1366 quomodo
439 1299 597 1362 Eutychiana
621 1300 735 1348 haeresis
757 1301 829 1363 apud
848 1300 961 1348 Graecos
984 1306 1044 1346 irata
1062 1296 1205 1361 Scripturis
1222 1299 1331 1347 aduersa

123 1386 237 1450 ideoque
254 1385 386 1435 catholicis
404 1385 524 1434 damnata
536 1385 569 1433 sit
582 1381 660 1447 (usti),
679 1400 771 1441 cararia,
791 1387 834 1449 qni
851 1384 882 1433 ob
899 1386 1054 1447 pertinacem
1067 1399 1120 1432 cum
1136 1385 1184 1433 illis
1196 1384 1332 1433 haereticis

124 1472 321 1521 munionem
339 1471 453 1519 daranati
468 1477 533 1526 aaut,
552 1470 651 1519 nomina
668 1473 780 1519 recitare
798 1486 848 1519 non
866 1472 944 1519 licere
962 1471 1043 1527 docet,
1063 1477 1139 1535 alque
1151 1475 1177 1518 nl
1193 1473 1332 1518 recitantes

469 1572 485 1604 a
503 1571 531 1604 ae
549 1556 688 1604 excludant
705 1555 824 1604 hortatur
843 1553 877 1618 (n.
891 1559 906 1606 3
919 1562 944 1604 et
957 1556 991 1617 l),

248 1687 539 1753 Dilectissimis
580 1689 776 1753 fratribus
814 1689 1015 1752 universis
1055 1687 1254 1772 episeopis
1297 1697 1367 1773 per'

296 1790 542 1855 Dardaniam
566 1791 803 1855 constitutis
827 1790 1012 1854 Gelasius
1035 1791 1254 1876 episcopus.
1267 1791 1290 1874 ¹)

188 1914 215 1975 1.
256 1910 318 1976 Ubi
346 1911 485 1995 primurn
519 1912 676 1995 respirare
708 1912 758 1975 fas
792 1914 841 1974 est
869 1934 888 1973 a
916 1911 1141 1975 continuorum
1174 1913 1364 1994 tempestate

112 2008 261 2095 bellorum,
285 2035 366 2097 quae
389 2013 439 2076 vel
461 2014 495 2077 in
517 2013 580 2077 illis
603 2014 776 2097 provinciis
799 2012 849 2075 vel
871 2013 906 2076 in
929 2013 999 2076 istis
1022 2016 1201 2097 temporum
1225 2013 1364 2098 qualitas
1422 2000 1445 2029 ⁵

117 2110 294 2180 mcessanler
316 2116 469 2199 exercuit,
494 2119 625 2180 cuncms
647 2137 705 2200 per
728 2114 924 2179 Dardaniam
946 2114 1076 2178 Domini
1099 2115 1278 2179 sacerdotes
1300 2115 1363 2179 fra-

124 2216 211 2281 ternae
240 2217 455 2282 sollicitudine
488 2218 631 2282 caritatis
670 2217 816 2281 duximus
851 2216 1077 2300 alloquendos:
1116 2219 1254 2300 primum
1289 2221 1363 2302 quia

128 2318 240 2402 reginen
259 2319 455 2405 apostolicae
477 2320 560 2384 sedis
582 2320 716 2403 indepti,
740 2320 876 2402 strepitu
899 2318 1036 2402 publico,
1061 2318 1144 2382 siout
1159 2319 1280 2383 dictum
1303 2324 1361 2401 est,

134 2421 288 2505 aalma,
314 2422 517 2486 commissum
540 2422 632 2485 nobis
648 2444 757 2485 sacrae
775 2421 1023 2504 dispensationis
1045 2420 1185 2484 officium
1213 2422 1362 2505 propriis,

137 2524 160 2582 ui
173 2543 222 2587 nos
245 2529 329 2607 erat,
359 2522 475 2589 litteris
503 2524 736 2609 nequivimus²)
764 2524 921 2605 indicare,
953 2545 1015 2608 quo
1043 2526 1148 2586 vestra
1175 2524 1363 2587 fraternitas

82 2612 84 2639 ⁵
139 2618 162 2683 le
180 2625 394 2691 communionis
422 2624 549 2689 Domini
578 2627 745 2690 nobiscum
774 2649 905 2690 munere
934 2625 1132 2710 gratuletur3
1161 2625 1292 2708 deinde,
1327 2631 1363 2690 ut

139 2728 184 2803 past
201 2732 301 2793 tantas
328 2728 520 2792 aieerbitates
547 2729 887 2812 incommoditatesque
922 2729 1112 2811 mundanas,
1147 2728 1285 2812 qualiter
1315 2729 1362 2792 in·

140 2823 413 2911 innumeremus,
448 2834 576 2894 mutuus
603 2852 706 2893 serino
735 2831 949 2914 depromeret3
983 2834 1143 2915 postremo
1177 2832 1202 2894 si
1233 2854 1296 2915 qua
1324 2831 1363 2894 de

140 2927 317 2997 maniacis
341 2931 508 2998 reserenda
532 2935 609 2995 sunt
637 2933 757 3016 causis,
785 2955 866 3016 quae
894 2936 1025 3017 propter
1053 2933 1185 2997 insidias
1215 2934 1362 3016 perpetui

140 3020 203 3095 losa
221 3034 370 3119 pastorali
394 3037 469 3098 sunt
488 3035 612 3119 jugiter
635 3035 920 3117 circimrspieienda
942 3033 1123 3118 vigilantia,
1152 3033 1360 3124 significatio-

138 3127 200 3201 dtu
220 3135 427 3220 panderemus
455 3136 597 3200 alternis.
643 3135 704 3199 llis
726 3137 827 3220 igitur
848 3137 986 3219 incitati,
1015 3159 1073 3220 per
1099 3137 1232 3200 fratrem
1256 3140 1288 3200 et
1311 3158 1359 3200 co·

139 3231 277 3321 ,libropum
300 3242 443 3302 nostrum
467 3236 651 3302 Ursicinum
674 3239 856 3322 praesentia
872 3239 1009 3322 dirigere
1032 3239 1152 3321 scripta
1169 3239 1358 3318 curavimus,

109 3356 114 3373 “
141 3343 267 3410 preeunte
289 3341 396 3424 gratia
424 3339 626 3404 salutationis
656 3341 822 3404 hortantes
832 3341 869 3424 ³),
900 3344 935 3403 ut
962 3341 1213 3424 magnanimiter
1242 3341 1360 3403 auxilio

143 3427 234 3504 Dauni
246 3442 411 3507 tolerando
433 3465 538 3507 rerum
560 3444 796 3507 transeuntium
819 3444 1002 3506 vastitatem
1029 3445 1133 3527 magis
1156 3465 1224 3507 esse
1247 3443 1359 3507 debea-

143 3551 186 3600 uua
201 3545 314 3626 attenti,
338 3567 390 3627 ne,
413 3545 497 3629 quod
519 3545 613 3625 absit,
638 3548 811 3628 perpetuae
834 3545 1002 3608 subeamus
1029 3546 1114 3609 vitae
1141 3545 1359 3630 dispendium

144 3639 232 3714 Funde
254 3669 334 3730 quae
357 3647 531 3711 catholicae
554 3647 699 3710 veritatis
722 3647 825 3729 poscit
840 3647 963 3711 utilitas
978 3648 1208 3732 praecavenda,
1232 3649 1360 3712 dilectio

140 3744 212 3808 aas
228 3749 383 3833 paulisper
404 3750 558 3814 advertat.
928 3749 930 3754 ’

197 3845 220 3910 l·
256 3852 350 3935 Apud
376 3852 524 3936 Graecos,
554 3852 668 3936 quibus
696 3851 813 3915 multas
843 3840 990 3916 haereses
1018 3851 1181 3917 abundare
1209 3874 1276 3919 non
1304 3853 1359 3918 du-

143 3933 201 4036 ,th
217 3956 265 4036 aa,
283 3954 352 4036 jam
375 3959 449 4019 ante
473 3976 574 4019 annos
602 3953 669 4017 fere
692 3954 907 4038 quadraginta
936 3958 968 4017 et
995 3957 1135 4040 quinque
1162 3957 1201 4020 de
1229 3956 1358 4020 Domini

144 4048 211 4112 aas
235 4054 263 4118 et
291 4055 465 4120 Salvatoris
497 4056 720 4121 incarnatione
753 4060 832 4120 nata
866 4059 1071 4142 coitquaestio
1104 4062 1172 4122 est:
1212 4056 1359 4140 Eutyche

144 4150 257 4221 mulam
276 4159 461 4243 presbytero
483 4158 841 4242 Constantinopolitano
869 4159 903 4222 in
932 4159 1147 4243 blasphemias
1175 4165 1357 4241 proruente,

146 4258 403 4344 transmearet,
427 4284 525 4326 unam
547 4262 780 4344 tantummodo,
821 4262 853 4325 id
876 4265 925 4325 est
952 4262 1051 4324 sclam
1075 4261 1273 4342 Divinitatis,
1303 4268 1358 4323 na-

144 4342 216 4445 luam
232 4362 287 4438 sive
308 4365 521 4429 substantiam
543 4365 578 4428 in
601 4364 739 4429 Domino
761 4363 839 4428 Jesu
861 4363 987 4429 Christo
1010 4363 1137 4426 credere
1152 4384 1210 4426 nos
1232 4362 1356 4446 debere,

85 4506 90 4527 l
147 4478 396 4514 χψ-

192 4574 205 4637 ¹l'
217 4578 243 4635 θ’
257 4585 344 4642 addit:
360 4592 427 4642 sicat
444 4590 518 4642 etiam
535 4589 631 4642 cunctis
645 4586 772 4652 fratribus
788 4607 838 4656 per
857 4588 1005 4641 Dalmatiam
1022 4587 1150 4639 destinata
1168 4595 1216 4642 est.
1251 4583 1358 4641 Deinde

85 4694 93 4709 ·
147 4647 218 4747 ”llll
231 4676 348 4744 limpha
369 4675 418 4726 aut
435 4672 525 4726 nunus
543 4672 675 4726 concinne
692 4676 846 4742 temporibus
869 4679 978 4742 qualitas
1047 4676 1223 4725 sollicitudinis
1240 4679 1357 4726 raritate.

181 4743 304 4813 littidum
321 4769 459 4826 temporam
473 4759 535 4828 jam
548 4757 684 4822 Batonius
702 4760 731 4812 et
747 4755 875 4826 Mallejus
892 4757 1064 4811 monuerant.
1097 4756 1161 4810 Mox
1180 4757 1248 4812 editi
1261 4765 1357 4828 adepti.

191 4828 206 4894 ²)
219 4831 250 4892 lle
264 4841 294 4895 G'
308 4846 350 4910 a¹;
368 4844 407 4896 0¹⁰
424 4850 558 4914 nequimus.

192 4912 251 4986 ‘llll
264 4925 305 4989 lli.
339 4934 392 4985 Alii
407 4949 467 4984 reia
485 4943 596 4985 ararites.
627 4929 746 5000 Moxque
765 4928 798 4984 G'
812 4926 846 4982 Κ1
867 4934 976 4984 adtoniti
992 4925 1064 4995 (loco
1083 4928 1192 4998 attenti).
