3204 5506
278 372 339 434 ele
737 384 765 431 s,
782 385 922 432 aetinsn
944 384 1059 430 eneae

279 555 390 602 ternran
411 554 454 601 cst
469 548 643 613 recedentes,
666 549 694 600 in
718 547 747 600 id
760 547 837 618 qnod
850 561 963 616 sernper
977 546 1074 615 deficit
1089 552 1156 599 soeret
1172 546 1291 613 reducti,
1313 544 1410 617 proxime
1424 529 1476 588 atb:
1553 562 1584 594 n

279 632 362 698 (tirou
374 638 545 702 praestante
564 632 621 685 Itea
638 633 712 684 alias
729 633 897 701 cerritidirnas
910 633 1025 700 ptern'us
1040 631 1266 700 ensequcndunr.
1291 626 1479 684 Seuerianae·
1555 621 1583 669 'r'

278 716 349 776 dorin.
373 734 414 777 ne,
432 724 574 788 postqinnn
599 716 650 770 boc
665 714 714 770 sibi
731 724 918 788 proposuerat.
940 713 972 767 ad
996 715 1079 768 tertius
1095 712 1230 769 Ecclesiae
1247 716 1362 787 regimen
1375 711 1483 779 aucupii·
1556 720 1583 774 ΙΨ

278 803 426 874 cogitatam
444 817 512 873 opus
528 799 640 873 aggredi
656 800 838 872 perassiduis
855 800 1045 872 occupationes
1061 800 1168 853 miramo
1184 800 1332 872 perinissus
1346 799 1385 852 sit.

848 960 970 1025 XVIII.

280 1103 316 1112 —
337 1102 372 1112 -
401 1072 544 1128 Jotrannis
558 1075 753 1128 Alerandrini
767 1075 895 1143 episcopt
909 1072 949 1125 ad
963 1071 1107 1126 Gelasium
1123 1073 1266 1144 apolopia,

365 1176 391 1229 1.
410 1175 527 1230 ilernlnit
542 1174 674 1243 episonnli
690 1175 831 1229 Jotrannn
846 1175 1040 1228 Alexandrini
1055 1174 1094 1227 ad
1109 1174 1256 1228 Gelasium
1272 1175 1422 1245 apolopiae
1433 1170 1518 1226 I‘botlm

279 1259 401 1315 biblioth.
419 1259 479 1313 eorl.
498 1258 546 1319 ot.
572 1261 598 1313 in
615 1275 699 1331 eziopie
716 1258 790 1313 ilioni
805 1260 840 1312 ait
856 1276 912 1313 reon
928 1262 1019 1313 solum
1034 1258 1223 1330 Pelopianarn
1238 1259 1386 1313 haeresim
1400 1258 1450 1312 scel
1461 1258 1525 1311 elion

277 1346 423 1418 Pelopiam
441 1352 468 1399 et
484 1346 651 1398 (betruano
668 1361 704 1397 ac
720 1343 966 1414 ipsnrnJuiianurn
983 1345 1183 1404 condemnare.
1201 1345 1252 1414 qui
1266 1346 1355 1398 etiam
1371 1359 1468 1399 eorum
1480 1357 1529 1396 suc·

279 1446 377 1485 cessar
399 1433 529 1501 respicitus
550 1436 600 1483 est.
642 1426 759 1500 beiprien
778 1429 880 1483 (triens
896 1430 1050 1484 t'tiristian.
1066 1427 1101 1489 II.
1118 1427 1179 1484 tuo
1201 1444 1258 1482 eam
1274 1428 1409 1485 Iohanni
1426 1427 1538 1483 Nieiotot

278 1516 382 1575 asserit,
399 1515 490 1569 neseIo
506 1530 557 1585 cpia
574 1514 678 1567 innisus
695 1530 780 1575 retrorsa,
807 1530 889 1585 quarn
915 1513 960 1567 ille
976 1512 1082 1585 quidem
1099 1512 1206 1567 demum
1228 1511 1260 1566 ab
1283 1531 1309 1567 a.
1328 1512 1391 1570 50I
1415 1529 1498 1586 usque
1516 1510 1543 1566 al

278 1617 300 1652 n.
319 1599 380 1655 516
401 1599 457 1652 sedi
480 1597 670 1652 Alexandrinae
692 1601 872 1670 praepositus.
894 1597 1021 1652 nelversus
1043 1597 1182 1653 ecclesiam
1199 1595 1409 1653 Occidentalem
1432 1599 1495 1652 satis
1513 1598 1548 1652 iu·

280 1684 355 1737 irriso
371 1685 457 1737 corioro
470 1691 555 1736 esset.
590 1682 721 1753 Suscepit
737 1685 816 1743 cirini.
834 1685 868 1738 nit
883 1682 1030 1744 Liberatus,
1048 1685 1184 1738 tenitinnm
1201 1682 1330 1738 Zenonis
1346 1684 1486 1753 edietum,
1502 1700 1551 1737 non

278 1774 372 1823 autem
389 1768 620 1823 Calchedonense
637 1770 787 1823 concilium
803 1776 830 1823 et
845 1770 994 1838 epistolam
1008 1783 1107 1839 papae
1121 1768 1235 1823 Leonis.
1268 1765 1350 1822 Unde
1368 1784 1423 1823 nee.
1438 1785 1554 1824 connu-

277 1857 384 1908 nicaeit
410 1852 517 1925 quidem
543 1853 683 1907 Ftariano
705 1855 881 1908 Antiocheno
907 1861 935 1907 et
962 1853 1045 1908 Etiae
1067 1853 1336 1924 ltierosolprnitano
1366 1856 1516 1926 episcopis
1533 1861 1557 1908 et

280 1937 423 1993 Timotheo
440 1938 765 2008 Constaretinopolitano:
781 1940 893 1994 dicebat
908 1942 982 1993 enirn
998 1937 1168 2009 imperfecte
1184 1938 1312 1992 edictum
1328 1954 1365 1993 sc
1381 1940 1496 1995 habere
1510 1953 1558 1993 nec

277 2025 317 2078 ael
332 2026 466 2079 cleritatem
483 2022 633 2094 sufficere.
651 2025 727 2094 qitod
741 2041 797 2078 nem
813 2028 841 2077 in
858 2024 1041 2078 areetlrernutc
1057 2025 1159 2094 spnotli
1173 2029 1249 2077 esset
1262 2022 1400 2094 sactum.
1430 2022 1508 2079 Unde
1522 2024 1559 2079 sir

278 2109 332 2162 veri
349 2108 436 2162 sirnile
451 2115 501 2167 est.
518 2101 599 2162 istum
615 2109 699 2161 sirum
717 2109 751 2163 ita
769 2108 911 2162 innidicom
928 2117 1098 2162 irrerrroratom
1114 2106 1269 2180 apologiam
1285 2107 1319 2162 nd
1337 2108 1442 2164 sedem
1458 2116 1560 2183 aposto·

278 2192 363 2254 licnnr.
387 2209 463 2262 criptis
485 2200 549 2247 torric
567 2191 620 2261 jani
642 2192 776 2246 seeinrdus
798 2200 860 2266 post
882 2192 1003 2247 Gelasins
1026 2191 1131 2265 praesul
1154 2199 1210 2246 erat
1232 2190 1399 2256 liecensem,
1424 2193 1558 2249 ainrico

277 2279 345 2331 Ante
360 2275 543 2350 porrlisnotnni
560 2285 649 2330 eidem
666 2278 787 2332 irrirnncbi
804 2277 900 2332 reclusi
917 2279 995 2332 sitam
1011 2277 1136 2350 degerat.
1159 2275 1238 2345 tinde-
1252 2288 1486 2351 cognomentum
1502 2280 1558 2336 tta·

279 2363 320 2417 bis
336 2361 363 2437 (i.
382 2379 406 2418 e.
423 2356 595 2434 i'pnisoorcrg,
613 2363 756 2431 reclusus)
773 2365 887 2417 sortitus
903 2361 1032 2434 (Iieqnien
1049 2362 1066 2417 l.
1083 2380 1106 2416 c.
1123 2359 1204 2432 425).

363 2440 391 2501 2.
423 2446 552 2520 llqiridenr
569 2447 711 2519 :ipidagine
727 2446 799 2501 illius
815 2456 950 2502 coercionem
969 2449 1100 2502 iieininem
1116 2446 1194 2501 alium
1211 2447 1265 2501 uisi
1281 2448 1462 2505 Iohannem
1482 2450 1558 2506 Tata-

272 2535 352 2603 Jam,
376 2533 443 2586 eirca
464 2532 524 2586 482
548 2533 719 2586 catteoticam
741 2553 758 2585 a
781 2533 932 2587 catholicis
958 2534 1119 2588 ordinatum
1145 2535 1319 2603 episcopum
1348 2534 1559 2590 Alexandriana
1594 2576 1597 2595 .

278 2614 445 2671 crediderim.
478 2614 527 2682 oni
550 2633 632 2688 qiinrn
655 2616 723 2671 odiis
744 2617 859 2672 Zenonis
881 2618 1022 2690 Aeneiiqne
1044 2624 1070 2671 et
1087 2616 1154 2672 dolis
1177 2615 1250 2671 l‘elri
1269 2616 1370 2692 blangi
1388 2621 1485 2676 station
1502 2619 1559 2675 secie

278 2718 324 2755 sun
342 2700 435 2773 pulsus
452 2700 549 2755 llomoe
571 2701 678 2755 (isidore
694 2710 846 2775 cogeretur.
869 2702 975 2757 tetidem
992 2710 1135 2775 postquam
1150 2701 1308 2773 Simplicius
1327 2713 1359 2758 et
1377 2703 1456 2761 retii
1471 2704 1492 2760 ΙΙ
1507 2704 1559 2775 ejus

278 2786 476 2840 restitutionem
492 2784 523 2838 ab
538 2787 699 2858 Imperatore
715 2785 835 2841 obtinere
852 2786 950 2842 ienstrn
963 2795 1107 2848 teritorum,
1124 2784 1255 2841 eeclesiae
1267 2785 1399 2845 Nolanos
1410 2790 1559 2864 praefectos

278 2877 318 2924 esi
334 2869 425 2943 (idatio
438 2877 507 2925 lesio
519 2870 682 2942 Tbeopbnno
695 2872 801 2926 ilerrnun
819 2881 880 2943 post
896 2873 971 2926 initia
986 2873 1089 2943 imperii
1102 2870 1254 2942 AnastasII).
1272 2873 1334 2935 ubi.
1353 2876 1394 2930 eit
1412 2873 1574 2939 Liberam,

278 2958 441 3026 cornptares
455 2972 548 3010 arreins
563 2958 692 3010 residens
706 2961 735 3011 in
749 2973 826 3027 praec
841 2956 997 3027 defunctus
1011 2964 1062 3012 est.
1093 2955 1130 3011 Ita
1145 2956 1232 3029 igitur
1243 2964 1273 3011 et
1284 2973 1392 3015 musae
1404 2961 1559 3035 praeprimis

278 3043 303 3095 in
321 3040 481 3095 ttccidentnli
504 3040 615 3094 ecclesia
631 3042 746 3113 ugindne
762 3043 878 3097 :rotimum
894 3041 1042 3103 oelvertere,
1058 3050 1085 3097 et
1101 3039 1233 3111 ejusmodi
1251 3042 1420 3118 apologiam
1437 3046 1557 3114 Gelasio,

277 3126 405 3180 ecclesiae
421 3125 561 3180 Orientalis
574 3125 629 3194 jain
647 3125 708 3179 inde
724 3144 737 3180 n
754 3125 840 3180 l'eliee
862 3134 984 3199 patrono,
1006 3125 1159 3187 Inscribere,
1175 3132 1202 3180 et
1219 3126 1293 3199 opud
1312 3138 1453 3202 posteros
1471 3131 1557 3187 orthe-

277 3209 361 3264 clericis
378 3227 474 3265 nonum
491 3210 522 3264 ab
540 3202 843 3266 Alexandrinoecclesio
861 3228 945 3285 irsqrre
961 3211 1059 3266 clnecre
1074 3212 1173 3285 potuit.

867 3355 954 3419 XIX.

280 3494 315 3504 —
336 3495 371 3504 -
404 3467 512 3521 Getasii
525 3469 636 3521 nonn'ne
652 3468 764 3538 I'etapii
777 3468 920 3522 trceeretici
934 3471 1135 3523 (irradiationes
1145 3471 1174 3523 in
1186 3470 1337 3538 epistolas
1348 3470 1445 3528 Pauli
1452 3475 1554 3545 paron

430 3550 724 3621 circumferebantur.

362 3651 493 3718 Qiiaedarn
510 3652 605 3706 tlelosii
621 3654 729 3708 neirnine
749 3671 803 3708 iton
820 3654 900 3728 louge
922 3663 984 3728 post
1000 3656 1083 3728 ipsius
1105 3653 1207 3709 obitum
1220 3632 1502 3718 'circumferebantur
1514 3678 1552 3716 an·

278 3737 430 3791 recitationes
447 3739 471 3790 in
490 3736 617 3810 episiolos
634 3737 717 3797 iberti,
742 3756 807 3810 qum
824 3739 1000 3794 Cassiodorus
1017 3748 1090 3794 tanto
1107 3756 1174 3813 papa
1189 3739 1323 3815 indignas
1342 3746 1448 3803 merilo
1460 3746 1552 3818 judiea-

277 3823 322 3875 vil.
351 3821 385 3875 no
402 3821 441 3876 bis
457 3839 539 3894 porro
555 3824 667 3895 insignis
684 3822 728 3876 ille
744 3832 853 3878 senator
869 3832 984 3879 orientem
1000 3826 1039 3879 sle
1054 3823 1167 3897 explicet
1181 3841 1258 3881 suain
1276 3824 1348 3897 (div.
1366 3831 1459 3887 Instit.
1475 3849 1499 3888 e.
1514 3830 1551 3901 til:

277 3907 312 3961 In
330 3910 457 3976 epistates
474 3909 608 3962 tredecirn
625 3911 720 3962 sancti
734 3909 821 3964 Pauli
835 3913 1035 3965 (tariotationes
1051 3912 1234 3981 conscriptas
1248 3915 1280 3967 in
1297 3916 1366 3984 ipso
1381 3919 1467 3975 initio
1481 3930 1552 3973 neae

275 3994 406 4047 lectionis
421 3995 523 4047 inueni.
550 3994 629 4059 (tercie
645 3996 673 4047 in
691 4002 859 4048 ettttelorttm
875 3996 1006 4050 errantibus
1027 3998 1067 4050 ito
1084 3996 1214 4050 celebres
1228 3997 1443 4069 nubebantur,
1466 4010 1497 4059 ut
1510 4014 1553 4057 ees

275 4096 292 4130 a
309 4084 409 4131 sancto
426 4077 538 4133 Gelasio
552 4095 632 4147 papa
656 4079 736 4132 urbis
752 4080 860 4134 Ilcnnac
875 4082 1030 4135 doctissimi
1045 4083 1099 4136 oiri
1111 4082 1203 4136 studio
1218 4082 1361 4140 dicerent
1374 4087 1478 4158 fuisse
1491 4104 1551 4143 con·

275 4165 409 4231 scriptas.
442 4162 523 4229 (laod
536 4164 628 4217 solent
641 4161 754 4232 facere,
777 4168 827 4235 piei
841 4180 889 4219 res
912 4169 1026 4220 uitiosos
1041 4169 1160 4237 capiunt
1173 4167 1300 4238 pieriosi
1314 4174 1448 4229 niominis
1461 4180 1552 4228 aucto·

274 4252 360 4301 ritate
375 4247 541 4318 defendere.
573 4247 630 4301 snt
644 4249 724 4302 rorrbis
746 4264 785 4303 ea·
804 4252 1047 4319 praecedentibus
1061 4251 1232 4317 lectionibus
1250 4253 1395 4327 dilipenti'
1415 4264 1552 4314 retraeta-

276 4335 351 4386 tionc
363 4339 532 4400 patuerunt,
550 4332 748 4388 subtilissimas
763 4336 872 4405 peridem
894 4351 956 4391 esse
972 4352 1008 4390 ac
1024 4337 1206 4391 breuissimas
1221 4337 1384 4412 dictiones,
1408 4345 1465 4399 sed
1474 4343 1552 4399 ea·-

274 4419 353 4486 piani
373 4420 483 4471 erroris
505 4433 613 4472 nenena
634 4419 693 4472 illic
715 4434 777 4473 esse
798 4423 946 4474 seminuda.
979 4419 1057 4474 Certe
1078 4436 1091 4473 a
1112 4418 1265 4493 Pelagiaois
1290 4423 1406 4497 placitis
1429 4437 1550 4503 quantem

275 4497 687 4575 eliberreatGelasius‚scriptis
709 4505 824 4576 propriis
846 4504 1143 4560 ‹eoristniiterostondie
1175 4502 1213 4560 lbi
1235 4522 1307 4564 vero
1328 4509 1474 4571 lohannes
1493 4512 1551 4567 lias·
1594 4548 1597 4569 i

276 4586 365 4638 iterius
380 4584 489 4640 indicari
504 4594 596 4641 orrionet
611 4586 711 4659 Pelagii
732 4591 938 4645 commentarios
955 4591 980 4644 in
997 4589 1115 4652 Paulum,
1139 4590 1185 4662 qui
1210 4608 1235 4645 s.
1253 4589 1425 4671 Hieronymi
1446 4612 1551 4674 opernm

276 4676 349 4722 loom
366 4668 419 4722 vttt
435 4669 569 4739 (editionis
587 4671 762 4743 victorinae)
778 4674 878 4733 inserti.
896 4674 929 4728 de
945 4674 1042 4748 ipdbus
1055 4674 1150 4730 ilarius
1163 4673 1305 4733 Mercator
1320 4685 1485 4740 commonit.
1500 4680 1550 4739 ei

275 4753 309 4805 ita
325 4752 459 4825 leonino:
482 4757 578 4811 dieseos
599 4764 641 4811 cst
656 4766 828 4813 meritoratus
844 4758 989 4833 (Pelagius)
1006 4768 1073 4816 ante
1090 4764 1283 4820 vastationem
1301 4767 1391 4825 urbis
1402 4770 1512 4827 Romae
1524 4772 1549 4823 ia

275 4841 432 4905 apostolum
454 4840 576 4895 I'aulurn
597 4848 814 4900 cornnu’ntarios
836 4845 961 4900 cecidere
978 4889 984 4900 .
1003 4889 1009 4900 .
1027 4871 1050 4903 ..·
1076 4862 1159 4918 quern
1180 4848 1294 4907 librum
1316 4856 1391 4926 ejus
1410 4856 1550 4913 aonam.

269 4921 449 4993 proferimus
465 4927 505 4979 ad
518 4929 740 4983 conrincendurn
755 4933 896 4984 inirnieinn
913 4934 979 5001 ejus
994 4946 1130 4987 errorem.
1163 4930 1200 4987 Ile
1216 4933 1324 5008 quibus
1339 4948 1370 4995 ei
1388 4943 1550 5017 Augustinus

1592 4924 1597 4969 i

1583 5278 1597 5455 1
