3204 5506
582 369 776 418 000000οΔ0
799 362 850 418 07.
875 362 924 419 78.
1323 358 1387 424 875

119 522 198 586 fides
221 521 320 604 ipsius
343 525 392 586 est
414 522 558 586 incitata.
603 521 737 606 Propter
758 523 819 587 hoc
843 525 878 588 in
900 525 1011 589 urbem
1033 529 1172 590 vestram
1194 529 1297 592 virum
1318 551 1387 611 spe·
1400 555 1424 593 a.
1437 545 1495 593 cro.

121 624 273 688 ctabilem
294 623 467 708 Eulogium
488 624 734 708 magistrianum
757 626 872 690 direxit
878 677 887 710 ,
918 626 978 691 hee
1005 628 1066 692 sibi
1094 629 1278 694 satisfacere
1303 631 1388 714 judi-

121 748 210 807 cans,
235 726 262 789 si
284 725 323 789 dc
345 727 415 809 ipso
437 726 537 808 fonte,
560 726 600 790 de
621 749 684 811 quo
706 749 763 810 per
785 749 910 792 omnem
931 732 1051 794 terram
1065 731 1249 795 sanctuaria
1264 736 1389 816 aposto·

117 828 225 892 lorum
246 831 323 891 sunt
343 829 434 911 data,
459 829 534 894 inde
556 832 589 892 et
609 831 677 912 ipse
699 830 849 915 reliquias
865 833 1025 916 suscipere
1039 835 1209 897 mereatur.
1248 834 1292 898 Et
1307 835 1388 899 hene

119 930 229 994 facitis
259 952 387 993 causam
415 931 663 995 eeclesiasticam
690 954 885 1017 magnopere
917 934 952 997 in
981 935 1213 999 contestatione
1241 936 1302 1000 Dei
1330 937 1389 1000 tali

119 1032 244 1096 homini
267 1033 505 1115 commendare,
544 1034 633 1117 eujus
656 1035 824 1099 sinceritas
846 1040 878 1100 et
900 1036 1071 1120 integritas
1094 1037 1179 1100 cirea
1201 1037 1390 1121 religionem

120 1133 313 1199 catholicam
335 1137 413 1197 nota
435 1138 485 1199 est
506 1136 653 1199 omnibus
675 1136 867 1201 hominihus.
905 1136 1025 1224 Hine³)
1048 1139 1217 1203 voluerunt
1232 1140 1389 1223 capsellas

119 1239 292 1320 argenteas
314 1236 420 1300 facere
443 1240 476 1300 01
497 1236 650 1322 <Erigere3
674 1238 728 1302 sed
750 1244 861 1322 postea
877 1240 1115 1324 cogitaverunt,
1140 1245 1176 1305 ut
1190 1241 1250 1305 hoe
1265 1264 1389 1326 000000

119 1362 140 1402 0
162 1342 270 1402 vestra
292 1339 365 1402 sede
387 1361 445 1422 prc
467 1339 690 1403 benedictione
713 1341 877 1424 suscipiat.
928 1341 1079 1426 Singulas
1101 1346 1210 1407 tamen
1234 1344 1389 1428 capsellas

118 1462 178 1525 per
193 1440 426 1525 singulorum³)
449 1442 664 1525 apostolerum
679 1441 829 1525 reliquias
845 1443 912 1507 fieri
929 1444 1043 1508 debere
1058 1446 1269 1529 suggerimus
1304 1447 1390 1510 Data

118 1542 169 1607 Ill
194 1542 351 1608 Calendas
373 1542 477 1607 Julias
500 1543 790 1627 Constantinopoli.

629 1730 811 1832 Epistola
837 1731 882 1813 78

732 1883 780 1920 SOU

302 1979 504 2046 Exemplum
526 1978 689 2046 epistolae
710 1978 899 2034 Justiniani
920 1978 964 2033 ad
985 1980 1212 2038 Hormisdam.
1403 1971 1438 2090 (3²9
1451 1969 1539 2106 33)

155 2112 195 2160 Ne
214 2112 339 2174 inquietes
357 2109 615 2174 8001100000000100
635 2111 775 2160 Hermisda
791 2112 928 2174 suscipiat,
947 2118 1023 2175 utque
1041 2114 1356 2178 001001000000001010-

166 2212 221 2245 rum
241 2197 293 2260 ipsi
309 2197 479 2261 ecclesiaeque
498 2212 581 2244 eorum
599 2195 745 2245 00010001)
763 2198 820 2260 ipso
838 2202 998 2245 constructae
1016 2199 1108 2260 largiri
1124 2198 1254 2259 eliquetur,
1270 2201 1345 2263 petit.

267 2327 441 2392 Domino
464 2331 619 2410 sancte,
648 2329 801 2391 meritis
830 2327 1065 2392 beatissimo
1099 2331 1137 2392 et
1167 2330 1391 2414 apostolico

368 2430 539 2511 domiuo,
563 2430 669 2512 patri
691 2428 1063 2514 pupaeHormisdae
1085 2430 1389 2519 ι100110100003).

210 2552 238 2613 1.
275 2549 419 2632 Propitia
441 2549 587 2613 Divinita
602 2572 635 2632 e,
666 2571 746 2633 quae
769 2571 893 2633 semper
914 2549 1093 2613 Ecclesiam
1121 2551 1312 2616 catholicam
1334 2576 1392 2636 per

119 2654 322 2717 incrementa
345 2651 417 2713 fidei
441 2651 600 2733 instituit,
629 2652 736 2715 unitas
764 2654 948 2715 sanctarum
971 2651 1175 2716 ecclesiarum
1197 2676 1255 2736 per
1277 2655 1391 2718 doctri-

118 2777 200 2819 nam
222 2757 256 2817 01
278 2753 503 2816 auctoritatem
526 2753 722 2837 apost-clatus
745 2754 842 2817 vestri
864 2753 1021 2836 provenit.
1060 2753 1121 2818 Sed
1136 2754 1287 2838 quoniam
1310 2778 1391 2820 com-

118 2856 263 2941 perimus
285 2855 438 2939 quosdam
460 2855 589 2918 nomine
604 2844 786 2938 moncellos,
810 2855 924 2939 quibus
940 2855 1043 2939 magis
1059 2855 1216 2920 discordia
1237 2856 1271 2919 in
1287 2859 1391 2922 studio

119 2962 171 3024 est
200 2980 295 3040 quam
325 2957 442 3020 caritas
471 2960 503 3021 01
530 2980 593 3040 pax
622 2956 697 3039 Dei,
733 2958 898 3040 cupientes
926 2957 1081 3040 quaedam
1114 2959 1316 3041 perturbare,
1352 2961 1392 3023 ad

119 3059 308 3144 angelum²)
331 3061 472 3122 vestrum
494 3058 569 3122 hinc
592 3059 790 3122 discedentes
818 3059 879 3121 iter
906 3059 1093 3141 arripuisse:
1121 3081 1199 3141 quos
1227 3060 1392 3125 beatitudo

120 3165 246 3243 vestra,
276 3160 498 3244 praesentibus
526 3161 654 3245 seriptis
678 3183 806 3224 eausam
833 3160 941 3223 livoris
968 3182 1075 3223 eorum
1100 3181 1311 3245 cognoscens,
1345 3163 1392 3227 110

119 3266 159 3327 ut
182 3266 345 3326 merentur
368 3263 527 3346 suscipere
551 3266 582 3326 et
605 3285 623 3325 0
646 3285 679 3326 00
700 3262 797 3346 louge
817 3261 934 3346 pellere
950 3261 1116 3345 dignetur3
1139 3264 1289 3345 quoniam
1304 3267 1391 3328 vani·

119 3365 231 3449 loquia
253 3364 393 3448 ipsorum
416 3364 639 3428 festinantium
661 3365 820 3428 novitates
842 3363 1043 3428 introducere
1063 3355 1101 3427 in
1123 3363 1284 3448 Ecclesia,
1309 3367 1392 3450 quod

119 3488 227 3550 neque
249 3470 385 3550 quatuor
407 3466 520 3550 synodi
543 3465 739 3530 venerabiles
755 3488 857 3550 neque
873 3467 977 3529 saneti
989 3465 1104 3530 Leonis
1120 3489 1222 3549 papae
1238 3466 1392 3552 epistolae

120 3569 289 3634 continere
304 3572 490 3651 noscuntur,
514 3569 548 3631 in
565 3569 652 3631 omni
673 3568 742 3631 loco
757 3569 868 3631 turbas
884 3568 1022 3631 excitare
1038 3568 1195 3632 videntur.
1236 3568 1392 3644 Quamob-

119 3693 192 3736 rem
214 3670 312 3733 etiam
334 3674 366 3734 et
388 3694 407 3733 a
430 3669 505 3735 viris
528 3670 798 3734 reverendissimis
822 3672 979 3754 episeopis
1008 3674 1040 3734 et
1061 3670 1247 3734 diaconibus
1263 3671 1392 3736 directis

120 3773 166 3838 ab
189 3772 369 3856 apostolatu
393 3772 666 3858 00010οω3)οἀ
689 3796 746 3836 nos
770 3772 904 3858 augelus
928 3774 1031 3836 vester
1053 3772 1214 3836 destinare
1229 3773 1390 3858 dignetur,

125 3916 194 3924 ‚an—-

651 3933 664 3959 Ι

194 3993 279 4061 3)(13.
310 3993 360 4047 Ed.
380 3999 432 4046 Hic
505 4004 531 4046 ul
549 3998 646 4049 ether.

193 4083 212 4146 ⁵)
231 4078 291 4132 Hoc
309 4081 362 4144 est,
386 4095 437 4147 pro
459 4077 583 4146 reliquiis
606 4077 682 4132 beati
701 4078 776 4132 Petri
799 4096 882 4132 unam
900 4080 930 4133 ct
951 4093 1002 4146 pro
1022 4076 1144 4144 reliquiis
1162 4077 1239 4133 beati
1257 4078 1336 4131 Pauli
1355 4079 1392 4132 01-

119 4166 223 4219 teram.

121 4256 156 4304 78
193 4250 212 4315 ¹)
231 4248 272 4301 Ex
290 4248 396 4301 duabus
414 4247 467 4301 illis
485 4247 586 4302 litteris
603 4247 761 4316 majusculis
783 4254 813 4301 V.
833 4253 873 4306 G..
897 4265 966 4315 quas
983 4248 1046 4301 Bar.
1066 4247 1110 4300 bic
1128 4247 1208 4301 addit
1225 4250 1253 4302 et
1275 4265 1392 4314 quarum

120 4339 225 4387 neutra
241 4332 270 4386 in
288 4333 323 4387 G¹
342 4336 444 4399 exstat,
462 4334 521 4388 0010
540 4338 570 4395 C,
590 4351 645 4400 qua
662 4353 744 4388 conces
761 4332 947 4401 intelligatur,
965 4331 1075 4385 videtur
1091 4331 1248 4398 retinenda,
1267 4333 1392 4401 hancque

122 4418 315 4487 conjecturam
345 4419 438 4472 firmat
465 4418 520 4473 ista
542 4418 676 4488 epistolae
698 4425 731 4471 44
756 4416 912 4486 inscriptio:
947 4422 1104 4470 lastinianus
1131 4437 1212 4471 conver
1239 4422 1392 4471 Hormisdue

120 4523 218 4572 popae.

192 4591 213 4656 ²)
232 4588 321 4657 Hujus
338 4588 484 4643 locutionis
502 4589 687 4657 intelligentia
704 4587 857 4658 repetenda
878 4589 921 4642 001
939 4605 972 4641 ex
991 4585 1159 4655 0010101039
1177 4604 1203 4643 0.
1223 4594 1250 4652 1,
1269 4586 1317 4639 ubi
1330 4584 1392 4654 Syri

121 4672 254 4727 monachi
271 4673 449 4729 Hormisdam
466 4673 505 4729 010
523 4674 714 4742 alloquuntur:
737 4678 853 4728 01010100
871 4678 940 4727 Deus
958 4683 1045 4726 nascer
1062 4677 1202 4739 principem
1220 4683 1350 4739 posteram
1368 4682 1393 4724 et

122 4765 253 4813 doctorem
271 4770 296 4811 et
313 4765 433 4814 medicam
450 4766 587 4813 enitamini
604 4766 733 4814 coustituit
751 4763 822 4813 nodia
840 4767 1076 4812 castrametandum
1088 4763 1217 4825 angelum
1235 4758 1263 4809 01
1275 4773 1348 4808 num.
1364 4762 1391 4808 5:

124 4849 170 4898 Aa
185 4848 328 4912 perfectam
345 4853 426 4896 (tactem
445 4851 557 4897 00111100
575 4853 653 4898 uestri
670 4851 754 4898 0000ιὶ
771 4851 855 4912 000011
872 4847 1110 4896 anathematizamus
1128 4852 1176 4895 ete.

193 4932 214 4995 ³)
233 4927 276 4981 Ad
294 4927 427 4982 erationis
444 4928 636 4997 iutegritatem
654 4929 698 4984 uic
715 4928 841 4984 nonnihil
859 4927 1046 4983 desideratur:
1065 4926 1140 4998 quod
1154 4927 1183 4980 01
1194 4925 1318 4981 subnexa
1330 4939 1392 4979 ceu·
