3204 5506
194 361 234 425 te
559 379 692 426 mouera
715 377 866 426 rnnnvm
889 378 925 425 m
948 378 1087 428 annasu

192 548 325 614 captarem
347 542 456 596 maxime
475 557 557 614 quum
578 543 606 597 in
621 543 741 599 conciliis
757 541 889 616 Ephesiae
905 549 932 597 et
947 541 1169 603 Calchedonensi,
1193 556 1260 614 quae
1276 538 1375 613 ubique
1392 555 1455 613 per·

192 626 300 700 vulgata
315 635 404 689 eraut,
424 625 477 696 jam
494 626 596 700 prolata
611 629 692 684 sciret
707 627 784 702 plura
799 636 879 701 atque
894 627 991 683 idonea
1005 637 1112 701 patrum
1126 626 1270 683 latinorum
1286 625 1453 681 testimonia.

192 709 285 784 Neque
300 728 363 767 vero
379 711 456 767 laoile
472 712 587 767 dandum
604 721 659 774 est,
676 731 708 769 er
724 712 811 768 allatis
827 711 907 768 abeo
924 714 1084 768 testimoniis
1100 711 1244 787 quidquam
1260 709 1292 766 ab
1308 709 1360 766 alio
1377 717 1457 784 post·

192 795 301 851 modum
317 796 400 852 luisse
415 813 599 872 suppressum.
627 797 673 853 Gui
690 799 760 855 enim
775 797 934 854 subtrahere
949 796 1036 870 aliqua
1052 798 1141 861 licuit,
1157 797 1263 853 licuerit
1279 803 1305 852 et
1320 794 1457 852 nonnulla

192 880 321 951 adjicere:
343 881 466 955 adeoque
481 883 503 937 si
519 883 634 956 primum
650 882 825 945 concedatur,
849 885 979 939 continuo
995 891 1022 938 et
1037 884 1069 938 iis
1084 883 1255 945 testimoniis,
1272 897 1340 955 quae
1355 898 1458 954 super-

191 973 262 1029 sunt,
280 965 437 1023 detrahetur
451 966 492 1023 vel
513 969 687 1024 imminuetur
708 969 862 1025 auctoritas.
894 967 991 1024 Deinde
1008 984 1136 1041 quorsum
1151 967 1195 1023 illa
1210 969 1237 1023 ia
1252 965 1458 1041 supprimendis

191 1050 334 1107 latinorum
350 1059 377 1108 et
392 1053 419 1108 in
433 1052 580 1109 retinendis
597 1053 756 1110 Graecorum
771 1054 931 1109 testimoniis
947 1052 1097 1109 allectatioi

277 1153 304 1210 t.
335 1153 418 1229 Magis
434 1155 521 1229 piacet
536 1155 618 1211 altera
634 1155 753 1227 ejusdem
769 1157 817 1212 viri
833 1155 904 1212 docti
922 1153 1085 1217 observatio,
1102 1172 1154 1228 qua
1169 1172 1224 1211 nou
1241 1155 1327 1211 omnia
1342 1151 1458 1211 Eusebil

191 1238 368 1295 Caesariensis
389 1241 502 1314 scripta,
524 1239 570 1296 sed
591 1241 679 1297 solum
699 1240 757 1311 ejus
779 1242 916 1297 historiam
932 1258 946 1295 a
962 1239 1065 1296 Gelasio
1083 1242 1161 1315 epist.
1169 1239 1209 1295 42
1225 1239 1279 1296 n.8
1294 1240 1321 1295 in
1336 1256 1459 1314 apocry-

191 1324 306 1397 phorum
336 1324 447 1381 classem
470 1325 603 1381 amandari
629 1334 720 1390 notat,
750 1325 871 1399 adeoque
898 1333 1038 1381 tractatum
1063 1326 1135 1382 hunc
1158 1332 1271 1400 propter
1295 1326 1460 1382 testimonia

192 1407 296 1464 Eusebii
312 1410 339 1464 in
354 1427 386 1466 co
402 1412 479 1466 citata
496 1412 603 1466 minime
618 1419 775 1486 suspectum
790 1411 873 1467 videri
889 1408 996 1467 debere.
1031 1409 1168 1484 Siquidem
1183 1410 1229 1466 ilia
1244 1426 1298 1466 non
1314 1426 1345 1466 ex
1364 1409 1457 1466 histe-

191 1495 241 1556 ria,
262 1493 310 1549 sed
331 1511 362 1550 ex
384 1495 441 1550 aliis
463 1495 520 1566 ejus
538 1495 661 1569 operibus
676 1505 799 1570 excerpta
814 1504 887 1551 sunt.
919 1495 959 1551 hd
974 1497 1040 1552 haee
1055 1495 1119 1570 quid
1135 1502 1280 1571 repugnat,
1303 1497 1459 1569 quominus

191 1578 310 1634 Gelasius
326 1578 453 1636 librorum
470 1579 575 1636 Eusebii
591 1583 763 1645 auctoritate,
786 1599 863 1655 quam
880 1583 1068 1655 episcoporum
1083 1580 1258 1655 plurimorum
1275 1580 1391 1637 consilio
1407 1579 1459 1636 ad·

191 1665 307 1720 monitus
328 1682 378 1721 nee
398 1667 461 1721 satis
483 1673 582 1721 certam
605 1683 653 1723 nec
673 1668 745 1723 omni
761 1666 812 1722 lide
828 1666 934 1741 dignam
950 1665 1087 1741 probavit,
1110 1675 1172 1722 ante
1186 1666 1293 1721 illorum
1307 1681 1459 1722 censuram

190 1765 255 1804 usus
270 1749 322 1805 siti
356 1748 525 1825 Quapropter
538 1752 685 1807 sinceritati
701 1751 781 1823 hujus
798 1759 934 1821 tractatus,
952 1768 1030 1825 quem
1045 1751 1182 1808 Gelasiano
1199 1751 1231 1806 de
1248 1749 1321 1806 libris
1337 1749 1460 1807 decreto

188 1836 350 1891 anteriorem
366 1851 425 1892 esse
440 1854 526 1911 prope
542 1835 718 1892 indubitatum
734 1845 789 1901 est,
815 1837 880 1893 nibil
902 1835 1024 1893 oiiieiunt
1038 1836 1142 1911 prolata
1157 1838 1185 1891 in
1201 1852 1233 1892 eo
1249 1833 1356 1892 Eusebii
1375 1837 1459 1892 testi·

189 1921 286 1976 ruenia.
329 1919 428 1987 Quavis
449 1923 527 1977 etiam
552 1928 674 1995 ternpore
690 1921 795 1979 Graecis
816 1922 860 1978 illa
882 1921 1072 1996 recipientibus
1096 1920 1174 1993 objici
1189 1919 1336 1994 prudenter
1352 1928 1459 1994 potue·

188 2014 266 2068 runt,
288 2023 316 2062 ea
336 2008 494 2079 praesertim
510 2007 537 2062 in
553 2024 595 2070 re,
619 2024 687 2082 quae
708 2007 741 2062 ad
757 2009 879 2064 brianam
900 2024 1005 2062 eausam
1020 2007 1085 2063 nihil
1101 2005 1239 2063 attinebat.
1269 2004 1457 2080 Epistolarem

187 2091 279 2146 stilum
293 2093 375 2164 sapit,
392 2109 460 2166 quae
475 2108 549 2148 num.
563 2093 602 2150 lG
624 2094 786 2149 testimoniis
801 2101 922 2149 veterum
938 2094 1118 2166 praemittitur
1132 2091 1293 2148 exhortatio.
1325 2089 1365 2145 nb
1381 2092 1458 2147 anti·

188 2178 247 2248 quis
263 2183 352 2232 taurea
366 2179 484 2246 librum,
509 2195 581 2250 opus
602 2194 632 2233 ae
647 2181 788 2247 uolumen,
807 2194 860 2234 non
877 2179 1025 2250 epistotam
1040 2176 1166 2252 appellari
1181 2178 1305 2250 superius
1321 2174 1455 2232 vidimus.

189 2262 208 2314 ll
229 2260 366 2317 Gennadio
387 2262 543 2318 Massiliensi
565 2270 592 2318 et
613 2279 627 2317 n
647 2263 768 2319 iohanne
784 2262 805 2318 ll
825 2280 891 2338 papa
912 2272 942 2318 ut
962 2263 990 2318 in
1011 2261 1080 2319 libro
1102 2259 1259 2336 pontificum
1280 2268 1309 2317 et
1328 2261 1457 2335 vulgatis

188 2348 375 2420 manuscriptis
395 2346 469 2402 libris
490 2347 656 2403 inscribitur:
683 2351 824 2406 aduersus
846 2348 1008 2406 Nestorium
1029 2355 1057 2404 et
1078 2348 1246 2420 Eutychen:
1271 2344 1456 2420 aFulgeutio

187 2433 328 2487 aduersus
353 2449 415 2501 eos,
441 2436 491 2506 qui
514 2435 542 2489 in
568 2433 687 2489 Domino
709 2435 779 2490 Jesu
803 2433 914 2490 Christo
936 2435 1058 2490 duorum
1079 2439 1253 2489 naturarum
1277 2434 1380 2489 nolunt
1405 2436 1455 2489 in·

187 2518 305 2572 diuisam
326 2519 447 2574 eredere
467 2520 617 2589 reniterent,
638 2537 652 2572 a
674 2517 798 2574 Facundo
819 2520 959 2575 aduersus
979 2519 1150 2592 Aeepbalos.
1186 2516 1369 2592 Eutychianos
1390 2518 1456 2591 qui·

188 2601 248 2656 dom
264 2600 364 2657 directe
379 2603 532 2677 impugnem
554 2603 600 2659 sed
617 2604 677 2676 quia
693 2604 720 2659 hi
736 2602 822 2659 releili
838 2601 981 2660 efficaciter
996 2601 1155 2678 nequibant,
1172 2604 1222 2659 uisi
1237 2602 1317 2658 simul
1332 2600 1454 2676 repelle·

187 2693 281 2742 rentur
296 2693 323 2742 et
337 2687 432 2761 placita
447 2686 571 2750 Nestorii,
588 2686 648 2744 ideo
664 2697 757 2744 eontra
772 2688 925 2745 Nestorium
941 2696 968 2745 et
984 2687 1122 2763 Eutychen
1137 2690 1254 2763 scriptus
1270 2687 1379 2748 dieitur.
1396 2704 1454 2761 qua

187 2779 302 2844 uterque
317 2771 458 2829 refellitur.
489 2773 581 2848 Neque
596 2774 685 2829 solum
700 2773 732 2828 ad
747 2771 900 2847 Eutychen,
924 2773 971 2829 sed
990 2782 1017 2830 et
1032 2774 1064 2829 ad
1079 2773 1231 2829 Nestorium
1247 2772 1453 2846 quodammodo

186 2862 303 2930 spectat,
325 2857 398 2931 quod
418 2859 600 2932 praemittitur
614 2861 649 2914 de
664 2860 776 2915 duabsu
791 2863 914 2915 naturis.
951 2858 974 2913 ls
990 2860 1060 2914 enim
1076 2859 1187 2917 divinam
1203 2859 1231 2915 in
1246 2858 1354 2914 Christo
1370 2866 1453 2914 natu·

187 2959 242 2996 nun
258 2958 318 2997 eum
334 2942 446 2999 humana
466 2943 676 3001 substantialiter
691 2944 861 3015 conjunctam
881 2943 1008 3020 negabat,
1030 2943 1151 3016 adeoque
1172 2952 1265 3000 contra
1285 2942 1364 2999 illum
1384 2960 1452 3000 eeu·

186 3033 263 3082 setun
278 3025 357 3091 liber,
378 3029 405 3084 in
422 3045 476 3103 quo
493 3029 559 3085 duae
575 3037 685 3086 naturae
700 3028 912 3086 substantialiter
927 3031 1017 3086 unitate
1032 3029 1180 3085 sermidam
1195 3029 1349 3085 catholicam
1367 3027 1451 3084 iidem

186 3120 353 3169 asseruntur.
381 3110 447 3181 Quia
461 3132 526 3171 vero
542 3116 567 3177 ii,
585 3117 629 3187 qui
646 3114 758 3171 subinde
774 3115 838 3170 dicti
852 3123 917 3170 sunt
931 3115 1080 3186 Acepboii,
1097 3123 1208 3170 naturae
1223 3116 1250 3169 ia
1262 3113 1370 3170 Ghristo
1388 3115 1451 3170 uni·

186 3204 268 3252 tatem
274 3200 447 3271 pertinaciter
457 3199 672 3274 propugnabant,
684 3217 752 3273 quae
764 3201 816 3256 hoe
827 3199 896 3255 libro
908 3208 1062 3255 constanter
1074 3201 1255 3274 impugnatur,
1268 3215 1329 3254 eum
1342 3206 1451 3256 contra

185 3283 349 3354 Accpbans
363 3284 507 3342 inscribere
522 3284 572 3342 sibi
589 3286 670 3342 licere
685 3287 791 3342 censuit
806 3284 959 3348 Facundus,
981 3286 1100 3359 quamvis
1122 3285 1175 3342 hoe
1194 3300 1292 3340 nomen
1309 3283 1380 3340 lorte
1396 3283 1451 3340 Ge·

186 3366 251 3422 iasio
267 3369 390 3442 ignotum
406 3368 495 3429 luerit,
532 3371 575 3426 Sic
595 3389 659 3426 vero
674 3372 879 3444 cognominatos
895 3387 955 3426 esse
971 3369 1094 3426 observat
1109 3368 1180 3426 idem
1195 3368 1334 3425 Facundus
1351 3369 1449 3443 capa.

186 3455 236 3524 qui
254 3454 322 3509 lieet
341 3457 511 3511 recedentes
531 3460 560 3511 in
581 3457 749 3528 quibusdam
769 3457 806 3511 eb
826 3459 918 3525 ipsus
933 3456 1075 3528 Eutychis
1094 3459 1224 3512 auctoris
1239 3461 1266 3511 et
1281 3458 1387 3526 capitis
1402 3458 1453 3513 sui

185 3541 341 3607 sententio,
368 3544 450 3611 sequi
470 3547 563 3596 tomen
584 3542 776 3614 dedipnantur
796 3542 948 3597 Ecclesiae
970 3541 1131 3597 catholicae
1156 3542 1328 3610 decennem,
1357 3544 1451 3614 cujus

187 3629 275 3692 caput
296 3631 339 3679 cst
354 3624 498 3693 Christus,
519 3629 548 3681 in
569 3627 689 3682 cnaeus<
701 3629 829 3689 notumm
848 3626 964 3700 ideoque
984 3625 1046 3682 ilios
1063 3625 1326 3698 Semientyebienos
1340 3624 1450 3700 signifi·

185 3706 290 3761 cantius
305 3707 434 3781 appellari
448 3726 529 3783 posse
544 3718 628 3766 notat.
651 3710 753 3767 ilerum
767 3712 898 3785 originem
909 3710 1039 3768 Leontius
1054 3710 1088 3766 de
1103 3711 1184 3767 sectis
1200 3710 1278 3768 aetb
1295 3709 1448 3768 adPetrum

185 3789 312 3866 biorgum
328 3792 421 3849 refert.

270 3894 299 3951 8.
329 3893 491 3969 Principium
508 3897 590 3970 huJus
605 3897 665 3954 libri
686 3915 699 3953 a
721 3897 807 3953 verbis
824 3898 1027 3955 Necessarium
1048 3914 1160 3973 quoque
1177 3899 1237 3971 suit
1258 3897 1358 3972 aliquid
1373 3898 1448 3957 aliud

185 3977 217 4033 ad
233 3995 294 4040 eos,
311 3997 379 4053 quos
395 3981 542 4056 alloquitur
557 3982 686 4053 Gelasius,
700 3982 754 4053 jam
770 3985 944 4057 praemissum
960 3985 1056 4040 innuit.
1084 3983 1136 4039 Sed
1152 4000 1235 4059 quum
1250 3983 1364 4039 alterum
1379 3987 1449 4042 seri·

184 4071 259 4137 ptum
275 4064 354 4121 simul
370 4067 494 4129 missum,
511 4070 553 4124 cui
569 4068 641 4125 istud
657 4068 813 4140 adjunctum
827 4070 877 4131 sit,
893 4070 1013 4143 cogitare
1025 4068 1112 4129 liceat.
1129 4068 1165 4124 nil
1181 4085 1249 4143 opus
1266 4076 1317 4138 est,
1335 4077 1366 4124 ut
1379 4087 1447 4144 pro·

184 4156 245 4222 pter
263 4150 421 4223 particulam
440 4170 552 4227 quoque
572 4155 695 4210 tractatui
717 4154 779 4209 huic
794 4153 939 4228 quidquam
955 4153 1049 4210 deesse
1064 4154 1242 4228 suspicemur.
1272 4155 1326 4208 dut
1340 4155 1364 4209 sl
1380 4155 1449 4229 quid

184 4233 315 4291 excidisse
335 4235 451 4293 dandum
472 4245 527 4301 est,
547 4239 614 4295 iilud
634 4247 708 4295 certe
728 4238 876 4302 modicum,
898 4255 952 4294 noa
972 4241 1078 4313 insigne
1099 4238 1163 4313 quid
1178 4238 1268 4295 luerit.
1299 4237 1365 4295 Nam
1380 4240 1449 4298 inci·

184 4318 273 4392 piendi
288 4322 356 4377 ratio
372 4322 510 4379 eraniimn
526 4323 638 4387 redolet,
653 4326 680 4381 in
697 4341 751 4399 quo
767 4339 835 4398 quae
851 4323 986 4379 tractanda
1001 4332 1077 4386 sunt,
1093 4324 1208 4399 primum
1219 4333 1424 4398 proponuntur.

269 4422 296 4478 u.
335 4422 409 4480 Girea
429 4426 581 4482 testimonia
601 4435 722 4483 veterum
743 4425 775 4481 ad
796 4425 894 4481 calcem
915 4424 1036 4496 subjecta
1057 4425 1203 4482 nonnullos
1226 4425 1296 4482 lorte
1312 4426 1446 4493 movebit:

185 4507 217 4562 1ο
233 4507 305 4580 quod
322 4510 400 4564 arrius
416 4509 590 4585 ejusdemque
605 4512 687 4586 patris
702 4511 772 4566 diota
788 4527 842 4566 uon
858 4511 937 4566 simul
953 4511 1065 4567 collecta
1080 4511 1128 4568 sed
1139 4510 1245 4567 inlertis
1257 4509 1371 4567 aliorum
1382 4529 1448 4571 seu·

184 4592 274 4647 tentiis
290 4608 303 4645 a
319 4611 348 4648 se
364 4592 466 4650 divulsa
482 4606 682 4670 proponantur:
699 4596 834 4651 Athanasii
850 4594 921 4651 verbi
938 4598 1023 4671 gratia
1038 4614 1065 4652 n.
1079 4596 1132 4658 20,
1150 4595 1189 4653 28
1206 4605 1233 4651 et
1249 4595 1303 4658 33.
1320 4595 1448 4673 Gregorii

182 4675 339 4733 Nazianzeni
354 4695 426 4734 num.
440 4679 489 4742 22,
513 4682 551 4738 29
567 4691 595 4737 et
610 4681 659 4745 36,
677 4690 703 4736 et
718 4683 757 4737 sie
772 4690 937 4744 ceterorum
960 4681 993 4736 20
1009 4681 1082 4756 qued
1098 4681 1142 4737 illa
1159 4681 1315 4737 eorumdem
1336 4692 1448 4757 patrum

183 4761 334 4817 testimonia
353 4764 391 4818 sic
405 4763 508 4819 divulsa
522 4784 575 4822 rron
592 4782 623 4822 ex
640 4766 751 4822 diversis
767 4783 860 4822 eorum
877 4766 1002 4841 operibus
1018 4766 1066 4821 sed
1081 4766 1214 4822 intentum
1230 4783 1261 4821 er
1278 4765 1374 4824 eodem
1389 4771 1447 4828 siut

182 4854 319 4920 excerpta:
336 4855 400 4920 puta
416 4850 550 4905 Athanasii
567 4869 593 4906 n.
603 4851 643 4909 20
655 4859 681 4906 et
695 4850 734 4909 28
746 4868 778 4906 er
795 4852 907 4925 epistola
923 4852 954 4907 ad
970 4851 1129 4926 Epictetum,
1146 4851 1269 4925 Gregorii
1285 4852 1447 4912 Nazianzeni

181 4948 208 4988 n.
219 4930 338 4989 uesieu
354 4949 385 4989 ex
402 4934 515 5008 epistola
530 4935 563 4991 ad
579 4935 750 4999 Gledouinm;
768 4937 801 4992 3⁰
817 4937 890 5012 quod
907 4955 958 4993 uua
973 4936 1119 5011 eademque
1135 4935 1265 4999 Eustatlrli
1281 4939 1447 4999 Antioelreui
