3204 5506
252 360 314 424 754
691 375 719 423 s.
736 373 943 423 normanna
966 372 1081 420 aaran

121 544 238 608 (aare.)
248 540 353 609 potest.
400 527 444 591 Et
466 527 554 591 nulla
576 528 701 592 ratione
724 550 760 592 eo
782 530 951 613 praesente
980 526 1099 612 aliquid
1124 525 1287 610 allegetis,
1315 525 1364 590 sed
1383 548 1473 612 egnes

251 630 442 716 ordinem²⁷)
466 630 677 715 delegationis
700 632 845 694 exserite.

527 785 557 848 8.
591 789 670 850 Item
694 787 839 866 Capitale
861 765 1051 865 singularum
1074 803 1245 848 musarum

335 905 360 968 Ι.
400 903 444 968 Ut
466 907 579 968 saneta
601 903 739 987 synodus
762 901 1031 968 Calchedonensis
1054 905 1088 964 et
1109 900 1265 986 epistolae
1286 903 1380 966 sancti
1394 901 1473 966 leonb

251 1030 353 1091 papae
376 1009 553 1070 serventur.
592 1006 691 1088 Adii)
714 1026 794 1089 quae
818 1004 1084 1069 clementissimus
1107 1004 1283 1088 imperator
1305 1004 1472 1085 consentiens,

251 1109 346 1172 debet
368 1094 497 1193 pietatis
520 1129 596 1171 suae
619 1129 710 1171 sacra
732 1107 897 1192 generalia
919 1106 960 1170 ad
981 1107 1148 1170 universos
1167 1106 1331 1190 episcopos
1344 1106 1472 1185 desdam,

251 1213 284 1274 in
307 1211 422 1294 quibus
444 1210 607 1294 significet
628 1208 812 1293 supradicta
835 1231 868 1272 se
891 1212 923 1272 et
946 1207 1130 1294 eredereet
1151 1208 1324 1273 vindicare.

335 1312 380 1376 ΙΙ.
418 1310 665 1376 Consentientes
693 1311 790 1375 etiam
818 1309 960 1395 episcopi
992 1309 1026 1372 in
1059 1311 1196 1375 ecclesia
1228 1314 1387 1396 praesente
1410 1307 1475 1393 plebe

252 1414 436 1478 Christiana
463 1413 542 1476 haec
570 1413 754 1497 praedicare
781 1412 962 1498 debent²l):
997 1413 1147 1496 amplecti
1181 1434 1214 1477 se
1248 1416 1386 1477 sanctam
1410 1409 1477 1473 liden

252 1514 543 1580 Calchedorrensem
567 1517 599 1578 et
620 1515 772 1598 epistolas
795 1515 989 1579 sanctissimi
1012 1514 1127 1579 Leonis
1149 1535 1264 1599 papae,
1293 1536 1367 1600 quas
1385 1511 1480 1596 scripsit

252 1621 366 1681 contra
392 1615 569 1681 haereticos
598 1616 783 1680 Nestorium
811 1620 844 1680 et
871 1615 1086 1700 Eutychetem
1118 1620 1152 1680 et
1179 1616 1365 1681 Dioscorum
1392 1614 1484 1679 sedet

252 1721 364 1782 contra
379 1740 529 1803 sequaces
546 1740 664 1800 eorum,
688 1718 890 1782 Timotheum
906 1719 1071 1802 Aelurum,
1094 1717 1239 1801 Petrum,
1263 1718 1313 1782 vel
1328 1721 1429 1782 corba
1440 1738 1487 1795 eos,

251 1821 361 1904 quiin
389 1821 460 1904 ipsa
488 1842 582 1884 causa
609 1823 762 1884 tenentur
789 1821 935 1904 obnoxii,
965 1821 1059 1884 simul
1086 1821 1185 1883 etiam
1212 1822 1246 1882 et
1267 1820 1429 1902 Acacium,
1452 1817 1493 1903 qui

251 1922 412 2006 quondam
427 1921 804 2007 Constantinopolitanae
820 1923 973 1986 ecclesiae
991 1921 1054 1986 fuit
1068 1922 1249 2007 episcopus,
1272 1921 1329 1986 sed
1343 1925 1376 1986 et
1388 1920 1498 1985 Petrum

251 2024 349 2087 etiarn
363 2023 615 2088 Antiochenam
626 2024 936 2088 anathematizantes
960 2045 1032 2086 cum
1054 2023 1148 2088 sociis
1164 2045 1283 2088 eorum.
1319 2022 1407 2088 Haec
1420 2045 1502 2087 mann

251 2125 380 2209 propria
408 2126 630 2210 praesentibus
660 2126 769 2190 electis
798 2124 1031 2191 venerabilibus
1065 2125 1141 2189 viris
1169 2126 1366 2210 scribentes,
1397 2126 1507 2190 iaciant

251 2228 425 2290 secundum
446 2231 569 2292 textum
591 2228 708 2310 libelli,
731 2250 826 2312 quem
847 2249 905 2313 per
926 2227 1117 2313 notarios³⁰)
1140 2231 1267 2292 nostms
1291 2228 1463 2319 edidimus·

335 2329 394 2393 ΙΙΙ.
432 2329 472 2395 ln
494 2330 640 2394 exsilium
663 2329 847 2413 deportatos
876 2351 934 2413 pro
963 2351 1059 2394 causa
1086 2329 1308 2394 ecelesiastica
1331 2331 1374 2395 ad
1396 2331 1507 2396 audien

249 2431 328 2494 tiam
351 2431 434 2495 sedis
462 2432 656 2515 apostolicae
684 2432 896 2514 revocandos,
929 2434 966 2495 ut
988 2432 1146 2516 judicium
1174 2435 1208 2496 et
1230 2453 1308 2496 vera
1330 2435 1521 2499 examinatio

250 2533 289 2596 de
311 2532 361 2596 his
384 2533 485 2617 possit
507 2533 633 2597 haberi:
664 2533 711 2596 ita
732 2537 768 2597 ut
791 2555 887 2598 causa
909 2555 1017 2597 eorum
1039 2534 1242 2619 inquisitioni
1270 2534 1410 2620 integra
1432 2558 1524 2601 reser-

250 2638 351 2698 vetur.
397 2633 430 2699 Si
453 2635 507 2718 qui
530 2656 604 2698 vero
626 2638 757 2698 sanctae
779 2635 845 2699 sedi
869 2635 1061 2720 apostolicae
1089 2636 1389 2720 communicantes,
1423 2638 1526 2703 catho

250 2736 346 2800 licam
368 2736 463 2800 fidem
484 2735 707 2819 praedicantes
730 2741 826 2821 atque
848 2741 1027 2820 sequentes,
1050 2737 1158 2822 fugati
1179 2740 1257 2801 sunt
1280 2738 1336 2802 vel
1358 2739 1397 2804 in
1421 2741 1529 2805 exsilio

250 2839 444 2921 detinentur,
468 2837 525 2901 hos
544 2838 668 2921 justum
690 2843 740 2903 est
762 2841 837 2903 ante
860 2841 967 2904 omnia
989 2839 1141 2904 revocari.

333 2940 390 3005 IV.
428 2939 709 3025 Praetereaque³¹)
731 2941 848 3026 legatis
871 2942 956 3005 inter
977 2942 1099 3027 reliqua
1114 2941 1333 3026 injunximus,
1357 2946 1444 3009 ntsi
1461 2968 1530 3010 con·

249 3043 361 3127 tigerit
387 3042 511 3106 libellos
539 3043 662 3127 porrigi
690 3043 840 3107 adversus
873 3065 926 3106 eos
955 3044 1135 3128 episcopos,
1170 3043 1225 3127 qui
1256 3048 1432 3127 persecuti
1460 3051 1532 3111 snut

181 3140 185 3148 ’
250 3144 438 3227 catholicos,
462 3144 501 3209 de
524 3144 574 3208 his
592 3145 748 3228 judicium
771 3145 836 3208 sedi
860 3144 1053 3229 apostolicae
1075 3147 1271 3228 reservetur,
1304 3150 1343 3210 ut
1368 3148 1461 3213 circa
1482 3125 1531 3212 ios

249 3246 502 3311 venerandorum
524 3250 651 3330 patrum
674 3247 799 3330 possint
815 3248 991 3311 constituta
1006 3248 1143 3330 servari,
1166 3268 1226 3331 per
1240 3270 1330 3332 quae
1346 3250 1532 3315 aedificatio

249 3348 456 3433 generalitati
478 3348 704 3433 proveniatll).

249 3486 278 3547 n.
302 3489 483 3567 Exemplum
497 3489 599 3548 libelli
612 3505 670 3565 per
683 3489 854 3550 Ennodium
877 3494 909 3551 et
924 3492 1123 3552 Fortunatam
1138 3488 1318 3568 episcopos,
1341 3493 1531 3557 vomam

398 3592 622 3669 presbyterum,
644 3590 779 3652 vitalem
802 3591 965 3653 moenum
987 3596 1018 3654 et
1039 3593 1180 3653 Hilarum
1200 3594 1377 3656 noudum.

332 3705 357 3769 l.
382 3705 491 3769 Prima
507 3705 592 3769 salus
608 3709 667 3787 est,
684 3706 828 3790 regulam
845 3710 951 3770 rectae
967 3708 1039 3771 fidei
1056 3707 1226 3790 custodire,
1252 3711 1289 3772 et
1305 3730 1326 3773 a
1343 3710 1530 3777 constihrt'n

315 3912 347 3977 ²⁷)
364 3910 407 3963 Ita
426 3910 459 3963 G*
483 3910 512 3961 et
529 3910 705 3962 consentiunt
723 3926 794 3978 qnae
812 3928 898 3980 supra
914 3929 941 3964 n.
961 3918 988 3976 33
1006 3910 1074 3965 bec
1092 3917 1264 3980 deleparionie
1283 3898 1400 3974 textu]

314 3997 346 4062 Ν)
365 3994 399 4047 G¹
413 3996 439 4046 a¹
459 4003 546 4063 atque,
567 3994 633 4047 bec
651 4007 726 4063 utque
788 3999 886 4051 debeat.
921 3995 1134 4050 Restituendum
1152 4011 1213 4051 esse
1232 4003 1273 4052 od
1289 4021 1361 4069 quae
1381 4019 1441 4056 non
1453 4019 1531 4072 nege

247 4079 300 4144 bit,
324 4077 417 4146 quiin
437 4081 560 4132 veterum
579 4079 704 4133 codicum
722 4079 841 4133 lectione
858 4080 1022 4150 peregrinus
1039 4098 1094 4135 non
1113 4081 1167 4146 est,
1189 4082 1319 4138 maxime
1339 4085 1367 4140 si
1387 4088 1533 4143 recoluerit

246 4163 314 4216 illud
332 4169 474 4217 consentire
496 4170 532 4216 ad
553 4168 650 4233 aliquid
670 4162 726 4216 stili
748 4181 807 4218 esse
826 4164 1003 4231 Hormisdae,
1026 4165 1129 4236 quippe
1152 4165 1201 4233 qni
1220 4166 1289 4235 jam
1310 4169 1390 4226 dixit
1412 4191 1487 4228 num.
1505 4180 1532 4226 b:

248 4251 316 4302 Eece
333 4256 376 4318 qui
393 4260 432 4303 est
448 4254 557 4302 ciuitatis
575 4254 710 4316 episcopua
728 4255 768 4303 acl
784 4256 847 4303 istu
865 4258 997 4305 consentit.

313 4336 345 4402 ²⁹)
363 4334 381 4387 b
395 4352 429 4387 cc
447 4339 563 4387 debeant.
593 4333 817 4400 Insequentibus
831 4351 880 4388 eae
893 4335 1046 4389 censendae
1066 4337 1130 4389 sunt
1141 4335 1237 4390 notari
1250 4339 1403 4408 epistolae
1416 4361 1435 4398 a
1446 4344 1532 4399 Leone

245 4419 310 4484 post
327 4421 446 4472 mortem
463 4418 593 4484 Proterii,
618 4418 695 4488 eujus
714 4417 876 4473 Timotheus
899 4422 928 4473 ct
945 4421 1043 4474 Petrus
1060 4421 1190 4475 auctores
1207 4422 1408 4496 exstiterunt,
1430 4429 1460 4483 in
1478 4446 1532 4498 gra-

245 4501 313 4555 tiam
325 4503 528 4556 Alexandrinae
541 4501 672 4556 ccclesiae
690 4506 719 4556 ct
731 4502 961 4559 Calchedoncnsis
979 4504 1079 4573 synodi
1096 4504 1287 4575 conscriptae,
1304 4512 1386 4580 puta
1399 4520 1451 4568 1⁴5
1461 4531 1531 4584 seqq.

312 4591 344 4655 30)
363 4588 406 4642 lua
424 4587 457 4639 G'
472 4592 512 4653 al,
530 4589 548 4640 b
562 4605 598 4641 cc
616 4594 739 4642 notarium
759 4601 868 4643 nostrum
943 4596 1105 4660 inquisitione
1121 4597 1233 4659 intepre.

313 4675 344 4740 ³¹)
363 4677 388 4726 al
403 4673 421 4725 b
434 4690 469 4726 cc
488 4679 630 4726 Praeterea
648 4696 724 4743 quoe.
748 4674 822 4742 quod
841 4674 1036 4743 corrigendum
1059 4674 1195 4729 duximus.
1240 4676 1360 4736 Ballio
1377 4683 1531 4741 Homini&

245 4771 316 4822 quire
334 4757 434 4825 legata
452 4757 577 4826 euporius
596 4777 621 4810 n.
641 4764 656 4810 6
675 4759 824 4828 praecipit,
844 4763 1050 4814 commemorat.

312 4845 343 4909 ³²)
362 4842 412 4894 Hie
435 4841 529 4894 statim
552 4842 715 4910 adjungitur
737 4845 765 4896 in
788 4848 882 4898 nostro
905 4846 1039 4899 Avellauo
1058 4845 1104 4900 lol.
1124 4847 1175 4899 70ὴ
1197 4849 1367 4920 Empru·
1393 4861 1473 4913 libelli
1486 4875 1531 4926 ptr

246 4930 385 4979 Euuodiurn
404 4938 467 4978 erc:
486 4930 576 4989 Quare
595 4927 666 4979 idern
686 4928 780 4980 statim
799 4929 843 4982 hic
861 4931 998 4998 subjicere
1017 4930 1105 4983 libuit.
