3204 5506
660 344 793 391 nostra
818 344 968 391 l'lihliVlA
992 346 1028 391 IN
1050 345 1189 394 Geunstt

526 520 563 580 In
585 519 701 581 Gelaeii
722 535 822 597 papae
844 520 1006 598 epistolem
1027 519 1048 579 9
1070 515 1196 598 („(lnurn
1212 517 1323 598 titac“).

207 646 282 717 [Ed]
381 641 407 696 1.
440 640 471 695 Et
494 642 558 698 hace
573 641 687 716 epistola
706 658 739 696 ex
759 641 854 698 eodem
870 641 963 697 codiee
977 642 1124 698 Veronensi
1140 641 1180 700 46
1201 642 1295 698 iisdem
1316 642 1473 701 electoribus
1494 661 1560 718 pro·

293 725 372 782 ducta
387 733 415 780 et
429 725 529 800 publici
541 727 610 797 juris
625 727 694 783 lacta
709 734 760 782 est.
792 725 821 782 ln
832 728 929 783 notitia
943 726 987 783 illa
1003 729 1200 802 episcoporum,
1218 729 1263 802 qui
1278 746 1310 783 er
1326 729 1415 785 edicto
1428 729 1560 786 llrmeriei

293 813 366 885 rogis
387 828 456 867 anno
477 811 538 868 484
559 812 747 887 Carthaginem
770 821 964 873 convenerunt,
992 829 1070 886 qnam
1098 830 1130 869 ex
1150 813 1242 869 codice
1260 813 1431 871 laudunensi
1454 815 1560 888 primus

293 895 376 952 edidit
391 896 549 953 Sirmondus
565 906 592 954 et
607 899 773 972 posteriores
792 896 910 953 editores
925 897 1041 953 lictoris
1058 898 1173 954 l‘itensis
1189 900 1216 954 in
1232 898 1377 972 appendice
1393 898 1561 956 addiderunt

293 980 393 1055 (bligne
407 980 479 1038 Patr.
493 983 539 1038 lat.
553 992 618 1039 tom.
628 983 667 1040 58
684 982 735 1038 col.
746 980 826 1054 269).
843 991 954 1038 vocatur
970 983 1129 1039 Sacconins
1149 984 1297 1041 Uaniensis
1311 982 1364 1056 (rel
1384 982 1560 1056 lleialenais)

285 1070 460 1140 ,provinciae
479 1071 709 1139 proconsularis.
749 1066 799 1135 Qui
820 1067 889 1123 idem
906 1085 974 1130 esse,
996 1067 1027 1123 ad
1052 1084 1131 1143 quem
1154 1076 1246 1124 nostra
1270 1069 1335 1124 hacc
1355 1069 1472 1144 epistola
1487 1069 1560 1133 data,

293 1151 369 1207 iacile
385 1152 513 1209 creditur.
551 1154 616 1209 llam
636 1153 728 1226 plures
748 1152 856 1208 illorum
877 1155 1065 1227 episcoporum
1086 1155 1283 1228 ingravescenti
1302 1156 1407 1227 tyranni
1428 1171 1561 1229 persecu·

294 1237 361 1293 tioni
376 1254 405 1293 se
426 1238 491 1312 luga
511 1238 680 1300 subduxisse.
701 1239 854 1312 partimque
873 1237 982 1300 ltaliam,
1010 1238 1076 1294 alios
1097 1238 1359 1313 Constantinopolim
1380 1241 1504 1313 petiisse.
1528 1257 1561 1296 ex

293 1322 401 1378 l'ictore
418 1323 521 1379 Vitensi
538 1323 650 1398 aliisque
666 1340 755 1378 earum
771 1339 862 1379 rerum
879 1324 1059 1380 rnonumentis
1074 1324 1159 1398 palam
1177 1322 1215 1380 m.
1254 1323 1301 1379 Ubi
1317 1323 1425 1380 eosdem
1442 1332 1562 1399 propter

293 1407 455 1482 praeclaram
471 1407 569 1464 Christi
584 1409 784 1465 corriessionem
799 1424 884 1482 aeque
900 1410 988 1482 magni
1004 1409 1158 1464 aestimatos
1174 1408 1265 1472 luisse,
1282 1417 1364 1482 atquc
1378 1411 1504 1483 ipsorum
1523 1410 1561 1466 la·

293 1509 372 1567 psum
387 1492 515 1549 eeclesiae
536 1502 563 1550 et
584 1493 743 1550 orthodoxis
758 1493 912 1549 scandalum
927 1493 1092 1567 praebuisse,
1114 1493 1219 1549 abunde
1234 1501 1317 1568 patet.
1356 1493 1424 1551 llinc
1445 1495 1492 1550 ille
1509 1494 1561 1550 Ge·

293 1577 351 1634 iasii
372 1578 404 1634 de
420 1577 552 1635 Sueconio
573 1578 661 1642 dolor,
684 1580 745 1635 hiae
762 1586 790 1633 nt
810 1595 871 1634 enm
893 1578 1016 1634 ahaude
1032 1579 1228 1635 haereticorum
1249 1587 1367 1642 revocet,
1390 1587 1560 1655 praepotens

189 1655 192 1665 ¹
292 1662 422 1720 studium.

379 1747 408 1804 2.
439 1747 475 1805 lie
492 1758 622 1824 tempore,
639 1766 693 1824 quo
709 1751 810 1823 scripta
824 1751 860 1804 sit
875 1749 940 1805 haec
955 1749 1084 1823 epistola,
1100 1751 1151 1806 etsi
1167 1749 1256 1806 desint
1270 1756 1358 1806 certae
1373 1758 1464 1814 notae,
1487 1749 1561 1809 unde

294 1833 428 1889 enucleari
444 1836 544 1908 possit,
568 1844 655 1891 tamen
672 1851 728 1890 eam
749 1834 782 1890 ad
798 1834 916 1890 eamdem
933 1833 1024 1889 Fausti
1039 1836 1160 1909 magistri
1175 1835 1339 1909 legationem
1354 1837 1416 1891 anni
1430 1834 1495 1892 493
1518 1851 1559 1892 re·

295 1918 445 1983 serendam,
467 1920 557 1994 itaque
578 1920 672 1975 eodem
689 1936 749 1974 cum
769 1921 903 1994 superiori
921 1927 1042 1992 ternpore
1063 1936 1077 1974 a
1099 1920 1216 1976 sollicito
1237 1917 1364 1993 pontifice
1385 1919 1476 1976 datam
1499 1936 1559 1978 essa

293 2006 451 2077 putaverim.
473 2004 527 2061 Nec
539 2015 652 2079 propter
667 2007 884 2079 persecutionem
890 2003 1066 2066 vandalicam,
1079 2021 1147 2077 quae
1159 2006 1186 2060 in
1199 2004 1291 2060 eadem
1303 2006 1450 2061 etiamtunc
1464 2007 1558 2080 viget!

294 2090 412 2164 ponitur,
436 2107 493 2146 eam
516 2107 575 2145 curn
598 2090 751 2146 marchione
769 2090 872 2160 Mallejo
894 2098 988 2145 eontra
1003 2090 1140 2163 archetypi
1157 2087 1236 2144 fidem
1249 2091 1341 2146 Felici
1356 2089 1557 2164 adscripserim.

293 2174 357 2231 Nam
374 2176 425 2231 etsi
441 2174 647 2232 Guntamnndus
663 2174 694 2229 ab
710 2192 779 2231 anuo
795 2175 856 2232 484
872 2173 1050 2230 vandalorum
1065 2192 1126 2237 rer,
1136 2245 1138 2253 ,
1148 2176 1175 2230 in
1197 2174 1344 2231 catholicos
1360 2167 1558 2250 indulgentiorss

200 2327 205 2339 Ι
294 2259 398 2333 aliquot
413 2262 555 2334 episcopos
571 2259 752 2334 ecclesiasque
773 2277 867 2316 eorum
888 2261 977 2315 statim
999 2261 1132 2323 restituit,
1154 2268 1243 2316 tamen
1263 2261 1483 2333 persecutionem
1504 2276 1559 2317 non

293 2362 407 2419 prorsus
422 2345 543 2408 desiisse,
560 2344 652 2401 multis
665 2345 834 2401 documentis
849 2353 932 2419 patet.
953 2342 1043 2400 ‘lmmo
1058 2361 1119 2401 eum
1135 2343 1242 2400 demum
1257 2347 1365 2402 decimo
1381 2363 1460 2403 anno
1475 2349 1561 2421 regni

295 2432 341 2486 sni
354 2428 383 2502 (i.
400 2447 424 2486 e.
441 2447 511 2486 anno
527 2429 600 2502 494)
616 2432 756 2487 ecclesias
771 2432 978 2486 catholicorum
994 2433 1144 2501 apernisse
1165 2437 1193 2486 ct
1207 2447 1304 2507 omnes
1318 2431 1374 2488 Dei
1388 2433 1560 2489 sacerdotes

290 2521 407 2586 petente
423 2515 552 2588 Eugenio
569 2515 791 2589 Carthaginensi
804 2519 938 2588 episcopo
954 2516 989 2570 de
1004 2517 1091 2571 exilio
1104 2531 1265 2586 revocasse,
1283 2516 1363 2571 docet
1375 2514 1559 2590 fragmentum

295 2598 420 2655 Chronici
435 2599 560 2674 Prosperi
582 2617 597 2655 a
617 2599 721 2656 Canisio
743 2600 806 2656 lect.
829 2607 883 2655 ant.
902 2599 989 2654 tom.l
1011 2599 1149 2673 vulgatum
1170 2599 1215 2673 (ci.
1232 2599 1343 2656 hoium
1357 2601 1385 2656 in
1401 2601 1466 2657 hist.
1483 2617 1558 2675 pers.

295 2683 378 2740 Vand.
401 2702 498 2740 comm.
522 2686 585 2742 hist.
608 2702 665 2760 cap.
681 2683 739 2758 10).
778 2684 852 2741 Unde
872 2685 937 2740 satis
958 2691 1077 2746 constat,
1104 2684 1211 2741 exilium
1232 2685 1305 2741 istud
1326 2702 1381 2742 non
1403 2687 1560 2744 necessario

295 2768 417 2844 flagitare
431 2769 527 2827 llelicis
543 2780 673 2845 tempora.
688 2770 736 2826 sed
752 2787 812 2826 cum
828 2768 925 2826 Gelasii
941 2768 1100 2843 pontificatu
1117 2772 1217 2844 optime
1233 2772 1386 2827 convenire.

509 2904 547 2965 In
568 2903 685 2964 Galerii
705 2919 806 2981 pupae
828 2903 990 2981 epistolam
1010 2903 1048 2964 10
1071 2900 1169 2985 (‚,Epo
1183 2901 1340 2982 qnoque“).

69 3061 71 3066 ,
151 3036 203 3103 [n³⁸
221 3035 283 3105 Ed]
381 3027 408 3084 l.
438 3026 640 3099 llocscriptum
656 3027 769 3082 vetustis
785 3024 979 3099 exemplaribus
995 3022 1281 3094 codicis'aQuesnello
1297 3025 1399 3100 vulgati
1414 3035 1558 3102 acceptum

293 3111 437 3174 habemus.
464 3110 580 3185 indeque
595 3111 713 3166 isidorus
734 3111 866 3166 lilercator
881 3112 907 3166 in
923 3110 1109 3167 collectionem
1125 3128 1200 3166 snam
1217 3112 1362 3167 transtulit.
1394 3105 1561 3188 [Praebetur

293 3199 373 3253 etiam
395 3198 422 3253 in
443 3194 647 3270 probatissimae
668 3204 748 3253 notae
769 3196 861 3252 codice
877 3196 1024 3251 Veronensi
1039 3195 1079 3253 46
1101 3195 1268 3253 collectionis
1290 3199 1316 3252 in
1332 3213 1410 3251 causa
1427 3199 1559 3254 hcaeiana

293 3276 462 3357 adornatae]
501 3280 529 3337 ln
551 3283 658 3355 praevio
679 3281 767 3337 indice
788 3281 908 3355 generali
923 3279 1070 3337 Colbertini
1090 3280 1188 3338 codicis
1205 3284 1240 3338 ita
1255 3282 1425 3356 designatur:
1450 3284 1563 3340 Gelaaii

291 3383 390 3440 papae
407 3370 447 3424 ael
460 3369 600 3423 Faustum
612 3370 640 3422 in
654 3369 797 3440 legatione
812 3369 852 3423 ael
865 3370 1001 3423 orientem
1016 3368 1155 3422 directum
1170 3370 1321 3423 instructio
1334 3382 1424 3438 super
1435 3369 1558 3425 damna·

294 3456 369 3509 tione
384 3453 500 3515 Acacii;
522 3468 603 3524 quum
627 3460 714 3506 tamen
730 3453 752 3507 is
769 3451 863 3507 titulus
885 3450 980 3507 eodem
995 3452 1023 3506 in
1038 3451 1132 3507 codice
1146 3453 1182 3507 sit
1198 3452 1328 3526 epistolae
1343 3453 1395 3525 ipsi
1409 3452 1557 3525 praelians.

294 3538 340 3611 qui
356 3538 424 3593 etin
440 3537 536 3592 ceteris
553 3534 755 3603 Quesnellianae
770 3536 938 3593 collectionis
954 3536 1097 3610 exemplis:
1125 3536 1154 3593 S.
1169 3537 1276 3594 Gelasii
1286 3553 1387 3610 papae
1402 3543 1558 3596 commoni·

294 3626 396 3679 tarium
418 3623 529 3678 Fausto
549 3624 685 3695 magistro
710 3622 848 3695 fungenti
872 3624 1022 3696 legationis
1050 3622 1148 3693 officio
1172 3622 1425 3694 Constantinopoli.
1470 3621 1565 3692 Quem·

294 3706 401 3763 titulum
417 3706 534 3769 isidorus
551 3705 681 3762 hlercator
701 3708 822 3763 retinuit.
859 3707 959 3763 Vitiosa
981 3714 1022 3762 est
1043 3715 1132 3763 autem
1153 3705 1301 3782 Remigiani
1322 3707 1438 3781 exempli
1459 3707 1558 3766 lectio:

294 3795 415 3864 epistola
432 3792 540 3848 Gelarii
556 3806 656 3864 papae
678 3793 717 3847 ad
738 3793 877 3848 Faustam
900 3793 1121 3865 Magistriannm
1143 3801 1205 3856 etc,
1223 3809 1305 3866 quum
1321 3791 1436 3848 Faustus
1452 3792 1561 3851 allicio·

293 3895 353 3932 rum
368 3878 510 3951 magister,
533 3894 588 3933 non
608 3881 814 3950 magistrianus
835 3877 926 3945 tuerit.
957 3876 1060 3931 (litatur
1075 3876 1107 3932 ab
1122 3876 1223 3951 digero
1244 3876 1289 3932 lib.
1303 3879 1342 3933 dc
1357 3881 1559 3936 misericordia

294 3969 321 4019 ct
337 3964 451 4035 jndicio
466 3979 524 4036 cap.
539 3961 577 4019 69
594 3961 677 4025 et,'l4
698 3961 748 4017 sub
769 3965 877 4018 nomine
899 3963 1038 4034 epistolae
1060 3962 1169 4019 Gelasii
1187 3965 1228 4019 nel
1247 3963 1445 4035 Euphemiam.
1478 3962 1558 4032 Quod

294 4047 364 4130 unde
379 4048 507 4109 hauserit,
524 4048 629 4109 nescim
650 4047 741 4121 potius
758 4050 911 4117 adversos,
929 4064 1008 4121 qnam
1024 4049 1064 4102 ad
1077 4046 1252 4121 Euphemiam
1269 4046 1469 4104 inscriberetur.

378 4132 406 4189 2.
435 4133 564 4189 baronius
586 4131 710 4188 observat
725 4133 757 4188 ad
773 4150 835 4189 ann.
848 4132 924 4194 493,
946 4131 1073 4187 Faustum
1089 4134 1131 4188 cui
1147 4131 1301 4189 hiscribitur
1316 4149 1399 4188 unum
1415 4149 1447 4188 er
1463 4135 1497 4190 iis
1513 4151 1560 4191 ex·

292 4219 394 4274 stitisse
409 4219 519 4293 legatis,
542 4235 610 4292 quos
626 4216 810 4274 Theodoricus
827 4226 889 4292 post
905 4216 1032 4272 Odoacris
1048 4233 1140 4274 necem
1155 4218 1229 4274 ltalia
1245 4225 1302 4273 tota
1317 4219 1420 4292 potitus
1437 4217 1469 4273 ad
1489 4221 1560 4276 hue

292 4305 403 4363 stasium
420 4321 480 4360 cum
496 4301 617 4377 epistola,
636 4319 703 4376 quae
719 4302 789 4377 apud
804 4301 994 4358 cassiodorum
1015 4321 1077 4358 cor.
1094 4305 1161 4359 lect.
1184 4304 1268 4377 prima
1284 4308 1380 4365 exstat,
1396 4301 1560 4369 destinavit;

293 4388 455 4462 legationem
472 4406 554 4463 porro
577 4387 648 4444 illam
664 4404 718 4444 non
735 4388 785 4444 nisi
801 4390 869 4444 eirca
885 4403 1004 4442 mensem
1019 4387 1195 4443 Novembrem
1211 4389 1274 4443 anni
1285 4386 1346 4444 493
1362 4388 1469 4444 missam
1487 4406 1558 4455 esse,

292 4471 319 4527 id
340 4490 405 4529 vero
425 4473 517 4548 colligi
539 4491 553 4529 e
574 4474 707 4547 superiori
723 4472 820 4528 Gelasii
841 4473 928 4527 nostri
950 4472 1064 4545 epistola
1081 4473 1098 4528 6
1115 4471 1240 4528 liniendis
1256 4472 1412 4528 Novembris
1434 4471 1559 4543 ejusdem

294 4558 355 4612 anni
370 4561 542 4632 consignata,
564 4560 591 4614 in
613 4574 664 4632 qua
684 4574 734 4631 pax
750 4559 816 4613 inita
831 4556 935 4630 pridem
950 4559 1099 4631 composita
1114 4566 1142 4613 et
1157 4557 1226 4613 heila
1237 4575 1329 4613 reeens
1345 4556 1437 4612 sedata
1454 4575 1560 4616 memo·

293 4650 400 4704 rantum
416 4659 447 4699 ac
461 4643 567 4699 domum
584 4644 636 4699 hoc
651 4644 886 4698 commonitorium
899 4640 997 4697 Fausto
1010 4659 1064 4698 non
1082 4642 1207 4698 traditum
1224 4631 1316 4706 inisse,
1330 4659 1413 4717 quum
1425 4641 1560 4701 Constan-

294 4727 437 4801 tinopolim
454 4736 496 4784 est
511 4720 665 4801 proiectus,
682 4726 730 4782 sed
746 4745 829 4802 quum
845 4743 919 4783 mora
935 4726 970 4783 ibi
982 4727 1037 4798 jam
1052 4728 1143 4801 aliqua
1158 4727 1227 4783 iacta
1243 4737 1323 4790 etse,
1345 4737 1376 4782 ut
1391 4727 1510 4784 Graecos
1526 4729 1559 4786 ad

221 4853 224 4860 .
293 4811 441 4884 parendum
457 4812 562 4868 Gelasio
579 4812 737 4874 adduceret,
755 4830 862 4886 operam
878 4811 993 4874 dedisse.
1011 4821 1037 4868 et
1053 4830 1100 4868 eos
1116 4812 1265 4869 obstinatos
1281 4829 1439 4888 permanere
1451 4811 1559 4870 Gelasio

294 4899 485 4954 renuntiasset.
522 4897 596 4953 Umle
617 4898 754 4971 sequitur,
782 4906 812 4954 ut
834 4899 884 4954 hoe
905 4897 1216 4954 commonitoriumnon
1237 4908 1299 4955 ante
1321 4899 1382 4954 anni
1398 4896 1461 4956 494
1483 4900 1561 4958 initia
