3224 5506
608 388 817 438 rasurarum
836 390 887 438 111.
1337 380 1378 444 75

149 566 202 607 ceno
216 551 294 624 potius
315 566 394 624 quam
417 549 521 606 Gelasio
536 549 656 607 Romano
672 550 876 623 adjudicandum
891 570 923 609 or
938 571 971 609 eo
985 555 1091 617 uolunt,
1109 557 1207 629 (quoda
1221 555 1377 614 Jolrannell

140 636 270 710 simpiciter
289 637 327 691 sic
349 634 486 691 laudatur:
509 636 644 701 ,Gelasius
665 654 705 694 ex
722 639 796 695 libro
817 641 958 695 aduersus
978 641 1141 697 Nestorium
1164 649 1191 698 ct
1212 643 1375 714 Eutychen,
1405 678 1408 683 -

133 737 186 778 nec
197 723 292 779 Gdesio
306 720 447 793 adjiciatur
460 737 559 794 papae
573 738 622 777 seu
637 726 767 795 episcopi
781 723 906 780 Romani
920 742 1027 780 nomen.
1060 727 1095 781 dt
1115 728 1138 781 si
1154 726 1219 800 quid
1233 744 1376 800 argumen-

125 814 189 864 tum
204 807 344 878 hujusmodi
365 806 449 869 valet,
468 816 495 863 et
509 806 592 863 Leoni
607 807 737 880 epistolae
754 808 793 865 55
809 826 839 864 ac
856 808 915 865 139
931 808 1118 880 abjudicandac
1133 820 1223 867 erunt.
1245 812 1289 868 Sic
1305 815 1375 869 caim

115 891 156 947 ab
176 892 255 949 eodem
268 892 389 948 iohanne
405 894 433 947 in
449 891 540 948 eadem
555 893 668 967 epistola
685 892 820 949 landatur:
836 895 873 952 In
889 899 1009 966 epistota
1024 897 1130 954 Leonis
1144 899 1377 961 adducendam,-

108 985 144 1033 et
168 977 281 1034 subinde:
310 979 442 1051 ejusdem
456 982 484 1034 in
500 981 622 1050 epistola
638 979 677 1034 ud
690 979 877 1050 Flauianum,
900 979 973 1035 nulla
989 981 1126 1054 dignitatis
1141 981 1292 1055 pontificiae
1308 981 1375 1038 lacta

101 1065 257 1120 nientione.
289 1061 342 1118 Sed
357 1062 431 1137 qnod
448 1064 530 1119 tacuit
542 1063 678 1120 iohannes
694 1062 730 1126 ll.
752 1065 803 1120 hoe
818 1063 977 1139 Fulgentius
993 1065 1054 1122 loco
1070 1075 1218 1123 memorato
1241 1084 1295 1122 non
1310 1069 1375 1124 item

93 1149 204 1206 silebit.
227 1146 260 1203 lbi
281 1149 352 1204 enim
374 1157 491 1221 quatuor
510 1165 543 1204 ex
557 1149 611 1204 hoe
626 1148 695 1205 libro
711 1151 864 1206 testimonia
878 1150 1047 1224 prolaturus,
1069 1167 1137 1225 quae
1159 1151 1271 1207 totidem
1287 1152 1374 1207 verbis

89 1236 134 1291 in
163 1234 250 1290 eudem
264 1235 418 1290 etiamnunc
432 1241 552 1298 exstant,
576 1236 612 1289 ita
627 1234 776 1308 praefatur:
805 1236 861 1292 boc
881 1239 966 1292 etium
987 1238 1091 1293 beatae
1111 1240 1264 1293 memoriae
1277 1254 1374 1310 papa

87 1322 282 1378 Gelenius
307 1326 424 1376 servato
440 1325 541 1376 tenore
561 1321 710 1377 doctrinae
728 1336 785 1391 per
805 1324 880 1378 niam
894 1337 981 1378 aerae
1000 1324 1071 1394 fidei
1089 1329 1176 1396 atque
1197 1325 1375 1394 apostolicae

84 1406 302 1478 confusionis
313 1407 438 1476 peribus
452 1407 558 1461 incedit
572 1409 685 1462 omnino
700 1408 831 1479 uestigiis.
855 1406 891 1462 in
907 1422 941 1462 eo
956 1411 1063 1480 quippe
1076 1410 1158 1477 libro,
1175 1424 1257 1480 quem
1272 1423 1374 1465 memo·

82 1500 200 1549 ratus
216 1491 387 1547 uenerabriis
408 1493 580 1562 conscripsit
602 1494 760 1547 antistes
784 1493 925 1549 adversus
952 1509 1014 1562 eos,
1044 1496 1095 1565 qui
1115 1497 1144 1549 in
1164 1493 1284 1549 Iiomino
1303 1495 1375 1551 Jesu

81 1580 225 1638 Clusino
238 1579 362 1633 duarum
376 1582 552 1632 naturarum
567 1579 664 1633 volunt
684 1577 835 1632 indivisam
855 1580 977 1633 eredere
991 1581 1143 1635 veritatem
1157 1578 1210 1634 sed
1223 1593 1274 1634 eas
1289 1581 1375 1635 unius

79 1669 236 1722 maluae
245 1661 432 1734 professione
447 1660 636 1733 confundunt,
651 1665 715 1732 ipso
731 1667 830 1718 tenore
841 1665 1070 1734 praedicationis
1085 1664 1264 1736 apostoticae
1278 1670 1372 1721 custo-

81 1753 190 1816 dita,
209 1748 280 1804 duas
299 1753 425 1803 naturas
444 1749 476 1802 in
490 1745 602 1803 Christo
617 1746 789 1819 inconfusus
804 1754 890 1821 atque
905 1749 1117 1820 inseparabiles
1132 1764 1195 1805 esse
1210 1751 1371 1822 confirmat.

83 1833 240 1903 Quodam
252 1832 350 1888 Petrus
366 1829 524 1887 Franciscus
539 1829 690 1887 Glrillletius
706 1833 802 1887 merito
818 1833 845 1887 in
861 1833 932 1889 hunc
947 1834 1037 1889 locum
1053 1832 1186 1897 observat,
1205 1834 1305 1889 nemini
1318 1832 1373 1904 jam

85 1917 222 1974 aulam
235 1933 295 1974 esse
310 1915 424 1979 debere,
441 1917 506 1989 quin
522 1915 581 1972 libri
598 1934 612 1973 a
627 1915 772 1990 ingentio
790 1916 889 1973 laudati
905 1917 1097 1982 nouGeiasins
1114 1920 1209 1992 quivis,
1231 1919 1279 1974 sed
1297 1917 1373 1974 Gela·

86 2005 178 2059 sius
193 2005 298 2060 aetates
313 2001 450 2057 llomanns
471 2009 565 2057 auctor
585 2001 736 2058 censendus
759 2003 803 2057 sit.
840 2002 932 2077 Neque
948 2003 1045 2059 laisum
1061 2020 1121 2060 esse
1136 2005 1196 2078 quis
1212 2002 1304 2058 credet
1319 2011 1373 2059 tam

88 2089 225 2145 vicinum
244 2088 351 2144 Gelasio
371 2095 516 2159 tantaeque
535 2088 563 2143 in
582 2086 696 2143 ecclesia
716 2089 882 2143 auctoritatis
904 2089 998 2144 virum.
1036 2088 1130 2163 Neque
1151 2089 1261 2144 minoris
1282 2088 1332 2144 liae
1345 2089 1372 2145 in

91 2187 135 2226 re
166 2175 288 2230 momenti
309 2180 352 2228 est
371 2170 489 2229 Facundi
509 2173 702 2228 testimouium.
747 2171 795 2228 His
816 2174 887 2229 enim
909 2172 969 2229 libri
990 2180 1084 2230 contra
1107 2173 1248 2229 liarimnm
1270 2172 1370 2229 verbis:

91 2260 226 2328 scnium
239 2260 344 2315 beatus
356 2257 490 2314 Gelasius
501 2258 650 2314 Romanus
661 2261 814 2329 episcopus
825 2260 1136 2331 aduersusdcepbatas
1146 2277 1279 2333 magnum
1291 2276 1371 2331 opus,

93 2337 167 2394 boc
178 2343 262 2417 ipsum
279 2360 349 2417 opus
364 2341 397 2398 ab
413 2359 446 2398 eo
461 2343 548 2398 nourr
562 2358 641 2398 nemo
658 2342 776 2417 prudens
791 2345 944 2417 negaverit:
963 2346 1000 2399 ita
1016 2352 1046 2399 ut
1062 2361 1116 2400 uno
1132 2343 1215 2400 verbo
1231 2353 1297 2400 tune
1311 2361 1372 2419 per·

92 2421 217 2498 vulgato
238 2430 382 2486 aduersus
396 2428 560 2498 Acepbalos
580 2427 607 2482 id
627 2429 715 2501 ipsum
737 2430 901 2502 expresserit
915 2427 1070 2491 Facundus.
1092 2429 1166 2503 quod
1187 2429 1229 2485 alii
1249 2428 1372 2503 pluribus

91 2509 249 2579 expuent,
281 2512 358 2570 Unde
378 2510 533 2574 conflatur,
553 2521 584 2568 ut
604 2513 710 2587 etipse
731 2515 803 2569 hune
822 2512 920 2570 librum
940 2532 995 2570 non
1016 2514 1154 2588 Cyziceni,
1178 2531 1233 2571 non
1255 2514 1372 2586 cujusvis

90 2585 218 2665 Gelesii,
239 2598 290 2656 sed
310 2597 423 2655 Romani
444 2598 562 2672 episcopi
578 2614 639 2654 esse
653 2614 703 2672 pro
719 2615 783 2654 vero
799 2597 930 2665 habuerit.
961 2598 1014 2655 Sed
1029 2601 1115 2657 aliena
1130 2598 1194 2673 quid
1210 2602 1371 2673 quaerimus,

89 2686 188 2742 quum
203 2687 232 2743 in
247 2686 310 2760 ipso
325 2682 395 2740 libro
410 2683 532 2740 numlG
547 2682 644 2739 lecturi
654 2684 752 2739 simus:
770 2685 957 2756 Quapropter
970 2686 1049 2742 bane
1064 2687 1194 2759 requiam
1210 2687 1373 2743 catholicae

85 2756 172 2824 fidei
264 2787 331 2827 cum
351 2769 419 2826 sede
434 2771 592 2840 apostolica
608 2775 705 2826 uestra
724 2768 836 2826 dilectio
859 2774 1034 2827 unanimiter
1049 2775 1168 2828 teneat?
1196 2769 1292 2827 Nonne
1307 2772 1329 2826 is
1344 2772 1372 2828 in

85 2854 257 2913 ‘bostonus
271 2854 337 2911 sede
352 2870 383 2910 se
397 2854 575 2910 constitutum
587 2861 615 2909 et
629 2852 700 2909 beati
712 2853 784 2910 Petri
799 2870 984 2911 successorem
1000 2855 1125 2918 declarat,
1142 2857 1188 2930 qui
1200 2871 1247 2911 eos
1258 2855 1291 2911 ad
1303 2873 1371 2929 qnos

84 2933 205 3006 iu:tibin
222 2949 256 2997 ut
270 2939 323 2996 sibi
338 2938 512 2995 assentiendo
528 2956 592 2995 cum
606 2941 674 2997 sede
689 2943 848 3011 apostolica
864 2941 1043 3004 consentiant,
1061 2942 1100 2996 sic
1114 2940 1290 2996 adhortatur?

187 3052 219 3109 5.
258 3051 318 3108 iam
334 3049 367 3106 ad
382 3049 475 3105 stilum
490 3050 513 3105 si
533 3050 684 3113 veniamus,
705 3057 747 3106 tot
767 3049 914 3106 identidem
934 3060 1078 3107 recurrunt
1098 3051 1223 3125 propriae
1243 3051 1372 3125 quaedam

82 3132 141 3180 ²¹¹2
161 3133 311 3195 familiares
324 3135 423 3192 Gelasli
437 3133 599 3198 locutiones,
617 3143 645 3190 nt
661 3136 684 3190 si
700 3134 826 3191 deessent
841 3134 906 3190 aliae
922 3144 1011 3198 notae,
1028 3137 1070 3193 rel
1082 3135 1191 3210 loquela
1202 3136 1372 3192 manifestum

81 3216 161 3270 ⁸⁸1¹ss
184 3223 300 3280 iaceret.
335 3221 422 3277 'laceo
444 3219 513 3276 dieta
530 3223 706 3293 principalis
726 3227 920 3293 competenter
938 3223 1027 3277 modis
1047 3223 1190 3290 omnibus,
1212 3224 1373 3278 nescientes

79 3300 170 3358 quid
182 3310 357 3382 loquantur,
375 3307 501 3363 nolentes
515 3308 708 3379 nolentesque,
722 3321 926 3379 nunquamque
940 3308 1086 3376 soluenda,
1103 3307 1267 3376 abruptum,
1283 3310 1371 3380 mapi-

78 3380 153 3437 ”h'
165 3391 344 3462 Ecclesiae,
367 3399 395 3446 et
415 3390 511 3446 similia
527 3390 632 3447 Gelasio
653 3390 710 3446 aliis
726 3393 877 3466 inscriptis
893 3390 1043 3453 familiaria
1065 3392 1149 3466 magis
1170 3389 1309 3465 singulare
1329 3400 1373 3448 est

77 3454 165 3526 mlld
184 3496 262 3536 num.
270 3477 300 3542 3,
316 3476 363 3532 ubi
379 3484 516 3531 narratur:
532 3480 582 3549 qui
587 3477 736 3549 Eutyches
750 3495 793 3533 nn
802 3495 852 3532 am
867 3480 878 3532 i
883 3479 903 3532 d
916 3484 970 3534 est
985 3479 1035 3533 sol
1044 3494 1096 3532 am
1110 3479 1232 3533 divinum
1249 3484 1373 3533 conatur

77 3556 240 3640 ‘¹3³³erere
262 3571 418 3625 naturam
439 3562 462 3617 si
482 3571 652 3635 comparetur
672 3578 732 3617 cnm
753 3562 795 3617 his
811 3561 941 3635 epistolae
958 3562 975 3617 7
991 3561 1056 3625 n.2,
1079 3560 1125 3617 ubi
1136 3561 1207 3617 idem
1222 3560 1372 3618 haereticus

75 3620 203 3707 ‘iubae
224 3647 401 3726 perhibetur:
422 3664 526 3703 unam
541 3649 741 3721 tantummodo,
763 3649 854 3704 idest
873 3650 964 3704 sciam
984 3649 1140 3703 diuinitatis
1159 3654 1295 3703 naturum
1315 3651 1373 3704 sine

74 3720 308 3804 metantium,
324 3732 481 3789 inDomino
492 3733 563 3788 Jesu
575 3733 686 3788 Christo
702 3735 824 3789 credere
834 3749 887 3788 nos
901 3733 1015 3788 debere.
1036 3731 1138 3795 Cetera,
1152 3748 1220 3804 quae
1232 3730 1372 3788 observare

73 3805 220 3891 quisque
236 3836 288 3894 per
302 3834 334 3874 se
349 3817 428 3880 rdet,
444 3816 581 3873 brevitatis
597 3834 677 3873 causa
689 3825 841 3890 praetereo.
868 3817 922 3873 Nec
936 3818 1033 3873 mirum
1048 3816 1131 3873 videri
1147 3815 1240 3880 debet,
1258 3816 1330 3889 qnod
1345 3818 1373 3872 in

72 3872 148 3947 ¹¹⁰0
164 3898 257 3968 libro,
279 3919 361 3978 quem
382 3910 495 3976 propter
510 3902 625 3959 Graecos
646 3918 793 3977 aggressus
809 3911 864 3965 est,
885 3902 1043 3959 catholicam
1064 3901 1213 3958 doctrinam
1233 3903 1293 3957 unis
1315 3901 1373 3957 lere

69 3973 211 4046 [mlum
226 4003 390 4065 graecorum
405 3988 566 4043 testimoniis
587 3986 736 4043 confirmat.
773 3987 828 4044 llac
846 3989 916 4043 enirn
937 3989 1014 4043 inre
1034 3986 1102 4043 nihil
1123 3984 1194 4041 aliud
1215 3985 1311 4042 lecissc
1327 3985 1373 4042 de·

67 4057 302 4136 P‘eheuditnr,
324 4073 376 4129 nisi
397 4070 470 4146 qnod
490 4071 577 4128 iacere
598 4071 714 4135 solebat,
737 4072 804 4129 adeo
820 4081 850 4129 nt
865 4074 892 4128 in
908 4072 959 4128 boc
975 4089 1057 4146 opere
1073 4072 1097 4127 ei
1112 4079 1235 4145 repetere
1256 4071 1371 4134 licuerit,

67 4142 175 4210 quod
199 4162 281 4236 epist.
292 4157 319 4215 ’3
341 4156 374 4213 ad
389 4155 564 4230 Eupheminm
580 4157 640 4215 ab
661 4158 783 4231 scripsit:
815 4157 965 4230 MaJorum
985 4159 1138 4214 traditione
1161 4155 1323 4228 corrsectum
1346 4164 1373 4212 et

66 4226 129 4316 ”P
138 4248 317 4301 ⁸trorum
331 4245 541 4315 praecipue
556 4246 741 4316 reqionum
756 4244 941 4300 sollicitudini
955 4259 1113 4316 congruam
1123 4242 1298 4313 praebemus
1312 4244 1373 4297 une

62 4298 285 4387 ‘¹⁸fticutrare
306 4328 487 4384 medicinam.
516 4326 574 4383 Hoc
586 4328 677 4401 igitur
698 4327 806 4384 delectu
828 4344 911 4403 quum
926 4328 1070 4402 singularis
1086 4326 1261 4400 dignoscatur
1277 4325 1372 4381 Gelasii

62 4392 252 4470 Metanira
266 4421 296 4469 et
310 4421 441 4487 perpetua
455 4428 546 4468 secum
561 4414 714 4477 consensio,
730 4430 785 4470 non
801 4413 882 4469 modo
898 4413 971 4468 nulla
986 4411 1117 4468 habeatur
1128 4411 1205 4473 ratio,
1222 4428 1270 4466 cur
1282 4411 1335 4466 hoc
1349 4412 1372 4466 ei

63 4478 239 4564 se’¹'lpinm
253 4497 438 4569 abjudicetur,
453 4496 501 4553 sed
517 4505 545 4554 et
559 4498 661 4554 accedit
676 4514 758 4562 nova,
775 4497 846 4554 unde
860 4498 899 4554 illi
914 4505 1057 4554 asseratur.

197 4609 225 4667 b.
248 4607 418 4684 Quapropter
432 4608 540 4665 minime
555 4608 756 4665 assentiendum
770 4608 876 4665 videtur
892 4608 1073 4665 observationi
1086 4605 1221 4668 Gliiilletii,
1239 4607 1284 4679 qui
1300 4608 1373 4662 uotis

70 4658 121 4726 iu
145 4678 329 4769 Fulgentium
344 4699 450 4756 censet,
472 4693 500 4749 in
522 4692 603 4765 hujus
625 4694 714 4767 operis
735 4694 807 4750 calce
827 4698 1035 4766 praetermissa
1053 4696 1243 4765 plurimorum
1256 4698 1373 4764 patrum

73 4762 284 4834 &cesariem
298 4782 455 4836 latinorum
470 4782 642 4849 testimonia,
666 4797 741 4852 quac
756 4795 810 4835 nce
825 4782 930 4853 negligi
950 4796 968 4834 u
992 4780 1106 4835 (inlusio
1121 4778 1295 4846 debuerunt,
1319 4793 1373 4832 nec

79 4847 269 4920 mineram
281 4866 422 4938 ignorari.
451 4861 524 4932 Quae
538 4864 608 4920 enim
622 4865 750 4939 ignorare
765 4881 820 4920 non
834 4865 923 4939 potuit
938 4863 1073 4927 Gelasius,
1094 4862 1236 4937 prudentia
1257 4862 1373 4917 dictante

221 4944 322 5014 debuit,
343 4956 398 5005 tam
420 4958 450 5006 nt
464 4948 627 5006 Graecorum
641 4951 739 5007 vitaret
752 4949 890 5013 invidiam,
912 4965 991 5023 quam
1008 4955 1037 5004 ut
1051 4964 1146 5006 eorum
1160 4946 1372 5004 benevolentiam
