3224 5506
247 369 309 432 752
688 383 715 429 s.
734 381 939 428 uonrusnnu
963 380 1076 425 suess

117 551 232 614 (auru)
332 536 365 601 Si
388 536 505 599 dixerit
525 536 715 619 imperator:
748 538 824 608 Ouid
845 541 941 609 valtis,
967 538 1055 596 modo
1078 538 1183 595 dicite:
1207 538 1244 595 de
1264 538 1375 613 synodo
1389 524 1549 598 ortecle?-

248 645 374 704 donenst'
399 644 503 702 dicetis
531 649 558 699 et
586 642 623 699 de
644 643 777 716 epistolis
801 656 906 715 papae
928 641 1058 699 Leonis?
1101 639 1181 698 Eece
1202 642 1256 713 qai
1263 634 1299 719 17)
1322 648 1364 700 est
1383 632 1561 700 corruatis

246 748 417 821 episcopas,
444 745 486 802 ad
512 746 571 801 isto
593 745 758 802 consentit!
795 737 1051 820 respondendum
1074 739 1139 799 est:
1174 740 1210 799 Si
1231 744 1288 801 isto
1309 744 1445 814 custodit,
1524 741 1567 802 in

246 850 474 907 examinatione
501 862 614 904 consae
641 861 707 902 enin
728 846 844 917 juvare
866 845 938 919 plns
954 850 1118 918 poterunt;
1150 850 1179 901 et
1207 846 1281 918 qnia
1306 860 1392 904 servo
1417 850 1573 911 oestro

253 952 408 1009 Vitatiano
430 950 576 1020 inepistro
598 949 721 1005 militnm
750 948 840 1004 talem
864 947 987 1004 dedistis
1008 947 1177 1017 licentiam,
1213 951 1260 1018 at,
1291 948 1319 1005 si
1337 954 1493 1021 speraret
1549 973 1574 1016 ο

247 1052 417 1111 beatissimo
436 1066 531 1123 propa,
557 1056 588 1107 nt
606 1065 665 1122 pro
680 1051 780 1107 carnis
794 1048 912 1113 talibas,
936 1049 1023 1122 apud
1036 1063 1102 1106 enm
1117 1043 1377 1128 discussionemffi)
1392 1065 1572 1135 eamne,

247 1154 293 1213 itis
310 1154 466 1228 personis,
495 1151 600 1224 quibas
622 1152 660 1208 de
681 1151 748 1208 loco
768 1156 866 1223 potest
888 1166 949 1209 esse
976 1151 1111 1220 intentio,
1142 1152 1265 1222 intepra
1294 1153 1431 1209 uniuerso
1452 1168 1570 1220 ser.

247 1261 361 1314 uenter.
398 1247 430 1312 Si
453 1248 627 1330 imperator
649 1247 779 1309 dixerit:
803 1251 875 1310 Sine
896 1253 1035 1326 episeopo
1058 1246 1192 1330 deteri)
1215 1267 1279 1310 esse
1299 1255 1407 1312 ciuitas
1426 1268 1541 1322 mea
1551 1274 1568 1329 ,²

248 1357 314 1416 Hoc
329 1357 410 1415 vobis
425 1357 539 1429 piacet,
565 1361 598 1412 at
620 1354 672 1412 abi
691 1370 746 1426 epo
769 1369 886 1428 erroneo,
910 1355 1066 1427 episcopas
1089 1370 1147 1413 reon
1163 1356 1221 1412 sit?
1245 1348 1562 1433 respondendum

247 1458 471 1528 Praediximus,
497 1457 626 1515 deornm
643 1471 846 1529 personarum
862 1457 1053 1514 intentionem
1069 1472 1131 1514 esse
1146 1459 1178 1514 in
1193 1457 1252 1513 ista
1267 1458 1399 1516 ciuitate.
1433 1456 1559 1533 (imp

247 1559 291 1617 od
303 1575 436 1618 canones
446 1561 594 1634 pertinet,
612 1559 680 1630 jam
704 1565 774 1616 ante
795 1559 1010 1630 sappessimas:
1033 1574 1165 1616 cationes
1186 1558 1319 1631 soluere,
1342 1560 1374 1617 in
1395 1560 1549 1635 reliyio.

247 1678 312 1720 naa
335 1663 519 1720 committere
533 1665 586 1717 est.
623 1659 723 1718 Malta
738 1668 808 1718 sant
823 1660 966 1723 remedia,
990 1662 1085 1719 malta
1099 1662 1232 1731 inuenta,
1252 1677 1314 1734 per
1327 1676 1406 1735 qnae
1413 1663 1544 1735 piem,

247 1772 346 1823 uestra
367 1765 432 1821 sine
453 1763 660 1821 communione
686 1779 748 1820 esse
776 1777 837 1820 non
856 1763 966 1836 possit,
1000 1769 1029 1820 et
1057 1764 1176 1836 inteper
1196 1762 1386 1836 judiciorum
1409 1760 1537 1833 forma

246 1874 389 1925 seraetnr.
435 1858 468 1923 Si
491 1858 623 1922 dixerit:
650 1863 731 1933 Onne
752 1870 821 1924 sarit
843 1865 902 1922 ista
924 1865 1079 1922 rernedio?
1101 1858 1291 1942 respondes:
1315 1863 1383 1924 Non
1398 1880 1417 1923 a
1430 1873 1531 1934 nobis

246 1968 363 2026 noviter
390 1966 532 2025 inchoata
540 1961 597 2046 120).·
631 1982 776 2040 suspensa
798 1982 893 2025 cansa
915 1966 953 2024 de
975 1968 1043 2026 aliis
1064 1967 1229 2040 episcopis,
1258 1983 1405 2041 persona,
1438 1989 1525 2045 quae

246 2070 410 2128 eonsentit'
425 2067 612 2140 confessioni
639 2069 764 2142 pietatis
795 2074 914 2126 uestrae
945 2076 975 2127 et
1006 2069 1175 2127 constitutis
1206 2068 1287 2126 sedt's
1320 2069 1515 2144 apostolieae,

246 2324 377 2387 opinione.
397 2340 447 2387 qun
465 2323 624 2371 orthodorcns
641 2322 713 2385 culpo
732 2322 860 2376 creditur.
880 2324 981 2370 dicutur·
998 2324 1093 2384 injuste
1112 2336 1259 2387 oppressus.
1292 2316 1367 2383 Quae
1383 2316 1510 2371 illaesint
1599 2348 1604 2389 3

246 2419 357 2468 causae,
376 2402 412 2455 ob
431 2420 499 2470 ques
516 2401 677 2456 Anastasius
689 2400 883 2455 Macedonium
902 2402 1001 2472 expelli
1016 2401 1147 2471 jusserit,
1168 2402 1310 2472 explicant
1321 2401 1443 2471 Euagrius
1455 2399 1508 2457 111.
1598 2428 1604 2484 ἃ

246 2495 278 2542 32
297 2489 326 2541 et
342 2493 376 2541 44
394 2488 423 2541 et
440 2486 602 2540 Theodorus
620 2487 708 2540 lector
729 2486 776 2539 lib.
796 2494 811 2539 2
830 2486 906 2555 (edit.
926 2486 1017 2541 Vales.
1036 2503 1064 2555 p.
1077 2491 1145 2555 tou).
1184 2486 1266 2552 Quod
1288 2495 1379 2542 sutem
1394 2484 1508 2541 Anasta·

245 2570 301 2625 siue
320 2570 398 2640 epist.
421 2579 433 2624 1
452 2571 562 2638 scribit,
580 2589 609 2625 ee
621 2573 738 2641 propter
756 2576 925 2626 dubitationes
943 2577 1076 2640 quasdam,
1096 2592 1160 2640 qrrue
1179 2578 1211 2626 de
1230 2578 1374 2627 orthodoxa
1389 2575 1510 2639 salopiam
1601 2574 1604 2579 '

245 2662 270 2709 in
290 2660 409 2725 Septiciae
427 2660 543 2724 portibus
561 2663 677 2709 videntur
696 2675 751 2710 esse
768 2669 914 2717 eornmotuc,
934 2654 1080 2729 concilium
1093 2657 1303 2711 convocandum
1315 2657 1419 2719 duxisse,
1432 2662 1512 2707 uon·
1600 2650 1604 2660 '

244 2740 313 2794 nihil
331 2741 476 2795 confirmat
494 2739 652 2808 opinionem
664 2739 778 2810 Evagrii
796 2741 812 2793 l.
832 2758 854 2794 c.
868 2742 918 2805 lll,
936 2746 977 2793 44.
1007 2741 1050 2793 lbi
1068 2740 1142 2794 enim
1160 2741 1196 2795 ob
1215 2742 1288 2796 hano
1306 2758 1409 2797 causum
1422 2743 1512 2808 pru-⁴³·
1602 2749 1604 2759 ¹

244 2829 289 2880 ter
301 2825 369 2880 olias
382 2824 574 2879 Macedonium
587 2826 731 2895 expulsum
748 2827 842 2895 putat,
861 2825 936 2893 quod
955 2842 1039 2892 quum
1057 2825 1210 2894 imperator
1228 2826 1257 2879 in
1269 2827 1369 2896 hymno
1381 2811 1517 2889 Trisogi⁰

244 2911 295 2965 has
312 2926 393 2964 voees
416 2909 537 2977 adjicere
555 2910 688 2965 voluisset
710 2914 758 2975 Qui
779 2918 916 2978 mirrrfinus
939 2932 967 2964 er
987 2931 1038 2978 pro
1063 2915 1145 2971 nobis,
1169 2910 1334 2979 gravissime
1351 2908 1434 2966 seditio
1455 2909 1520 2955 2¹·

244 2998 307 3050 orta
325 2997 378 3060 est,
398 2995 474 3063 cujus
492 2997 589 3049 auctor
610 3012 643 3049 ao
660 2994 789 3064 princeps
802 2995 980 3049 Macedoniae
999 2995 1165 3053 habebatur.
1198 2996 1308 3066 Quippe
1327 2997 1428 3066 propter
1440 2989 1524 3045 h⁰⁰

243 3098 329 3134 unum
346 3079 569 3134 additamentum
587 3079 776 3134 dubitationes
795 3085 947 3134 commotas
964 3080 1046 3133 fuisse
1064 3079 1178 3134 inferius
1196 3081 1371 3136 menifestum
1386 3080 1432 3134 fiet.

313 3186 343 3252 ¹²)
361 3183 428 3237 boc
446 3202 504 3236 erce
528 3188 570 3250 qai
590 3188 631 3235 ille
654 3194 693 3236 est
715 3188 787 3236 istires
809 3188 918 3253 ciuitptir
990 3189 1014 3236 si
1035 3190 1072 3236 ita
1095 3187 1213 3237 custodit.
1232 3213 1266 3223 -
1284 3182 1424 3253 Episcopus
1441 3164 1529 3231 ἰθὀρ

243 3270 286 3323 est
303 3267 480 3335 Timotheus,
498 3266 545 3336 qui
563 3267 710 3320 Theodoro
729 3267 832 3321 lectore
849 3266 897 3320 lib.
911 3274 926 3320 ‘u
944 3269 1016 3322 teste
1034 3284 1120 3335 quum
1137 3266 1306 3337 perrexisset
1322 3267 1357 3324 ad
1372 3255 1536 3337 monasti?

243 3352 314 3407 rium
333 3351 518 3417 studitarum,
542 3353 573 3404 ut
595 3351 651 3404 illic
668 3352 840 3420 praefectum
860 3351 1014 3415 ordinaret,
1035 3354 1064 3406 et
1085 3351 1131 3406 ille
1150 3354 1270 3422 negaret
1286 3370 1316 3408 se
1333 3353 1367 3408 ab
1383 3368 1412 3407 eo
1427 3330 1534 3403 ord1'

242 3438 385 3511 nationem
403 3436 542 3507 suscipere
560 3452 655 3505 posse,
675 3436 721 3503 qui
740 3435 993 3491 Calchedonensem
1011 3437 1147 3505 synodum
1166 3438 1344 3494 anathemate
1357 3412 1536 3492 damnarett

241 3523 307 3576 tuuc
330 3522 400 3575 dixit
421 3522 458 3576 oi:
484 3527 624 3575 Anaidemn
647 3527 681 3574 sit
703 3526 826 3581 omatibus,
855 3528 898 3591 qni
919 3535 1070 3576 aversantur
1092 3535 1136 3576 ant
1157 3528 1368 3577 anathematizant
1387 3512 1538 3592 munitm

243 3612 486 3662 calchidonensem!
520 3607 640 3674 Moxque
662 3607 778 3675 propter
801 3605 873 3660 hanc
894 3606 1095 3675 professionem
1118 3607 1154 3662 ab
1176 3607 1346 3679 imperatore
1362 3592 1539 3662 eoem&

242 3694 271 3747 et
288 3694 444 3761 correptus,
463 3691 568 3745 dictum
586 3691 700 3759 negavit
717 3691 883 3745 reclamaret
908 3684 1049 3746 Anottemn
1067 3696 1191 3755 omnibns,
1211 3700 1255 3764 qur·
1271 3698 1387 3764 synodon
1403 3676 1540 3744 caefi*

207 3830 213 3842 ,
241 3782 376 3831 {lonensem
392 3783 549 3846 suscipiunt!
582 3777 627 3831 Ita
643 3775 689 3830 ille
708 3776 745 3830 ad
761 3775 860 3830 horam
876 3775 961 3831 fidem
978 3778 1119 3844 mutabat,
1138 3779 1168 3832 et
1183 3793 1236 3849 pro
1254 3783 1377 3849 tempore
1392 3760 1541 3845 paratu*

241 3863 303 3917 erat
320 3860 573 3916 Calchedonensem
591 3862 726 3931 synodum
744 3861 788 3915 vel
805 3861 945 3932 suscipere
964 3862 1007 3917 vel
1024 3862 1166 3917 damnare.

310 3968 340 4034 ¹⁵)
359 3966 426 4019 boc
443 3969 608 4019 discussione.
645 3964 713 4018 Post
730 3965 817 4019 rerba
834 3976 861 4019 nt
880 3985 931 4035 pro
949 3973 1033 4019 causis
1055 3969 1147 4020 talibas
1169 3964 1342 4036 subintelligi
1363 3935 1539 4019 memoli

241 4052 336 4120 potest
352 4070 402 4119 per
419 4070 530 4104 canones
545 4056 605 4116 fieri
623 4054 704 4107 debet.
740 4048 811 4104 Vide
830 4049 976 4105 concilium
993 4048 1156 4106 sardicense
1174 4067 1235 4106 oon.
1254 4056 1279 4106 6.

308 4154 339 4220 ¹⁹)
359 4153 393 4207 G¹
407 4155 433 4207 a*
452 4157 540 4216 tabet,
560 4152 635 4221 quod
653 4170 715 4207 oum
733 4155 750 4207 b
765 4171 800 4208 ee
818 4154 993 4209 correximus.
1029 4153 1095 4207 Mox
1112 4153 1180 4209 boc
1197 4160 1372 4225 melpum.

306 4257 339 4322 sn)
358 4255 424 4309 boe
441 4261 550 4308 inserar.
585 4253 770 4308 Nouissimam
788 4273 823 4310 ea
841 4255 875 4311 de
898 4273 928 4310 rs
947 4258 1009 4311 erat
1032 4258 1061 4310 et
1077 4256 1186 4326 insigne
1209 4257 1364 4329 exemplum
1381 4233 1537 4309 chiffl

238 4339 275 4393 ris
292 4339 322 4392 in
339 4339 444 4393 Urbem
462 4338 550 4407 missi,
573 4339 663 4394 donec
680 4339 839 4410 Symmachi
857 4347 885 4396 et
901 4340 1045 4397 Laurentii
1063 4341 1098 4396 de
1116 4342 1183 4398 sede
1200 4343 1327 4399 Romanu
1342 4330 1536 4398 numu-³¹¹·

237 4423 308 4478 tium
326 4424 531 4480 conhoversise
553 4424 614 4479 finis
636 4425 782 4495 impositus
804 4425 864 4480 fuit.
904 4427 1053 4496 Antiquius
1077 4427 1140 4481 erat
1157 4429 1328 4499 exemplum,
1347 4422 1412 4498 quod
1423 4407 1534 4475 Γπ

238 4509 331 4562 iunius
349 4509 497 4564 Donatista
514 4511 590 4580 apud
606 4510 792 4579 Augustinum
810 4511 890 4580 epist.
903 4518 937 4565 44
955 4517 1006 4566 n.8
1023 4512 1170 4579 narrabat,
1189 4512 1295 4569 scilicet
1311 4519 1336 4569 in
1350 4519 1402 4583 ipra
1413 4492 1532 4561 eff

237 4601 310 4647 ruatis
328 4603 437 4648 nouitate
455 4603 568 4664 rrrojores
584 4616 643 4652 siros
661 4617 732 4666 queam
744 4603 885 4662 copitarent
899 4603 997 4665 cnlpnrn
1008 4601 1154 4661 Caeciliani,
1173 4619 1205 4653 ne
1222 4604 1328 4654 rodim
1339 4604 1412 4667 fimi,
1424 4590 1528 4661 ἶν’

239 4685 375 4747 quemodo
395 4688 454 4735 aelle
472 4687 571 4750 sopire,
591 4688 691 4735 dedisse
710 4688 839 4750 querndam
856 4688 1051 4736 interventorem
1066 4690 1163 4752 populo
1175 4703 1239 4739 suae
1251 4657 1526 4739 communiet!

239 4765 416 4832 Gorttopinem
432 4772 576 4822 constituto.
610 4765 785 4820 Intervsntor
802 4766 896 4819 autem
914 4784 963 4820 sou
975 4766 1103 4822 visitator
1119 4766 1278 4837 dicebatur,
1296 4765 1342 4837 qui
1355 4750 1518 4821 maim

238 4848 355 4915 regebat
378 4848 508 4919 episeopo
530 4850 693 4906 destitutam
716 4851 758 4906 vel
781 4852 858 4921 cujus
880 4851 1025 4922 episcopus
1052 4853 1089 4908 ob
1111 4852 1204 4910 officio
1229 4852 1374 4909 summota
1390 4828 1508 4901 5⁹²4

237 4932 403 5003 Huiusmodi
420 4935 638 4990 interventorum
656 4936 783 4992 meminit
799 4936 892 4991 Codex
910 4938 992 4993 Afric.
1013 4938 1077 4995 eccl.
1096 4956 1118 4993 c.
1133 4946 1173 4995 ⁷4.
