3204 5506
644 350 897 401 1101111111
918 350 1034 400 PAPAE

607 523 611 535 ·
698 504 882 609 Epistola
909 505 986 590 116.

62 667 145 717 asso
158 660 183 714 d.
438 643 577 712 Justini
602 638 758 725 Augusti
782 640 825 706 ad
847 641 1077 709 Hormisdam
1101 662 1244 729 papam.

69 728 178 865 (ἕοῖὠά,
237 769 352 835 Lepsios
368 769 448 833 ipsius
463 768 576 830 fideliter
593 764 743 829 perfecisse,
763 780 828 829 quoe
845 763 987 814 Hormiedc
1004 768 1180 818 mandaoerat.
1217 767 1340 835 Reliquos
1357 768 1439 820 offer..
1471 793 1510 852 p',

64 863 190 935 rrsepu.)
356 855 432 909 rates.
450 858 476 900 at
495 852 531 900 ud
547 850 669 900 1111111111
686 851 775 899 reduci
792 851 919 907 ualerent,
938 851 1025 915 aliqua
1043 853 1161 917 indigere
1179 855 1324 906 clementia,

357 966 544 1032 lustinus
573 965 780 1050 Augustus
803 963 1036 1030 Hormisdae
1063 989 1193 1052 papae
1222 991 1293 1052 per
1325 971 1466 1056 legatos

451 1067 719 1151 Germanum¹)
743 1069 782 1130 et
803 1065 1026 1131 Johannem
1048 1069 1278 1155 episcopoS,
1309 1071 1466 1137 Felicem

451 1172 490 1234 et
517 1167 751 1233 Dioscorum
779 1168 987 1252 diaconos,
1028 1173 1066 1234 et
1093 1168 1291 1236 Blandum
1319 1175 1466 1258 presby·

450 1275 586 1336 terum.

290 1376 421 1442 Summa
444 1373 572 1459 quidem
594 1373 743 1437 habenda
765 1372 855 1436 vobis
877 1375 928 1437 est
949 1374 1071 1458 gratia,
1094 1376 1180 1459 quod
1194 1375 1337 1441 alacrem
1351 1399 1466 1462 operam

205 1501 272 1544 non
299 1476 453 1542 dubitatis
486 1475 671 1559 impendere
703 1475 744 1538 ad
772 1473 969 1560 colligendas
1003 1475 1256 1563 adunandasque
1283 1480 1466 1545 venerabiles

206 1579 373 1662 ecclesiae,
405 1599 514 1641 verum
542 1577 576 1639 in
604 1598 643 1640 ea
668 1576 834 1660 praelucet
860 1576 998 1640 maxime
1029 1578 1175 1662 perfecta
1202 1580 1364 1665 sollertia,
1396 1583 1466 1666 quod

205 1681 351 1746 homines
375 1679 550 1764 adoptatis,
580 1679 634 1763 qui
663 1682 737 1743 voto
765 1678 920 1742 benevolo
947 1681 1022 1743 tuae
1045 1680 1275 1746 sanctitudinis
1298 1683 1417 1747 sincero
1436 1706 1465 1748 ac

206 1786 333 1868 integro
355 1781 480 1867 possint
503 1781 611 1844 animo
626 1780 795 1844 deservire.
831 1778 1010 1844 Germanus
1025 1781 1182 1866 siquidem
1198 1785 1465 1849 reverendissimus

207 1885 374 1971 episcopus
396 1905 456 1947 nec
478 1904 544 1947 non
566 1881 656 1945 Felix
684 1885 717 1945 et
738 1880 908 1946 Dioscorus
931 1883 964 1946 et
986 1880 1129 1947 Blandus
1158 1884 1221 1948 1111
1248 1885 1465 1972 religiosissimi

206 1991 299 2052 tanta
327 1989 428 2051 semet
456 1985 673 2069 praebuerunt
706 1986 848 2048 attentos
881 1983 1039 2048 industria
1072 2007 1110 2049 ao
1137 1985 1173 2050 in
1200 1990 1297 2051 tanta
1324 1989 1463 2074 sapientia

207 2090 325 2154 'versati
348 2091 434 2170 sunt,
458 2091 495 2151 ut
516 2089 672 2170 quantum
694 2085 734 2149 ad
756 2085 899 2149 officium
928 2108 1035 2150 eorum
1062 2088 1222 2171 pertinet,
1251 2091 1462 2156 transactisin

207 2192 338 2276 plenum
361 2195 393 2254 et
415 2189 586 2253 elaboratis
609 2188 768 2271 omnibus,
791 2186 873 2251 nihil
896 2187 1117 2252 altercationis
1133 2194 1316 2273 superesset
1338 2191 1461 2257 11111111.

209 2293 269 2358 Sed
292 2315 389 2377 quum
413 2314 450 2355 ea
474 2290 655 2355 conditione
679 2289 722 2353 sit
736 2288 882 2353 mortalis
899 2289 1072 2375 fragilitas,
1096 2294 1134 2355 ut
1155 2292 1320 2358 remissius
1342 2295 1419 2358 circa
1436 2316 1461 2357 se

208 2395 263 2479 agi
286 2394 458 2475 desideret,
483 2395 515 2456 ct
536 2391 845 2477 interrogationibus
867 2390 933 2454 suis
955 2391 1089 2475 planum
1111 2394 1261 2477 praeberi
1282 2416 1459 2480 responsum,

207 2496 345 2561 maxime
367 2517 463 2580 quum
487 2494 594 2578 aliqua
617 2516 713 2558 causa
734 2493 769 2557 in
791 2493 948 2557 immensa
970 2491 1137 2558 hominum
1158 2496 1259 2560 fuerit
1276 2497 1460 2561 multitudine

208 2598 372 2678 devoluta,
396 2597 520 2660 facturn
542 2599 606 2678 est,
630 2598 667 2660 ut
687 2596 723 2659 11
745 2594 807 2659 hac
829 2594 958 2679 quidem
979 2596 1057 2660 urbe
1080 2595 1309 2662 florentissima
1329 2599 1460 2683 quidquid

208 2700 391 2763 ordinatum
414 2701 462 2762 est
484 2699 522 2762 de
546 2720 642 2762 causa
663 2696 831 2782 religionis
854 2696 955 2781 deque
969 2698 1095 2762 unitate
1111 2697 1306 2765 celebranda
1321 2723 1389 2765 oum
1403 2723 1461 2784 apo

208 2801 322 2865 stolica
344 2801 416 2864 sede
439 2800 498 2862 sub
514 2799 711 2883 temporibus
726 2797 886 2863 Johannis
901 2799 1162 2883 religiosissimae
1177 2803 1359 2885 memoriae,
1382 2824 1460 2887 quun

208 2903 243 2967 in
266 2902 442 2967 sacerdotio
464 2902 572 2987 regiae
596 2904 680 2965 esset
701 2900 797 2985 hujus
819 2900 922 2983 urbis,
955 2901 988 2964 id
1015 2901 1146 2966 favente
1168 2902 1237 2967 Deo
1261 2909 1399 2969 serretur
1416 2905 1462 2967 im·

209 3004 341 3088 mobile,
375 3004 452 3089 quin
480 3006 513 3068 et
539 3003 574 3066 in
603 3003 673 3066 aliis
697 3003 911 3087 compluribus
935 3003 1120 3068 civitatibus
1146 3005 1284 3089 probata
1312 3007 1354 3071 sit
1373 3008 1462 3070 restra

208 3106 368 3171 ordinatio
391 3109 487 3190 atque
509 3108 672 3189 suscepta3
701 3107 807 3170 cetera
830 3126 903 3169 vero
926 3104 1132 3170 clementiore
1154 3108 1293 3191 quodam
1313 3109 1463 3193 indigeant

209 3209 424 3273 moderamine
458 3209 494 3271 in
520 3207 704 3271 nominibus
734 3206 933 3290 antistitum,
971 3228 1037 3271 non
1070 3230 1179 3272 eorum
1213 3211 1269 3295 qui
1302 3210 1464 3295 specialiter

210 3311 370 3376 n'umerati
392 3310 524 3374 suntin
547 3309 731 3393 epistola2),
765 3331 861 3394 quam
890 3309 1072 3373 sanctitudo
1099 3313 1156 3374 tua
1184 3310 1279 3376 nobis
1306 3312 1464 3376 destinasse

211 3413 364 3493 noscitur,
388 3412 442 3476 sed
466 3412 611 3492 aliorum,
634 3433 769 3495 quorum
791 3411 978 3475 memoriam
992 3411 1151 3475 maximae
1168 3412 1316 3478 civitates
1331 3414 1463 3500 diligunt,

210 3515 381 3599 inquibus
404 3514 547 3578 floruisse
575 3516 753 3578 noscuntur
780 3513 978 3598 superstites.
1024 3512 1239 3589 Quamobrem
1272 3516 1386 3601 legatis
1411 3513 1465 3599 qui·

212 3619 283 3682 dem
310 3620 385 3680 tuae
414 3615 641 3680 sanctitudinis
668 3615 758 3681 nulla
784 3615 848 3680 fuit
879 3615 1011 3680 licentia
1044 3616 1188 3680 mandati
1219 3619 1366 3683 tenorem
1390 3638 1464 3702 egre·

212 3718 334 3801 diendi,
360 3740 432 3781 cum
454 3740 516 3802 quo
538 3717 652 3783 directi
674 3720 766 3782 sunt:
791 3717 895 3781 omnis
918 3721 1026 3781 autern
1046 3717 1121 3782 finis
1142 3716 1268 3803 negotii
1291 3725 1394 3784 111110
1409 3719 1465 3802 jam

211 3825 340 3886 tantum
362 3820 481 3904 pendet
503 3820 646 3903 arbitrie,
670 3824 707 3884 ut
729 3819 813 3884 solus
828 3841 939 3904 pacem
955 3819 1142 3884 concludere
1159 3820 1286 3905 debeat,
1310 3822 1364 3907 qui
1380 3820 1465 3906 prima

212 3923 257 3988 rei
282 3922 452 3987 commovit
473 3922 611 3986 exordia.
655 3921 716 3987 Sed
739 3943 777 3985 ea
799 3921 925 4006 quidem
948 3944 1095 3986 necnon
1117 3923 1276 4007 quaedam
1299 3943 1466 3988 commemo

212 4027 369 4091 rabuntur
391 4024 532 4108 apertius
555 4045 612 4107 per
634 4023 777 4109 legatum
798 4026 959 4107 nostrum,
984 4025 1038 4108 qui
1059 4023 1155 4107 paulo
1170 4027 1245 4109 post
1260 4025 1465 4091 destinabitur.

212 4131 252 4193 ln
269 4126 432 4213 praesenti
454 4147 528 4190 vero
551 4125 757 4190 redeuntibus
780 4125 857 4190 viris
871 4125 1120 4210 religiosissimis
1135 4128 1204 4191 tam
1223 4124 1466 4215 appellandam)

215 4322 263 4369 llo
301 4317 320 4382 ¹)
338 4314 379 4367 Ex
398 4313 532 4383 epistolae
552 4313 682 4366 contextu
701 4311 853 4381 colligitur,
870 4310 1077 4380 hiclegendum
1089 4330 1149 4368 esse
1169 4318 1322 4369 Germanum
1334 4321 1465 4384 episcopa.

216 4405 324 4454 Felicem
342 4402 407 4463 eto,
426 4413 481 4450 non
499 4396 595 4451 addito
613 4398 723 4452 nomine
741 4395 887 4464 Johannis,
911 4413 994 4465 quem
1011 4397 1123 4464 quidem
1141 4415 1176 4452 ex
1193 4399 1355 4454 vulneribus
1367 4398 1465 4454 rum·

214 4484 322 4538 lonicae
341 4483 463 4553 acceptis
480 4482 603 4536 nondum
622 4481 823 4536 reconvaluisse
842 4480 989 4535 uerisimile
1008 4483 1296 4553 esttconf.spist.121
1310 4485 1464 4545 13111111

215 4569 371 4622 Johaunem
389 4570 483 4620 autem
501 4566 675 4636 episcopum,
702 4567 803 4620 Justini
820 4567 943 4635 legatum
961 4566 990 4619 in
1008 4566 1272 4636 epistolamque,
1287 4576 1336 4624 129
1351 4580 1464 4622 memon-

216 4656 283 4717 tum,
302 4653 337 4706 ab
356 4653 409 4706 hoo
427 4652 511 4706 alium
529 4669 589 4705 csse
607 4654 737 4720 putamus
756 4653 836 4718 (conf.
855 4650 935 4720 epist.
950 4657 998 4705 les
1015 4653 1072 4705 101.
1089 4654 1139 4720 19).

283 4741 303 4807 ²)
322 4739 356 4791 H.
376 4755 399 4792 e.
419 4737 447 4789 in
465 4736 571 4802 libello,
594 4754 677 4805 quem
695 4736 845 4791 Hormisda
866 4735 1045 4790 redeuntibus
1062 4737 1099 4791 ad
1121 4735 1260 4793 unitatem
1282 4735 1464 4809 suscipiendum

216 4840 249 4877 ac
261 4821 490 4877 subscribendum
508 4822 665 4891 praefinivit
678 4823 780 4891 quique
793 4821 981 4891 superioribus
994 4820 1116 4890 epistolis
1130 4829 1154 4887 7,
1166 4828 1200 4876 ’26
1212 4825 1243 4878 et
1254 4831 1287 4878 61
1300 4839 1415 4879 annuus
1423 4819 1462 4874 111

285 4911 304 4976 ³)
324 4907 412 4972 Quum
430 4907 531 4976 legatis
547 4908 576 4961 11
593 4909 733 4978 potestate
751 4926 808 4962 non
824 4907 931 4974 fuisset,
951 4907 986 4962 ab
1005 4924 1050 4975 eo,
1073 4906 1148 4986 quod
1168 4908 1198 4962 in
1216 4908 1357 4974 mandatis
1373 4917 1464 4974 accept
