3204 5506
513 318 714 368 TRAGTATUS
738 320 787 366 111.
1221 303 1283 367 541

100 475 146 537 to
166 493 295 537 manere
317 474 522 557 perpetuam:
544 472 680 536 dolenda
701 471 808 555 potius
830 493 939 536 eorum
961 471 1094 555 grandis
1109 462 1165 534 'est
1186 471 1283 535 caeci-

103 596 173 660 qua
200 596 266 638 non
292 573 414 656 vident,
443 596 509 639 non
538 575 615 638 duos
645 571 788 638 Christos
817 595 875 656 per
901 572 980 636 haec
1008 593 1101 656 posse
1128 571 1282 656 depromi,

100 676 193 741 uibus
216 677 343 760 integer
365 675 510 741 Christus
538 674 663 740 exsistit
691 678 723 738 et
749 674 817 739 sine
840 695 974 760 quarum
995 694 1185 758 unaquaque
1212 674 1284 738 sub-

100 779 138 842 ia
158 779 287 862 integer
308 799 374 842 non
397 777 499 861 possit
520 777 655 858 ostendi,
684 776 740 841 sed
765 776 826 860 ipsi
848 776 955 860 potius
977 798 1010 840 se
1033 796 1099 839 non
1120 775 1283 860 integrum

100 884 178 944 atum
201 880 395 944 confitentur
417 880 590 961 adstruere,
619 901 717 962 quum
747 878 782 941 iu
804 877 913 941 eodem
936 880 1136 941 sacramento
1165 875 1283 959 aliquid

100 1004 125 1066 s,
148 981 263 1066 quibus
286 981 413 1064 integer
435 983 571 1063 constat,
603 982 760 1043 conantur
788 977 984 1043 abstrahere.
1029 977 1142 1061 ltaque
1173 977 1282 1061 nos²7l

102 1104 120 1147 s
141 1105 241 1147 unum
263 1081 409 1162 dicimus,
432 1082 486 1165 qui
508 1081 671 1166 integrum
693 1079 889 1165 profitemur,
914 1084 946 1145 et
968 1079 1012 1142 illi
1036 1081 1161 1163 partem
1183 1099 1283 1142 remo·

100 1183 179 1248 ode
201 1184 252 1267 iis,
276 1206 314 1248 ex
337 1183 451 1269 quibus
473 1183 600 1268 integer
623 1186 656 1247 et
676 1204 759 1246 unus
782 1182 918 1260 exsistit,
945 1181 991 1245 ita
1018 1203 1118 1245 unum
1140 1201 1206 1244 non
1228 1179 1282 1243 ha-

100 1338 102 1352 .
128 1286 212 1350 sicut
233 1307 293 1349 neo
314 1285 495 1370 integrum,
532 1289 564 1350 et
591 1286 674 1350 sicut
701 1284 864 1369 integrum
888 1305 954 1348 non
983 1282 1119 1365 habent,
1150 1283 1196 1346 ita
1223 1304 1283 1346 nec

100 1409 135 1452 n.
180 1387 381 1470 Quapropter
402 1408 498 1471 quum
521 1388 614 1452 nobis
636 1387 795 1469 objiciunt
818 1385 1046 1468 dvdrpoorv,
1076 1385 1146 1449 sine
1168 1383 1283 1469 quibus

100 1510 144 1569 :er
166 1509 248 1552 unus
270 1491 302 1552 et
335 1510 428 1552 verus
453 1488 599 1554 Christus
621 1489 753 1553 omnino
775 1510 841 1552 non
865 1490 1005 1569 constat,
1037 1486 1185 1570 aperiant
1211 1507 1282 1549 ocu-

100 1591 134 1654 ui
159 1589 261 1654 cordis
289 1592 335 1653 et·
348 1589 494 1673 videant,
525 1590 608 1674 quod
631 1591 709 1673 ipsis
740 1590 847 1674 potius
874 1589 1064 1673 μοι’όφυσις
1085 1589 1203 1652 rectius
1225 1587 1282 1651 im-

100 1714 155 1775 ur,
185 1713 242 1776 per
264 1713 360 1776 quam
383 1715 447 1756 nou
475 1692 603 1775 integer
626 1690 781 1774 Christus,
817 1711 893 1775 ergo
921 1711 981 1754 nec
1004 1711 1086 1753 unus
1108 1710 1169 1754 neo
1190 1710 1283 1753 verus

123 1814 176 1857 eos
198 1815 266 1857 esse
289 1793 449 1857 doceatur.

101 1895 151 1959 13.
170 1928 175 1937 ·
196 1895 437 1978 Numquidnam
465 1918 561 1980 quum
588 1894 682 1959 homo
713 1918 750 1959 ex
779 1895 887 1959 anima
916 1896 1041 1958 constet
1074 1897 1107 1957 et
1140 1914 1280 1976 corpore,

100 2018 150 2059 um
170 1995 249 2060 duas
271 2000 403 2061 naturas
426 2018 582 2060 essenon
605 1997 736 2060 dubium
759 2000 817 2079 est,
841 2018 907 2061 non
926 1995 1120 2059 adunatione
1142 1994 1282 2059 naturali

102 2118 239 2181 persona
260 2101 293 2162 et
314 2120 396 2162 unus
419 2101 469 2162 est
482 2096 601 2161 homo?
624 2098 772 2182 Amplius
787 2098 936 2163 dicimus:
961 2099 1046 2162 certe
1062 2099 1095 2160 et
1109 2103 1282 2160 interiorem

100 2221 163 2262 nem
192 2202 225 2263 et
252 2208 431 2264 exteriorem
452 2200 631 2283 scripturae
654 2199 781 2264 divinae
809 2222 903 2284 saepe
931 2201 1068 2263 testatur
1096 2197 1280 2280 auctoritas,

100 2322 178 2364 men
201 2323 266 2365 non
289 2301 359 2366 ideo
381 2302 442 2365 duo
465 2301 610 2365 homines
637 2302 671 2365 in
699 2323 773 2383 uno,
804 2301 859 2365 sed
885 2324 950 2365 una
980 2321 1117 2384 persona
1146 2302 1179 2363 et
1200 2319 1282 2362 unus

100 2423 190 2467 tomo.
214 2402 307 2467 Unde
331 2411 457 2468 interior
485 2407 519 2467 et
539 2411 675 2468 exterior
703 2405 742 2466 ad
764 2402 1016 2488 significantiam
1038 2402 1155 2466 dieitur
1183 2399 1282 2484 quali-

100 2526 130 2585 n,
159 2526 225 2568 non
254 2505 293 2568 ad
322 2506 515 2569 evidentiam
544 2506 744 2589 personalem
772 2505 915 2569 duorum.
961 2502 1088 2579 Quanto
1115 2503 1220 2587 magis
1247 2502 1282 2565 in

107 2605 257 2669 ineffabili
287 2606 479 2671 adunatione
520 2606 705 2670 indivisibili
739 2627 965 2692 nunquamque
997 2604 1165 2686 solvenda,
1200 2603 1283 2668 sieut

100 2732 106 2768 1
126 2708 320 2791 proprietate
344 2709 507 2792 utriusque
533 2711 678 2791 naturae,
710 2731 748 2772 ex
775 2709 890 2793 quibus
911 2707 972 2771 hoo
998 2705 1186 2790 mysterium
1209 2727 1281 2769 cou-

100 2834 104 2869 a
124 2831 187 2873 non
210 2809 341 2873 dubium
364 2813 422 2892 est,
447 2813 480 2874 et
502 2811 570 2873 sine
593 2810 708 2893 quibus
724 2814 871 2875 constare
886 2832 952 2874 uon
967 2829 1059 2892 posse
1075 2807 1281 2871 manifestum

116 2911 196 2975 sieut
230 2934 292 2976 una
320 2912 491 2996 eademque
521 2934 658 2995 persona
687 2915 736 2975 est
759 2911 888 2976 Domini
916 2911 1018 2975 nostri
1048 2908 1126 2973 Jesu
1149 2908 1279 2990 Christi,

100 3015 220 3098 nteger,
242 3015 289 3077 sie
317 3035 409 3096 unus,
437 3015 483 3077 sio
510 3036 603 3078 verus
627 3014 772 3078 Christus
800 3016 858 3076 est.
903 3012 948 3075 Et
974 3010 1077 3095 magis
1105 3031 1187 3073 uuus
1215 3031 1280 3073 non

102 3113 126 3178 si
148 3115 275 3200 integer
295 3137 359 3179 non
384 3118 441 3197 est,
466 3116 541 3200 quia
563 3116 690 3180 sublata
714 3117 804 3199 parte
827 3136 864 3176 ex
882 3112 932 3194 iis,
956 3112 1071 3195 quibus
1086 3111 1213 3194 integer
1228 3111 1281 3173 ad-

100 3218 177 3299 atur,
201 3216 349 3280 dimidius
373 3217 531 3281 videbitur
553 3239 621 3281 esse
644 3239 709 3280 nou
732 3217 868 3299 integer.
895 3213 940 3277 Et
961 3213 1007 3277 sic
1028 3234 1111 3276 unus
1133 3234 1199 3276 non
1222 3215 1280 3291 est,

100 3360 101 3369 ¹
120 3317 246 3402 integer
266 3340 332 3382 non
355 3321 418 3399 est3
448 3321 479 3380 et
507 3318 590 3381 siout
612 3319 740 3402 integer
761 3338 827 3380 nou
850 3319 909 3398 est,
938 3315 985 3378 sic
1013 3336 1105 3378 verus
1127 3335 1194 3378 non
1216 3317 1281 3396 est3

100 3440 155 3483 trus
177 3442 244 3483 non
266 3422 324 3501 est,
348 3419 447 3482 falsus
470 3420 553 3502 apud
577 3441 629 3484 eos
653 3419 798 3484 Christus
822 3439 889 3482 esse
913 3417 1124 3482 convincitur.

105 3520 150 3585 14.
179 3520 269 3596 Quod
292 3521 478 3604 mysterium
500 3545 519 3584 a
542 3522 655 3584 beatae
679 3520 896 3603 conceptionis
920 3520 1047 3583 exordio
1070 3518 1116 3582 sic
1139 3519 1281 3602 coepisse

100 3621 292 3706 rScriptura
319 3624 458 3686 testatur
484 3622 634 3685 diceudo:
672 3627 831 3702 Sapientia
860 3628 1033 3699 aedificavit
1064 3627 1122 3685 sibi
1147 3627 1431 3710 domumprovpy,

103 3721 208 3787 formis
230 3721 368 3807 Spiritus
391 3724 551 3787 soliditate
574 3725 758 3806 subnixam,
788 3745 868 3808 quae
890 3723 1124 3788 incarnationis
1147 3721 1278 3805 Christi,

100 3844 187 3907 quam
208 3828 360 3901 efficimur
383 3832 503 3890 divinoe
525 3837 677 3890 consertes
695 3837 836 3903 naturae,
861 3825 1061 3889 ministraret
1083 3823 1278 3888 alimoniam.
1293 3815 1391 3868 9¹³⁰&-

100 3929 342 4009 esacrameuta,
366 3948 447 4011 quae
470 3928 633 4008 sumimus,
664 3928 803 4010 eorporis
832 3929 865 3991 et
896 3928 1064 4011 sanguinis
1088 3924 1207 3990 Christi
1235 3925 1280 3988 di·
1306 3893 1361 3951 t,s.

114 4048 161 4092 res
183 4031 242 4110 est,
273 4030 403 4112 propter
429 4029 512 4112 quod
540 4032 572 4092 et
599 4050 656 4112 per
678 4028 788 4092 eadem
811 4035 932 4093 divinae
952 4031 1106 4104 efficimur
1128 4038 1281 4092 consortes

100 4148 160 4201 ree;
184 4132 343 4193 ettamen
367 4152 523 4194 essenon
551 4130 669 4195 desinit
695 4131 877 4195 substantia
904 4128 954 4192 vel
982 4132 1098 4193 natura
1126 4129 1219 4212 panis
1248 4130 1281 4191 et

137 4230 180 4294 Et
203 4235 289 4295 certe
311 4233 417 4316 imago
441 4235 473 4296 et
494 4232 668 4296 similitudo
692 4233 832 4316 corporis
859 4236 892 4295 et
914 4231 1080 4315 sanguinis
1104 4229 1222 4294 Christi
1245 4229 1279 4292 in

100 4351 140 4394 *ne
160 4333 384 4416 mysteriorum
408 4333 619 4398 celebrantur.
665 4333 750 4397 Satis
773 4355 849 4418 ergo
872 4331 964 4397 nobis
988 4330 1151 4395 evidenter
1173 4332 1279 4394 osten-

100 4431 179 4498 ?hoc
201 4434 295 4498 uobis
322 4435 356 4497 in
383 4434 453 4518 ipso
476 4435 602 4499 Christo
625 4434 762 4498 Domino
790 4433 1008 4514 sentiendum,
1038 4431 1120 4517 quod
1148 4430 1182 4493 in
1211 4430 1279 4513 ejus

100 4531 153 4612 ,tine
174 4537 371 4619 profitemur,
396 4536 592 4599 celebramus
623 4539 655 4598 et
677 4538 844 4598 sumimus:
874 4538 910 4597 ut
934 4535 1018 4598 sicut
1037 4534 1073 4598 in
1095 4532 1189 4616 hanc,
1219 4533 1278 4598 sei·

100 4852 205 4927 abditi
223 4879 273 4914 aaa
292 4863 381 4930 mepte,
400 4873 519 4929 moxque
537 4865 635 4916 omnino
654 4880 704 4915 noa
721 4870 840 4915 constent
912 4864 1073 4930 imprecatur.
