<?xml version="1.0" encoding="UTF-8"?>
<!DOCTYPE html PUBLIC "-//W3C//DTD XHTML 1.0 Transitional//EN"
    "http://www.w3.org/TR/xhtml1/DTD/xhtml1-transitional.dtd">
<html xmlns="http://www.w3.org/1999/xhtml" xml:lang="en" lang="en">
 <head>
  <title>
</title>
<meta http-equiv="Content-Type" content="text/html;charset=utf-8" />
  <meta name='ocr-system' content='tesseract 3.04.00' />
  <meta name='ocr-capabilities' content='ocr_page ocr_carea ocr_par ocr_line ocrx_word'/>
</head>
<body>
  <div class='ocr_page' id='page_1' title='image "./epistolaeromano00thiegoog/epistolaeromano00thiegoog_0905.png"; bbox 0 0 3204 5506; ppageno 0'>
   <div class='ocr_carea' id='block_1_1' title="bbox 196 336 1027 400">
    <p class='ocr_par' dir='ltr' id='par_1_1' title="bbox 196 336 1027 400">
     <span class='ocr_line' id='line_1_1' title="bbox 196 336 1027 400; baseline -0.01 0"><span class='ocrx_word' id='word_1_1' title='bbox 196 336 258 400; x_wconf 80' lang='lat'><strong>856</strong></span> <span class='ocrx_word' id='word_1_2' title='bbox 636 345 664 394; x_wconf 92' lang='lat' dir='ltr'><strong>s.</strong></span> <span class='ocrx_word' id='word_1_3' title='bbox 683 343 889 393; x_wconf 79' lang='lat' dir='ltr'><strong>noamsunn</strong></span> <span class='ocrx_word' id='word_1_4' title='bbox 912 343 1027 392; x_wconf 75' lang='lat' dir='ltr'><strong>aaran</strong></span> 
     </span>
    </p>
   </div>
   <div class='ocr_carea' id='block_1_2' title="bbox 88 498 1450 2326">
    <p class='ocr_par' dir='ltr' id='par_1_2' title="bbox 88 498 1450 2326">
     <span class='ocr_line' id='line_1_2' title="bbox 88 498 1427 590; baseline -0.009 -8"><span class='ocrx_word' id='word_1_5' title='bbox 88 542 106 582; x_wconf 85' lang='lat' dir='ltr'><strong>a</strong></span> <span class='ocrx_word' id='word_1_6' title='bbox 124 529 182 579; x_wconf 80' lang='lat'><strong>519.</strong></span> <span class='ocrx_word' id='word_1_7' title='bbox 196 510 282 590; x_wconf 91' lang='lat' dir='ltr'><strong>sunt,</strong></span> <span class='ocrx_word' id='word_1_8' title='bbox 307 507 343 568; x_wconf 93' lang='lat' dir='ltr'><strong>nt</strong></span> <span class='ocrx_word' id='word_1_9' title='bbox 364 525 424 568; x_wconf 91' lang='lat' dir='ltr'><strong>nos</strong></span> <span class='ocrx_word' id='word_1_10' title='bbox 445 502 480 566; x_wconf 91' lang='lat' dir='ltr'><strong>in</strong></span> <span class='ocrx_word' id='word_1_11' title='bbox 503 523 560 566; x_wconf 88' lang='lat' dir='ltr'><strong>sua</strong></span> <span class='ocrx_word' id='word_1_12' title='bbox 583 501 708 566; x_wconf 92' lang='lat' dir='ltr'><strong>malitia</strong></span> <span class='ocrx_word' id='word_1_13' title='bbox 731 502 893 586; x_wconf 76' lang='lat' dir='ltr'><strong>caperent.</strong></span> <span class='ocrx_word' id='word_1_14' title='bbox 929 498 1051 575; x_wconf 86' lang='lat' dir='ltr'>Quibus</span> <span class='ocrx_word' id='word_1_15' title='bbox 1067 500 1188 565; x_wconf 89' lang='lat' dir='ltr'><strong>restitit</strong></span> <span class='ocrx_word' id='word_1_16' title='bbox 1203 500 1308 566; x_wconf 78' lang='lat' dir='ltr'><strong>divina</strong></span> <span class='ocrx_word' id='word_1_17' title='bbox 1321 502 1427 570; x_wconf 72' lang='lat' dir='ltr'><strong>innita</strong></span> 
     </span>
     <span class='ocr_line' id='line_1_3' title="bbox 168 602 1429 696; baseline -0.003 -22"><span class='ocrx_word' id='word_1_18' title='bbox 168 642 170 647; x_wconf 96' lang='lat'>·</span> <span class='ocrx_word' id='word_1_19' title='bbox 195 632 253 696; x_wconf 90' lang='lat' dir='ltr'><strong>per</strong></span> <span class='ocrx_word' id='word_1_20' title='bbox 275 609 397 672; x_wconf 88' lang='lat' dir='ltr'><strong>vestras</strong></span> <span class='ocrx_word' id='word_1_21' title='bbox 420 608 549 669; x_wconf 88' lang='lat' dir='ltr'><strong>sanetas</strong></span> <span class='ocrx_word' id='word_1_22' title='bbox 571 625 699 688; x_wconf 75' lang='lat' dir='ltr'><strong>preces,</strong></span> <span class='ocrx_word' id='word_1_23' title='bbox 722 605 755 667; x_wconf 87' lang='lat' dir='ltr'><strong>et</strong></span> <span class='ocrx_word' id='word_1_24' title='bbox 776 625 874 687; x_wconf 93' lang='lat' dir='ltr'><strong>quum</strong></span> <span class='ocrx_word' id='word_1_25' title='bbox 896 602 1088 687; x_wconf 82' lang='lat' dir='ltr'><strong>deprehensi</strong></span> <span class='ocrx_word' id='word_1_26' title='bbox 1110 603 1250 668; x_wconf 88' lang='lat' dir='ltr'><strong>fuissent</strong></span> <span class='ocrx_word' id='word_1_27' title='bbox 1271 604 1429 671; x_wconf 79' lang='grc'><strong>1111111111-</strong></span> 
     </span>
     <span class='ocr_line' id='line_1_4' title="bbox 196 705 1430 794; baseline -0.002 -18"><span class='ocrx_word' id='word_1_28' title='bbox 196 712 283 794; x_wconf 90' lang='lat' dir='ltr'><strong>litia,</strong></span> <span class='ocrx_word' id='word_1_29' title='bbox 324 730 490 793; x_wconf 87' lang='lat' dir='ltr'><strong>nunquam</strong></span> <span class='ocrx_word' id='word_1_30' title='bbox 523 707 685 792; x_wconf 91' lang='lat' dir='ltr'><strong>potuimus</strong></span> <span class='ocrx_word' id='word_1_31' title='bbox 719 705 958 790; x_wconf 89' lang='lat' dir='ltr'><strong>archiepiscopo</strong></span> <span class='ocrx_word' id='word_1_32' title='bbox 987 706 1150 793; x_wconf 78' lang='lat' dir='ltr'><strong>suorum²)</strong></span> <span class='ocrx_word' id='word_1_33' title='bbox 1180 705 1325 791; x_wconf 85' lang='lat' dir='ltr'><strong>suadere,</strong></span> <span class='ocrx_word' id='word_1_34' title='bbox 1356 712 1430 774; x_wconf 85' lang='lat' dir='ltr'><strong>nied</strong></span> 
     </span>
     <span class='ocr_line' id='line_1_5' title="bbox 197 807 1434 896; baseline -0.002 -18"><span class='ocrx_word' id='word_1_35' title='bbox 197 817 283 878; x_wconf 84' lang='lat' dir='ltr'><strong>viam</strong></span> <span class='ocrx_word' id='word_1_36' title='bbox 305 810 450 876; x_wconf 85' lang='lat' dir='ltr'><strong>veritatis</strong></span> <span class='ocrx_word' id='word_1_37' title='bbox 473 812 505 874; x_wconf 89' lang='lat' dir='ltr'><strong>et</strong></span> <span class='ocrx_word' id='word_1_38' title='bbox 528 809 567 873; x_wconf 91' lang='lat' dir='ltr'><strong>ad</strong></span> <span class='ocrx_word' id='word_1_39' title='bbox 589 812 695 873; x_wconf 87' lang='lat' dir='ltr'><strong>vestra</strong></span> <span class='ocrx_word' id='word_1_40' title='bbox 717 811 889 892; x_wconf 86' lang='lat' dir='ltr'><strong>praecepta</strong></span> <span class='ocrx_word' id='word_1_41' title='bbox 911 808 1094 873; x_wconf 87' lang='lat' dir='ltr'><strong>flecteretur</strong></span> <span class='ocrx_word' id='word_1_42' title='bbox 1103 808 1140 895; x_wconf 71' lang='grc'><strong>3).</strong></span> <span class='ocrx_word' id='word_1_43' title='bbox 1176 807 1238 874; x_wconf 88' lang='lat' dir='ltr'><strong>Sed</strong></span> <span class='ocrx_word' id='word_1_44' title='bbox 1260 811 1346 875; x_wconf 89' lang='lat' dir='ltr'><strong>modo</strong></span> <span class='ocrx_word' id='word_1_45' title='bbox 1363 834 1434 896; x_wconf 88' lang='lat' dir='ltr'><strong>qum</strong></span> 
     </span>
     <span class='ocr_line' id='line_1_6' title="bbox 200 909 1435 997; baseline -0.001 -17"><span class='ocrx_word' id='word_1_46' title='bbox 200 915 398 980; x_wconf 88' lang='lat' dir='ltr'><strong>advenerunt</strong></span> <span class='ocrx_word' id='word_1_47' title='bbox 420 912 597 976; x_wconf 78' lang='lat' dir='ltr'><strong>beatissimi</strong></span> <span class='ocrx_word' id='word_1_48' title='bbox 620 914 714 995; x_wconf 89' lang='lat' dir='ltr'><strong>atque</strong></span> <span class='ocrx_word' id='word_1_49' title='bbox 737 910 931 975; x_wconf 79' lang='lat' dir='ltr'><strong>sanctissimi</strong></span> <span class='ocrx_word' id='word_1_50' title='bbox 954 909 1076 974; x_wconf 91' lang='lat' dir='ltr'><strong>domini</strong></span> <span class='ocrx_word' id='word_1_51' title='bbox 1091 911 1234 997; x_wconf 83' lang='lat' dir='ltr'><strong>episcopi</strong></span> <span class='ocrx_word' id='word_1_52' title='bbox 1257 913 1306 977; x_wconf 84' lang='lat' dir='ltr'><strong>vel</strong></span> <span class='ocrx_word' id='word_1_53' title='bbox 1319 913 1435 979; x_wconf 83' lang='lat' dir='ltr'><strong>diamnes</strong></span> 
     </span>
     <span class='ocr_line' id='line_1_7' title="bbox 200 1012 1436 1101; baseline -0.001 -19"><span class='ocrx_word' id='word_1_54' title='bbox 200 1017 312 1083; x_wconf 77' lang='lat' dir='ltr'><strong>directi</strong></span> <span class='ocrx_word' id='word_1_55' title='bbox 336 1038 354 1078; x_wconf 91' lang='lat' dir='ltr'><strong>a</strong></span> <span class='ocrx_word' id='word_1_56' title='bbox 377 1018 490 1078; x_wconf 86' lang='lat' dir='ltr'><strong>sancta</strong></span> <span class='ocrx_word' id='word_1_57' title='bbox 513 1035 630 1078; x_wconf 89' lang='lat' dir='ltr'><strong>corona</strong></span> <span class='ocrx_word' id='word_1_58' title='bbox 646 1017 766 1095; x_wconf 86' lang='lat' dir='ltr'><strong>vestra,</strong></span> <span class='ocrx_word' id='word_1_59' title='bbox 790 1015 999 1077; x_wconf 86' lang='lat' dir='ltr'><strong>occurrerunt</strong></span> <span class='ocrx_word' id='word_1_60' title='bbox 1016 1013 1080 1077; x_wconf 84' lang='lat' dir='ltr'><strong>illis</strong></span> <span class='ocrx_word' id='word_1_61' title='bbox 1096 1012 1288 1100; x_wconf 84' lang='lat' dir='ltr'><strong>Scampinus</strong></span> <span class='ocrx_word' id='word_1_62' title='bbox 1303 1016 1436 1101; x_wconf 82' lang='lat' dir='ltr'><strong>episcopus</strong></span> 
     </span>
     <span class='ocr_line' id='line_1_8' title="bbox 103 1114 1438 1203; baseline -0.001 -19"><span class='ocrx_word' id='word_1_63' title='bbox 103 1136 109 1148; x_wconf 90' lang='lat'><strong>·</strong></span> <span class='ocrx_word' id='word_1_64' title='bbox 200 1120 249 1183; x_wconf 88' lang='lat' dir='ltr'><strong>vir</strong></span> <span class='ocrx_word' id='word_1_65' title='bbox 270 1117 473 1182; x_wconf 87' lang='lat' dir='ltr'><strong>beatissimus</strong></span> <span class='ocrx_word' id='word_1_66' title='bbox 489 1115 603 1199; x_wconf 88' lang='lat' dir='ltr'><strong>Trojus</strong></span> <span class='ocrx_word' id='word_1_67' title='bbox 627 1115 801 1181; x_wconf 90' lang='lat' dir='ltr'><strong>cumomni</strong></span> <span class='ocrx_word' id='word_1_68' title='bbox 824 1114 940 1200; x_wconf 83' lang='lat' dir='ltr'><strong>gaudio</strong></span> <span class='ocrx_word' id='word_1_69' title='bbox 962 1117 995 1179; x_wconf 89' lang='lat' dir='ltr'><strong>et</strong></span> <span class='ocrx_word' id='word_1_70' title='bbox 1008 1115 1237 1180; x_wconf 87' lang='lat' dir='ltr'><strong>luminaribus:</strong></span> <span class='ocrx_word' id='word_1_71' title='bbox 1260 1120 1301 1202; x_wconf 88' lang='lat' dir='ltr'><strong>et,</strong></span> <span class='ocrx_word' id='word_1_72' title='bbox 1323 1123 1438 1203; x_wconf 85' lang='lat' dir='ltr'><strong>porrecte</strong></span> 
     </span>
     <span class='ocr_line' id='line_1_9' title="bbox 200 1217 1438 1306; baseline 0 -21"><span class='ocrx_word' id='word_1_73' title='bbox 200 1221 310 1285; x_wconf 91' lang='lat' dir='ltr'><strong>libello</strong></span> <span class='ocrx_word' id='word_1_74' title='bbox 332 1218 506 1283; x_wconf 89' lang='lat' dir='ltr'><strong>secundum</strong></span> <span class='ocrx_word' id='word_1_75' title='bbox 528 1222 668 1283; x_wconf 83' lang='lat' dir='ltr'><strong>vestram</strong></span> <span class='ocrx_word' id='word_1_76' title='bbox 689 1218 964 1303; x_wconf 82' lang='lat' dir='ltr'><strong>praeceptionem,</strong></span> <span class='ocrx_word' id='word_1_77' title='bbox 989 1217 1100 1282; x_wconf 89' lang='lat' dir='ltr'><strong>statim</strong></span> <span class='ocrx_word' id='word_1_78' title='bbox 1115 1219 1238 1304; x_wconf 87' lang='lat' dir='ltr'><strong>recepti</strong></span> <span class='ocrx_word' id='word_1_79' title='bbox 1254 1225 1328 1284; x_wconf 88' lang='lat' dir='ltr'><strong>sunt</strong></span> <span class='ocrx_word' id='word_1_80' title='bbox 1340 1221 1369 1285; x_wconf 92' lang='lat' dir='ltr'><strong>in</strong></span> <span class='ocrx_word' id='word_1_81' title='bbox 1380 1243 1438 1306; x_wconf 87' lang='lat' dir='ltr'><strong>paee</strong></span> 
     </span>
     <span class='ocr_line' id='line_1_10' title="bbox 203 1319 1439 1406; baseline 0 -19"><span class='ocrx_word' id='word_1_82' title='bbox 203 1322 339 1405; x_wconf 79' lang='lat' dir='ltr'><strong>Christi,</strong></span> <span class='ocrx_word' id='word_1_83' title='bbox 363 1324 396 1385; x_wconf 90' lang='lat' dir='ltr'><strong>et</strong></span> <span class='ocrx_word' id='word_1_84' title='bbox 417 1322 530 1385; x_wconf 87' lang='lat' dir='ltr'><strong>missas</strong></span> <span class='ocrx_word' id='word_1_85' title='bbox 555 1321 796 1386; x_wconf 88' lang='lat' dir='ltr'><strong>celebraverunt</strong></span> <span class='ocrx_word' id='word_1_86' title='bbox 819 1342 890 1384; x_wconf 94' lang='lat' dir='ltr'><strong>eum</strong></span> <span class='ocrx_word' id='word_1_87' title='bbox 913 1320 981 1404; x_wconf 91' lang='lat' dir='ltr'><strong>ipso</strong></span> <span class='ocrx_word' id='word_1_88' title='bbox 1003 1320 1038 1385; x_wconf 93' lang='lat' dir='ltr'><strong>in</strong></span> <span class='ocrx_word' id='word_1_89' title='bbox 1054 1319 1230 1406; x_wconf 81' lang='lat' dir='ltr'><strong>Scampina</strong></span> <span class='ocrx_word' id='word_1_90' title='bbox 1252 1321 1381 1388; x_wconf 84' lang='lat' dir='ltr'><strong>civitate.</strong></span> <span class='ocrx_word' id='word_1_91' title='bbox 1410 1323 1439 1387; x_wconf 79' lang='lat' dir='ltr'><strong>n</strong></span> 
     </span>
     <span class='ocr_line' id='line_1_11' title="bbox 203 1421 1440 1510; baseline 0 -21"><span class='ocrx_word' id='word_1_92' title='bbox 203 1425 347 1489; x_wconf 87' lang='lat' dir='ltr'><strong>videntes</strong></span> <span class='ocrx_word' id='word_1_93' title='bbox 370 1421 659 1508; x_wconf 76' lang='lat' dir='ltr'><strong>Lignidonenses⁴)</strong></span> <span class='ocrx_word' id='word_1_94' title='bbox 682 1423 766 1507; x_wconf 92' lang='lat' dir='ltr'><strong>quod</strong></span> <span class='ocrx_word' id='word_1_95' title='bbox 787 1423 865 1486; x_wconf 87' lang='lat' dir='ltr'><strong>feeit</strong></span> <span class='ocrx_word' id='word_1_96' title='bbox 888 1421 1094 1507; x_wconf 86' lang='lat' dir='ltr'><strong>Seampinns,</strong></span> <span class='ocrx_word' id='word_1_97' title='bbox 1122 1422 1222 1488; x_wconf 90' lang='lat' dir='ltr'><strong>simili</strong></span> <span class='ocrx_word' id='word_1_98' title='bbox 1244 1424 1334 1489; x_wconf 91' lang='lat' dir='ltr'><strong>modo</strong></span> <span class='ocrx_word' id='word_1_99' title='bbox 1352 1429 1380 1489; x_wconf 89' lang='lat' dir='ltr'><strong>et</strong></span> <span class='ocrx_word' id='word_1_100' title='bbox 1396 1425 1440 1510; x_wconf 88' lang='lat' dir='ltr'><strong>ipsi</strong></span> 
     </span>
     <span class='ocr_line' id='line_1_12' title="bbox 204 1524 1441 1611; baseline 0.002 -21"><span class='ocrx_word' id='word_1_101' title='bbox 204 1530 305 1590; x_wconf 90' lang='lat' dir='ltr'><strong>secuti</strong></span> <span class='ocrx_word' id='word_1_102' title='bbox 328 1529 412 1589; x_wconf 89' lang='lat' dir='ltr'><strong>sunt.</strong></span> <span class='ocrx_word' id='word_1_103' title='bbox 457 1524 543 1588; x_wconf 87' lang='lat' dir='ltr'><strong>Nam</strong></span> <span class='ocrx_word' id='word_1_104' title='bbox 565 1524 640 1588; x_wconf 93' lang='lat' dir='ltr'><strong>dum</strong></span> <span class='ocrx_word' id='word_1_105' title='bbox 668 1526 747 1589; x_wconf 87' lang='lat' dir='ltr'><strong>istae</strong></span> <span class='ocrx_word' id='word_1_106' title='bbox 774 1525 900 1589; x_wconf 82' lang='lat' dir='ltr'><strong>litteras</strong></span> <span class='ocrx_word' id='word_1_107' title='bbox 929 1525 1165 1609; x_wconf 81' lang='lat' dir='ltr'><strong>ordinaremus,</strong></span> <span class='ocrx_word' id='word_1_108' title='bbox 1196 1527 1374 1611; x_wconf 82' lang='lat' dir='ltr'><strong>supervenit</strong></span> <span class='ocrx_word' id='word_1_109' title='bbox 1395 1550 1441 1591; x_wconf 85' lang='lat' dir='ltr'><strong>na·</strong></span> 
     </span>
     <span class='ocr_line' id='line_1_13' title="bbox 204 1625 1442 1723; baseline 0.001 -31"><span class='ocrx_word' id='word_1_110' title='bbox 204 1628 380 1713; x_wconf 74' lang='lat' dir='ltr'><strong>gistrianus</strong></span> <span class='ocrx_word' id='word_1_111' title='bbox 409 1627 447 1691; x_wconf 89' lang='lat' dir='ltr'><strong>de</strong></span> <span class='ocrx_word' id='word_1_112' title='bbox 475 1627 554 1690; x_wconf 89' lang='lat' dir='ltr'><strong>urbe</strong></span> <span class='ocrx_word' id='word_1_113' title='bbox 583 1625 958 1712; x_wconf 78' lang='lat' dir='ltr'><strong>Constantinopolitano,</strong></span> <span class='ocrx_word' id='word_1_114' title='bbox 997 1627 1052 1711; x_wconf 91' lang='lat' dir='ltr'><strong>qui</strong></span> <span class='ocrx_word' id='word_1_115' title='bbox 1084 1628 1268 1723; x_wconf 53' lang='lat' dir='ltr'><strong>nuntiavss,</strong></span> <span class='ocrx_word' id='word_1_116' title='bbox 1304 1627 1371 1714; x_wconf 85' lang='lat' dir='ltr'><strong>quia</strong></span> <span class='ocrx_word' id='word_1_117' title='bbox 1393 1628 1442 1693; x_wconf 87' lang='lat' dir='ltr'><strong>Dee</strong></span> 
     </span>
     <span class='ocr_line' id='line_1_14' title="bbox 204 1728 1444 1814; baseline 0.003 -22"><span class='ocrx_word' id='word_1_118' title='bbox 204 1729 343 1814; x_wconf 90' lang='lat' dir='ltr'><strong>propitio</strong></span> <span class='ocrx_word' id='word_1_119' title='bbox 365 1729 512 1812; x_wconf 88' lang='lat' dir='ltr'><strong>precibus</strong></span> <span class='ocrx_word' id='word_1_120' title='bbox 535 1729 656 1793; x_wconf 89' lang='lat' dir='ltr'><strong>sanctis</strong></span> <span class='ocrx_word' id='word_1_121' title='bbox 672 1730 786 1794; x_wconf 85' lang='lat' dir='ltr'><strong>vestris</strong></span> <span class='ocrx_word' id='word_1_122' title='bbox 808 1732 842 1794; x_wconf 90' lang='lat' dir='ltr'><strong>et</strong></span> <span class='ocrx_word' id='word_1_123' title='bbox 856 1728 1210 1814; x_wconf 83' lang='lat' dir='ltr'><strong>Constantinopolitani</strong></span> <span class='ocrx_word' id='word_1_124' title='bbox 1224 1731 1374 1796; x_wconf 89' lang='lat' dir='ltr'><strong>miserunt</strong></span> <span class='ocrx_word' id='word_1_125' title='bbox 1388 1754 1444 1795; x_wconf 85' lang='lat' dir='ltr'><strong>ann·</strong></span> 
     </span>
     <span class='ocr_line' id='line_1_15' title="bbox 204 1830 1444 1918; baseline 0.001 -22"><span class='ocrx_word' id='word_1_126' title='bbox 204 1831 313 1896; x_wconf 90' lang='lat' dir='ltr'><strong>thema</strong></span> <span class='ocrx_word' id='word_1_127' title='bbox 342 1830 476 1914; x_wconf 80' lang='lat' dir='ltr'><strong>Aeneia,</strong></span> <span class='ocrx_word' id='word_1_128' title='bbox 507 1834 540 1894; x_wconf 89' lang='lat' dir='ltr'><strong>et</strong></span> <span class='ocrx_word' id='word_1_129' title='bbox 568 1853 640 1895; x_wconf 92' lang='lat' dir='ltr'><strong>eum</strong></span> <span class='ocrx_word' id='word_1_130' title='bbox 670 1853 749 1916; x_wconf 87' lang='lat' dir='ltr'><strong>paee</strong></span> <span class='ocrx_word' id='word_1_131' title='bbox 770 1830 897 1896; x_wconf 87' lang='lat' dir='ltr'><strong>Pascha</strong></span> <span class='ocrx_word' id='word_1_132' title='bbox 925 1832 1176 1897; x_wconf 89' lang='lat' dir='ltr'><strong>celebraverunt.</strong></span> <span class='ocrx_word' id='word_1_133' title='bbox 1222 1833 1297 1898; x_wconf 77' lang='lat' dir='ltr'><strong>dam</strong></span> <span class='ocrx_word' id='word_1_134' title='bbox 1323 1833 1389 1918; x_wconf 90' lang='lat' dir='ltr'><strong>quid</strong></span> <span class='ocrx_word' id='word_1_135' title='bbox 1412 1856 1444 1897; x_wconf 87' lang='lat' dir='ltr'><strong>se</strong></span> 
     </span>
     <span class='ocr_line' id='line_1_16' title="bbox 204 1933 1447 2020; baseline 0.003 -23"><span class='ocrx_word' id='word_1_136' title='bbox 204 1937 334 2019; x_wconf 87' lang='lat' dir='ltr'><strong>quatur,</strong></span> <span class='ocrx_word' id='word_1_137' title='bbox 358 1936 465 1996; x_wconf 86' lang='lat' dir='ltr'><strong>vestra</strong></span> <span class='ocrx_word' id='word_1_138' title='bbox 486 1933 672 1999; x_wconf 83' lang='lat' dir='ltr'><strong>intercessio</strong></span> <span class='ocrx_word' id='word_1_139' title='bbox 696 1934 779 2018; x_wconf 90' lang='lat' dir='ltr'><strong>apud</strong></span> <span class='ocrx_word' id='word_1_140' title='bbox 797 1935 900 1998; x_wconf 90' lang='lat' dir='ltr'><strong>Deum</strong></span> <span class='ocrx_word' id='word_1_141' title='bbox 915 1935 1039 1999; x_wconf 89' lang='lat' dir='ltr'><strong>laboret</strong></span> <span class='ocrx_word' id='word_1_142' title='bbox 1046 1983 1054 2017; x_wconf 95' lang='lat'><strong>,</strong></span> <span class='ocrx_word' id='word_1_143' title='bbox 1078 1938 1115 1998; x_wconf 91' lang='lat' dir='ltr'><strong>ut</strong></span> <span class='ocrx_word' id='word_1_144' title='bbox 1137 1935 1178 1999; x_wconf 90' lang='lat' dir='ltr'><strong>ad</strong></span> <span class='ocrx_word' id='word_1_145' title='bbox 1199 1935 1447 2020; x_wconf 85' lang='lat' dir='ltr'><strong>perfectumscrri</strong></span> 
     </span>
     <span class='ocr_line' id='line_1_17' title="bbox 206 2034 1448 2122; baseline 0.002 -21"><span class='ocrx_word' id='word_1_146' title='bbox 206 2036 289 2101; x_wconf 89' lang='lat' dir='ltr'><strong>sedis</strong></span> <span class='ocrx_word' id='word_1_147' title='bbox 311 2034 505 2120; x_wconf 90' lang='lat' dir='ltr'><strong>apostolieae</strong></span> <span class='ocrx_word' id='word_1_148' title='bbox 527 2035 737 2100; x_wconf 87' lang='lat' dir='ltr'><strong>inveniamur.</strong></span> <span class='ocrx_word' id='word_1_149' title='bbox 771 2036 935 2120; x_wconf 81' lang='lat' dir='ltr'><strong>Epistolas</strong></span> <span class='ocrx_word' id='word_1_150' title='bbox 956 2057 1048 2119; x_wconf 84' lang='lat' dir='ltr'><strong>rere,</strong></span> <span class='ocrx_word' id='word_1_151' title='bbox 1072 2059 1152 2122; x_wconf 88' lang='lat' dir='ltr'><strong>quas</strong></span> <span class='ocrx_word' id='word_1_152' title='bbox 1168 2037 1448 2102; x_wconf 80' lang='lat' dir='ltr'><strong>destinarenmtad</strong></span> 
     </span>
     <span class='ocr_line' id='line_1_18' title="bbox 205 2138 1450 2228; baseline 0.002 -26"><span class='ocrx_word' id='word_1_153' title='bbox 205 2161 309 2202; x_wconf 91' lang='lat' dir='ltr'><strong>meam</strong></span> <span class='ocrx_word' id='word_1_154' title='bbox 331 2138 545 2202; x_wconf 86' lang='lat' dir='ltr'><strong>humilitatem</strong></span> <span class='ocrx_word' id='word_1_155' title='bbox 567 2160 664 2222; x_wconf 88' lang='lat' dir='ltr'><strong>supra</strong></span> <span class='ocrx_word' id='word_1_156' title='bbox 686 2139 853 2202; x_wconf 86' lang='lat' dir='ltr'><strong>memorati</strong></span> <span class='ocrx_word' id='word_1_157' title='bbox 876 2139 934 2203; x_wconf 84' lang='lat' dir='ltr'><strong>viri</strong></span> <span class='ocrx_word' id='word_1_158' title='bbox 957 2139 1134 2203; x_wconf 89' lang='lat' dir='ltr'><strong>beatissimi</strong></span> <span class='ocrx_word' id='word_1_159' title='bbox 1150 2141 1293 2225; x_wconf 86' lang='lat' dir='ltr'><strong>episcopi</strong></span> <span class='ocrx_word' id='word_1_160' title='bbox 1301 2142 1336 2228; x_wconf 81' lang='lat'><strong>⁵),</strong></span> <span class='ocrx_word' id='word_1_161' title='bbox 1356 2139 1450 2225; x_wconf 79' lang='lat' dir='ltr'><strong>pietati</strong></span> 
     </span>
     <span class='ocr_line' id='line_1_19' title="bbox 207 2240 1194 2326; baseline 0.001 -22"><span class='ocrx_word' id='word_1_162' title='bbox 207 2244 330 2305; x_wconf 87' lang='lat' dir='ltr'><strong>vestrae</strong></span> <span class='ocrx_word' id='word_1_163' title='bbox 349 2240 481 2324; x_wconf 88' lang='lat' dir='ltr'><strong>junctas</strong></span> <span class='ocrx_word' id='word_1_164' title='bbox 504 2240 678 2304; x_wconf 87' lang='lat' dir='ltr'><strong>transmisi.</strong></span> <span class='ocrx_word' id='word_1_165' title='bbox 725 2240 869 2325; x_wconf 86' lang='lat' dir='ltr'><strong>Accepta</strong></span> <span class='ocrx_word' id='word_1_166' title='bbox 891 2241 942 2304; x_wconf 91' lang='lat' dir='ltr'><strong>die</strong></span> <span class='ocrx_word' id='word_1_167' title='bbox 964 2263 1028 2325; x_wconf 90' lang='lat' dir='ltr'><strong>qua</strong></span> <span class='ocrx_word' id='word_1_168' title='bbox 1050 2242 1194 2326; x_wconf 69' lang='lat' dir='ltr'><strong>supral).</strong></span> 
     </span>
    </p>
   </div>
   <div class='ocr_carea' id='block_1_3' title="bbox 713 2427 969 2532">
    <p class='ocr_par' dir='ltr' id='par_1_3' title="bbox 713 2427 969 2532">
     <span class='ocr_line' id='line_1_20' title="bbox 713 2427 969 2532; baseline 0.004 -22"><span class='ocrx_word' id='word_1_169' title='bbox 713 2427 894 2532; x_wconf 82' lang='lat' dir='ltr'><strong>Epistola</strong></span> <span class='ocrx_word' id='word_1_170' title='bbox 921 2428 969 2511; x_wconf 85' lang='grc'><strong>64</strong></span> 
     </span>
    </p>
   </div>
   <div class='ocr_carea' id='block_1_4' title="bbox 819 2580 868 2618">
    <p class='ocr_par' dir='ltr' id='par_1_4' title="bbox 819 2580 868 2618">
     <span class='ocr_line' id='line_1_21' title="bbox 819 2580 868 2618; baseline 0.02 -1"><span class='ocrx_word' id='word_1_171' title='bbox 819 2580 868 2618; x_wconf 83' lang='lat' dir='ltr'><strong>seu</strong></span> 
     </span>
    </p>
   </div>
   <div class='ocr_carea' id='block_1_5' title="bbox 55 2665 1457 2848">
    <p class='ocr_par' dir='ltr' id='par_1_5' title="bbox 55 2665 1457 2848">
     <span class='ocr_line' id='line_1_22' title="bbox 55 2665 1457 2746; baseline 0.001 -12"><span class='ocrx_word' id='word_1_172' title='bbox 55 2670 91 2734; x_wconf 71' lang='lat' dir='ltr'><strong>(n-</strong></span> <span class='ocrx_word' id='word_1_173' title='bbox 108 2665 195 2744; x_wconf 60' lang='lat' dir='ltr'><strong>iiiii·</strong></span> <span class='ocrx_word' id='word_1_174' title='bbox 210 2674 389 2744; x_wconf 74' lang='lat' dir='ltr'><strong>suggestio</strong></span> <span class='ocrx_word' id='word_1_175' title='bbox 413 2675 573 2731; x_wconf 82' lang='lat' dir='ltr'><strong>Germani</strong></span> <span class='ocrx_word' id='word_1_176' title='bbox 594 2678 628 2731; x_wconf 89' lang='lat' dir='ltr'><strong>et</strong></span> <span class='ocrx_word' id='word_1_177' title='bbox 650 2673 815 2733; x_wconf 72' lang='lat' dir='ltr'><strong>iohannis</strong></span> <span class='ocrx_word' id='word_1_178' title='bbox 838 2675 1089 2746; x_wconf 85' lang='lat' dir='ltr'><strong>episcoporum,</strong></span> <span class='ocrx_word' id='word_1_179' title='bbox 1118 2678 1245 2735; x_wconf 78' lang='lat' dir='ltr'><strong>Felicis</strong></span> <span class='ocrx_word' id='word_1_180' title='bbox 1267 2684 1302 2736; x_wconf 86' lang='lat' dir='ltr'><strong>et</strong></span> <span class='ocrx_word' id='word_1_181' title='bbox 1321 2678 1457 2736; x_wconf 84' lang='lat' dir='ltr'><strong>Dioeeori</strong></span> 
     </span>
     <span class='ocr_line' id='line_1_23' title="bbox 55 2735 1164 2848; baseline 0.007 -20"><span class='ocrx_word' id='word_1_182' title='bbox 55 2735 196 2805; x_wconf 46' lang='grc' dir='ltr'><strong>Ἥρω)</strong></span> <span class='ocrx_word' id='word_1_183' title='bbox 517 2777 739 2834; x_wconf 89' lang='lat' dir='ltr'><strong>diaconorum</strong></span> <span class='ocrx_word' id='word_1_184' title='bbox 760 2781 795 2834; x_wconf 90' lang='lat' dir='ltr'><strong>et</strong></span> <span class='ocrx_word' id='word_1_185' title='bbox 815 2779 939 2835; x_wconf 83' lang='lat' dir='ltr'><strong>Blandi</strong></span> <span class='ocrx_word' id='word_1_186' title='bbox 959 2780 1164 2848; x_wconf 82' lang='lat' dir='ltr'><strong>presbyteri.</strong></span> 
     </span>
    </p>
   </div>
   <div class='ocr_carea' id='block_1_6' title="bbox 242 2898 1478 3147">
    <p class='ocr_par' dir='ltr' id='par_1_6' title="bbox 242 2898 1478 3147">
     <span class='ocr_line' id='line_1_24' title="bbox 243 2898 1478 2989; baseline 0.002 -31"><span class='ocrx_word' id='word_1_187' title='bbox 243 2910 341 2970; x_wconf 81' lang='lat' dir='ltr'><strong>Quarrto</strong></span> <span class='ocrx_word' id='word_1_188' title='bbox 359 2926 411 2958; x_wconf 83' lang='lat' dir='ltr'><strong>cnm</strong></span> <span class='ocrx_word' id='word_1_189' title='bbox 430 2910 525 2958; x_wconf 81' lang='lat' dir='ltr'><strong>honore</strong></span> <span class='ocrx_word' id='word_1_190' title='bbox 543 2910 766 2973; x_wconf 78' lang='lat' dir='ltr'><strong>Constantinopoli</strong></span> <span class='ocrx_word' id='word_1_191' title='bbox 787 2914 910 2973; x_wconf 77' lang='lat' dir='ltr'><strong>areseeplt,</strong></span> <span class='ocrx_word' id='word_1_192' title='bbox 938 2898 1032 2976; x_wconf 79' lang='lat' dir='ltr'><strong>quanto</strong></span> <span class='ocrx_word' id='word_1_193' title='bbox 1055 2928 1109 2961; x_wconf 81' lang='lat' dir='ltr'><strong>curn</strong></span> <span class='ocrx_word' id='word_1_194' title='bbox 1131 2914 1225 2977; x_wconf 79' lang='lat' dir='ltr'><strong>pendia</strong></span> <span class='ocrx_word' id='word_1_195' title='bbox 1250 2915 1307 2978; x_wconf 78' lang='lat' dir='ltr'><strong>ipra</strong></span> <span class='ocrx_word' id='word_1_196' title='bbox 1328 2914 1393 2975; x_wconf 76' lang='lat' dir='ltr'><strong>seria</strong></span> <span class='ocrx_word' id='word_1_197' title='bbox 1413 2913 1434 2960; x_wconf 74' lang='lat' dir='ltr'><em>V</em></span> <span class='ocrx_word' id='word_1_198' title='bbox 1464 2937 1478 2989; x_wconf 71' lang='grc'><strong>1.</strong></span> 
     </span>
     <span class='ocr_line' id='line_1_25' title="bbox 242 2995 1433 3062; baseline 0.003 -19"><span class='ocrx_word' id='word_1_199' title='bbox 242 2995 349 3057; x_wconf 60' lang='lat' dir='ltr'><strong>irrideris</strong></span> <span class='ocrx_word' id='word_1_200' title='bbox 367 2995 538 3044; x_wconf 82' lang='lat' dir='ltr'><strong>hebdnnmdae</strong></span> <span class='ocrx_word' id='word_1_201' title='bbox 554 2996 689 3044; x_wconf 82' lang='lat' dir='ltr'><strong>secundnm</strong></span> <span class='ocrx_word' id='word_1_202' title='bbox 708 2995 862 3045; x_wconf 79' lang='lat' dir='ltr'><strong>Ilornrieriae</strong></span> <span class='ocrx_word' id='word_1_203' title='bbox 885 3002 966 3046; x_wconf 83' lang='lat' dir='ltr'><strong>votum</strong></span> <span class='ocrx_word' id='word_1_204' title='bbox 988 2996 1045 3046; x_wconf 80' lang='lat' dir='ltr'><strong>huie</strong></span> <span class='ocrx_word' id='word_1_205' title='bbox 1068 2999 1192 3047; x_wconf 73' lang='lat' dir='ltr'><strong>eeclesiae</strong></span> <span class='ocrx_word' id='word_1_206' title='bbox 1209 3013 1266 3062; x_wconf 68' lang='lat' dir='ltr'><strong>pax</strong></span> <span class='ocrx_word' id='word_1_207' title='bbox 1283 3000 1384 3048; x_wconf 81' lang='lat' dir='ltr'><strong>reddita</strong></span> <span class='ocrx_word' id='word_1_208' title='bbox 1398 3001 1433 3055; x_wconf 84' lang='lat' dir='ltr'><strong>rit,</strong></span> 
     </span>
     <span class='ocr_line' id='line_1_26' title="bbox 463 3079 1232 3147; baseline 0.008 -18"><span class='ocrx_word' id='word_1_209' title='bbox 463 3087 602 3144; x_wconf 75' lang='lat' dir='ltr'><strong>reponunt.</strong></span> <span class='ocrx_word' id='word_1_210' title='bbox 639 3079 736 3129; x_wconf 82' lang='lat' dir='ltr'><strong>Similia</strong></span> <span class='ocrx_word' id='word_1_211' title='bbox 754 3083 876 3130; x_wconf 84' lang='lat' dir='ltr'><strong>ecclesiae</strong></span> <span class='ocrx_word' id='word_1_212' title='bbox 896 3082 1070 3133; x_wconf 68' lang='lat' dir='ltr'><strong>Antiochinae</strong></span> <span class='ocrx_word' id='word_1_213' title='bbox 1086 3085 1232 3147; x_wconf 74' lang='lat' dir='ltr'><strong>precantia.</strong></span> 
     </span>
    </p>
   </div>
   <div class='ocr_carea' id='block_1_7' title="bbox 210 3212 1462 3400">
    <p class='ocr_par' dir='ltr' id='par_1_7' title="bbox 210 3212 1462 3400">
     <span class='ocr_line' id='line_1_27' title="bbox 297 3212 1462 3301; baseline 0.004 -25"><span class='ocrx_word' id='word_1_214' title='bbox 297 3215 324 3276; x_wconf 91' lang='grc'><strong>1.</strong></span> <span class='ocrx_word' id='word_1_215' title='bbox 358 3212 433 3276; x_wconf 92' lang='lat' dir='ltr'><strong>Non</strong></span> <span class='ocrx_word' id='word_1_216' title='bbox 456 3215 609 3277; x_wconf 90' lang='lat' dir='ltr'><strong>miramur</strong></span> <span class='ocrx_word' id='word_1_217' title='bbox 632 3213 830 3297; x_wconf 85' lang='lat' dir='ltr'><strong>apostolatus</strong></span> <span class='ocrx_word' id='word_1_218' title='bbox 858 3214 955 3277; x_wconf 87' lang='lat' dir='ltr'><strong>vestri</strong></span> <span class='ocrx_word' id='word_1_219' title='bbox 978 3214 1127 3297; x_wconf 86' lang='lat' dir='ltr'><strong>precibus</strong></span> <span class='ocrx_word' id='word_1_220' title='bbox 1156 3220 1274 3280; x_wconf 88' lang='lat' dir='ltr'><strong>cuneta</strong></span> <span class='ocrx_word' id='word_1_221' title='bbox 1296 3217 1385 3281; x_wconf 89' lang='lat' dir='ltr'><strong>nobis</strong></span> <span class='ocrx_word' id='word_1_222' title='bbox 1405 3238 1462 3301; x_wconf 79' lang='lat' dir='ltr'><strong>pre</strong></span> 
     </span>
     <span class='ocr_line' id='line_1_28' title="bbox 210 3315 1462 3400; baseline 0.002 -21"><span class='ocrx_word' id='word_1_223' title='bbox 210 3338 302 3400; x_wconf 87' lang='lat' dir='ltr'><strong>spera</strong></span> <span class='ocrx_word' id='word_1_224' title='bbox 331 3316 536 3400; x_wconf 83' lang='lat' dir='ltr'><strong>successisse,</strong></span> <span class='ocrx_word' id='word_1_225' title='bbox 566 3316 720 3397; x_wconf 90' lang='lat' dir='ltr'><strong>scientes,</strong></span> <span class='ocrx_word' id='word_1_226' title='bbox 754 3316 837 3399; x_wconf 90' lang='lat' dir='ltr'><strong>quod</strong></span> <span class='ocrx_word' id='word_1_227' title='bbox 866 3315 1002 3399; x_wconf 89' lang='lat' dir='ltr'><strong>amplius</strong></span> <span class='ocrx_word' id='word_1_228' title='bbox 1030 3320 1140 3381; x_wconf 88' lang='lat' dir='ltr'><strong>nostro</strong></span> <span class='ocrx_word' id='word_1_229' title='bbox 1168 3318 1347 3382; x_wconf 87' lang='lat' dir='ltr'><strong>ministerio</strong></span> <span class='ocrx_word' id='word_1_230' title='bbox 1372 3324 1462 3382; x_wconf 80' lang='lat' dir='ltr'><strong>vestra</strong></span> 
     </span>
    </p>
   </div>
   <div class='ocr_carea' id='block_1_8' title="bbox 210 3553 1463 4971">
    <p class='ocr_par' dir='ltr' id='par_1_8' title="bbox 210 3553 1463 3963">
     <span class='ocr_line' id='line_1_29' title="bbox 210 3553 1461 3626; baseline 0.002 -20"><span class='ocrx_word' id='word_1_231' title='bbox 210 3554 351 3607; x_wconf 78' lang='lat' dir='ltr'><strong>nationem</strong></span> <span class='ocrx_word' id='word_1_232' title='bbox 369 3553 585 3607; x_wconf 77' lang='lat' dir='ltr'><strong>Ptaevalitanus.</strong></span> <span class='ocrx_word' id='word_1_233' title='bbox 621 3553 707 3621; x_wconf 80' lang='lat' dir='ltr'><strong>Atqui</strong></span> <span class='ocrx_word' id='word_1_234' title='bbox 727 3570 759 3607; x_wconf 83' lang='lat' dir='ltr'><strong>ex</strong></span> <span class='ocrx_word' id='word_1_235' title='bbox 782 3554 825 3607; x_wconf 89' lang='lat' dir='ltr'><strong>hie</strong></span> <span class='ocrx_word' id='word_1_236' title='bbox 846 3570 939 3623; x_wconf 90' lang='lat' dir='ltr'><strong>papae</strong></span> <span class='ocrx_word' id='word_1_237' title='bbox 957 3554 1096 3626; x_wconf 69' lang='lat' dir='ltr'><strong>yoluntati</strong></span> <span class='ocrx_word' id='word_1_238' title='bbox 1114 3572 1148 3610; x_wconf 85' lang='lat' dir='ltr'><strong>ee</strong></span> <span class='ocrx_word' id='word_1_239' title='bbox 1165 3555 1239 3609; x_wconf 79' lang='lat' dir='ltr'><strong>volis</strong></span> <span class='ocrx_word' id='word_1_240' title='bbox 1257 3573 1291 3610; x_wconf 87' lang='lat' dir='ltr'><strong>ex</strong></span> <span class='ocrx_word' id='word_1_241' title='bbox 1309 3556 1396 3611; x_wconf 83' lang='lat' dir='ltr'><strong>animo</strong></span> <span class='ocrx_word' id='word_1_242' title='bbox 1412 3571 1461 3610; x_wconf 81' lang='lat' dir='ltr'><strong>con-</strong></span> 
     </span>
     <span class='ocr_line' id='line_1_30' title="bbox 212 3637 1462 3711; baseline 0.002 -20"><span class='ocrx_word' id='word_1_243' title='bbox 212 3640 357 3692; x_wconf 87' lang='lat' dir='ltr'><strong>senserunt</strong></span> <span class='ocrx_word' id='word_1_244' title='bbox 380 3637 504 3707; x_wconf 90' lang='lat' dir='ltr'><strong>episcopi</strong></span> <span class='ocrx_word' id='word_1_245' title='bbox 523 3637 687 3708; x_wconf 87' lang='lat' dir='ltr'><strong>Seampinue</strong></span> <span class='ocrx_word' id='word_1_246' title='bbox 706 3640 735 3691; x_wconf 91' lang='lat' dir='ltr'><strong>et</strong></span> <span class='ocrx_word' id='word_1_247' title='bbox 751 3637 927 3706; x_wconf 82' lang='lat' dir='ltr'><strong>Lignidensie</strong></span> <span class='ocrx_word' id='word_1_248' title='bbox 945 3656 1005 3692; x_wconf 91' lang='lat' dir='ltr'><strong>enm</strong></span> <span class='ocrx_word' id='word_1_249' title='bbox 1024 3640 1228 3695; x_wconf 82' lang='lat' dir='ltr'><strong>Praevalitana.</strong></span> <span class='ocrx_word' id='word_1_250' title='bbox 1268 3642 1365 3696; x_wconf 80' lang='lat' dir='ltr'><strong>Restat</strong></span> <span class='ocrx_word' id='word_1_251' title='bbox 1384 3641 1462 3711; x_wconf 76' lang='lat' dir='ltr'><strong>igitir,</strong></span> 
     </span>
     <span class='ocr_line' id='line_1_31' title="bbox 212 3722 1462 3793; baseline 0.003 -16"><span class='ocrx_word' id='word_1_252' title='bbox 212 3727 242 3777; x_wconf 91' lang='lat' dir='ltr'><strong>ut</strong></span> <span class='ocrx_word' id='word_1_253' title='bbox 260 3723 282 3775; x_wconf 93' lang='lat' dir='ltr'><strong>si</strong></span> <span class='ocrx_word' id='word_1_254' title='bbox 303 3740 358 3791; x_wconf 93' lang='lat' dir='ltr'><strong>qua</strong></span> <span class='ocrx_word' id='word_1_255' title='bbox 381 3723 455 3777; x_wconf 85' lang='lat' dir='ltr'><strong>fictio</strong></span> <span class='ocrx_word' id='word_1_256' title='bbox 478 3722 573 3783; x_wconf 81' lang='lat' dir='ltr'><strong>luerit,</strong></span> <span class='ocrx_word' id='word_1_257' title='bbox 597 3723 626 3776; x_wconf 91' lang='grc'><strong>111</strong></span> <span class='ocrx_word' id='word_1_258' title='bbox 648 3722 770 3791; x_wconf 88' lang='lat' dir='ltr'><strong>reliquos</strong></span> <span class='ocrx_word' id='word_1_259' title='bbox 793 3723 893 3777; x_wconf 85' lang='lat' dir='ltr'><strong>autin</strong></span> <span class='ocrx_word' id='word_1_260' title='bbox 916 3741 1012 3778; x_wconf 87' lang='lat' dir='ltr'><strong>eormn</strong></span> <span class='ocrx_word' id='word_1_261' title='bbox 1035 3725 1157 3793; x_wconf 85' lang='lat' dir='ltr'><strong>aliquem</strong></span> <span class='ocrx_word' id='word_1_262' title='bbox 1179 3726 1271 3781; x_wconf 85' lang='lat' dir='ltr'><strong>cadat.</strong></span> <span class='ocrx_word' id='word_1_263' title='bbox 1311 3725 1462 3781; x_wconf 75' lang='lat' dir='ltr'><strong>nomiman</strong></span> 
     </span>
     <span class='ocr_line' id='line_1_32' title="bbox 213 3807 1463 3880; baseline 0.002 -17"><span class='ocrx_word' id='word_1_264' title='bbox 213 3826 276 3863; x_wconf 92' lang='lat' dir='ltr'><strong>vero</strong></span> <span class='ocrx_word' id='word_1_265' title='bbox 295 3809 520 3879; x_wconf 86' lang='lat' dir='ltr'><strong>archiepiscopus</strong></span> <span class='ocrx_word' id='word_1_266' title='bbox 538 3808 597 3877; x_wconf 87' lang='lat' dir='ltr'><strong>ipse</strong></span> <span class='ocrx_word' id='word_1_267' title='bbox 610 3826 673 3862; x_wconf 84' lang='lat' dir='ltr'><strong>mox</strong></span> <span class='ocrx_word' id='word_1_268' title='bbox 685 3810 811 3872; x_wconf 88' lang='lat' dir='ltr'><strong>notatur,</strong></span> <span class='ocrx_word' id='word_1_269' title='bbox 830 3807 882 3871; x_wconf 83' lang='lat' dir='ltr'><strong>cui,</strong></span> <span class='ocrx_word' id='word_1_270' title='bbox 903 3812 932 3862; x_wconf 88' lang='lat' dir='ltr'><strong>ut</strong></span> <span class='ocrx_word' id='word_1_271' title='bbox 950 3827 984 3863; x_wconf 82' lang='lat' dir='ltr'><strong>ex</strong></span> <span class='ocrx_word' id='word_1_272' title='bbox 1002 3809 1093 3864; x_wconf 88' lang='lat' dir='ltr'><strong>verbis</strong></span> <span class='ocrx_word' id='word_1_273' title='bbox 1106 3810 1187 3880; x_wconf 86' lang='lat' dir='ltr'><strong>epist.</strong></span> <span class='ocrx_word' id='word_1_274' title='bbox 1202 3818 1273 3866; x_wconf 79' lang='grc'><strong>5911.</strong></span> <span class='ocrx_word' id='word_1_275' title='bbox 1289 3818 1302 3864; x_wconf 89' lang='lat'>1</span> <span class='ocrx_word' id='word_1_276' title='bbox 1322 3811 1463 3880; x_wconf 72' lang='lat' dir='ltr'><strong>conjectam</strong></span> 
     </span>
     <span class='ocr_line' id='line_1_33' title="bbox 212 3891 900 3963; baseline 0 -16"><span class='ocrx_word' id='word_1_277' title='bbox 212 3897 266 3960; x_wconf 89' lang='lat' dir='ltr'><strong>eat,</strong></span> <span class='ocrx_word' id='word_1_278' title='bbox 285 3911 392 3948; x_wconf 89' lang='lat' dir='ltr'><strong>merem</strong></span> <span class='ocrx_word' id='word_1_279' title='bbox 411 3894 529 3962; x_wconf 82' lang='lat' dir='ltr'><strong>gerebat</strong></span> <span class='ocrx_word' id='word_1_280' title='bbox 547 3893 692 3963; x_wconf 86' lang='lat' dir='ltr'><strong>epiecopus</strong></span> <span class='ocrx_word' id='word_1_281' title='bbox 709 3891 900 3947; x_wconf 82' lang='lat' dir='ltr'><strong>Aulonitanus.</strong></span> 
     </span>
    </p>

    <p class='ocr_par' dir='ltr' id='par_1_9' title="bbox 212 3979 1463 4219">
     <span class='ocr_line' id='line_1_34' title="bbox 280 3979 1463 4051; baseline 0.006 -18"><span class='ocrx_word' id='word_1_282' title='bbox 280 3984 301 4047; x_wconf 81' lang='lat'><strong>²)</strong></span> <span class='ocrx_word' id='word_1_283' title='bbox 319 3982 392 4034; x_wconf 86' lang='lat' dir='ltr'><strong>Loco</strong></span> <span class='ocrx_word' id='word_1_284' title='bbox 416 4000 527 4040; x_wconf 80' lang='lat' dir='ltr'><strong>suornm,</strong></span> <span class='ocrx_word' id='word_1_285' title='bbox 551 3979 626 4047; x_wconf 89' lang='lat' dir='ltr'><strong>quod</strong></span> <span class='ocrx_word' id='word_1_286' title='bbox 644 3979 662 4032; x_wconf 90' lang='lat' dir='ltr'><strong>b</strong></span> <span class='ocrx_word' id='word_1_287' title='bbox 681 3995 721 4031; x_wconf 90' lang='lat' dir='ltr'><strong>cc</strong></span> <span class='ocrx_word' id='word_1_288' title='bbox 744 3980 952 4048; x_wconf 81' lang='lat' dir='ltr'><strong>supreeeerunt,</strong></span> <span class='ocrx_word' id='word_1_289' title='bbox 976 3996 1089 4047; x_wconf 82' lang='lat' dir='ltr'><strong>graece,</strong></span> <span class='ocrx_word' id='word_1_290' title='bbox 1113 3981 1144 4033; x_wconf 87' lang='lat' dir='ltr'><strong>nt</strong></span> <span class='ocrx_word' id='word_1_291' title='bbox 1165 3997 1230 4035; x_wconf 87' lang='lat' dir='ltr'><strong>mea</strong></span> <span class='ocrx_word' id='word_1_292' title='bbox 1251 3982 1406 4051; x_wconf 77' lang='lat' dir='ltr'><strong>conjectum</strong></span> <span class='ocrx_word' id='word_1_293' title='bbox 1423 3986 1463 4041; x_wconf 56' lang='lat' dir='ltr'><strong>&amp;a</strong></span> 
     </span>
     <span class='ocr_line' id='line_1_35' title="bbox 213 4060 1463 4137; baseline -0.001 -19"><span class='ocrx_word' id='word_1_294' title='bbox 213 4067 356 4120; x_wconf 73' lang='lat' dir='ltr'><strong>terebatur</strong></span> <span class='ocrx_word' id='word_1_295' title='bbox 375 4060 492 4126; x_wconf 73' lang='grc' dir='ltr'><em>ἑαυτῶν,</em></span> <span class='ocrx_word' id='word_1_296' title='bbox 511 4065 563 4117; x_wconf 91' lang='lat' dir='ltr'><strong>hoe</strong></span> <span class='ocrx_word' id='word_1_297' title='bbox 582 4065 624 4117; x_wconf 89' lang='lat' dir='ltr'><strong>est</strong></span> <span class='ocrx_word' id='word_1_298' title='bbox 642 4076 738 4117; x_wconf 84' lang='lat' dir='ltr'><strong>nostro.</strong></span> <span class='ocrx_word' id='word_1_299' title='bbox 774 4063 1005 4133; x_wconf 69' lang='lat' dir='ltr'><strong>archiepiscopus</strong></span> <span class='ocrx_word' id='word_1_300' title='bbox 1022 4081 1071 4118; x_wconf 88' lang='lat' dir='ltr'><strong>seu</strong></span> <span class='ocrx_word' id='word_1_301' title='bbox 1089 4067 1322 4136; x_wconf 84' lang='lat' dir='ltr'><strong>metropolitanus</strong></span> <span class='ocrx_word' id='word_1_302' title='bbox 1339 4065 1410 4137; x_wconf 88' lang='lat' dir='ltr'><strong>Epiri</strong></span> <span class='ocrx_word' id='word_1_303' title='bbox 1424 4080 1463 4119; x_wconf 79' lang='lat' dir='ltr'><strong>no</strong></span> 
     </span>
     <span class='ocr_line' id='line_1_36' title="bbox 212 4148 980 4219; baseline 0 -16"><span class='ocrx_word' id='word_1_304' title='bbox 212 4169 275 4215; x_wconf 82' lang='lat' dir='ltr'><strong>vae,</strong></span> <span class='ocrx_word' id='word_1_305' title='bbox 296 4152 326 4203; x_wconf 92' lang='lat' dir='ltr'><strong>ut</strong></span> <span class='ocrx_word' id='word_1_306' title='bbox 344 4149 468 4219; x_wconf 83' lang='lat' dir='ltr'><strong>proxime</strong></span> <span class='ocrx_word' id='word_1_307' title='bbox 487 4149 685 4214; x_wconf 79' lang='lat' dir='ltr'><strong>observabam,</strong></span> <span class='ocrx_word' id='word_1_308' title='bbox 705 4156 766 4202; x_wconf 86' lang='lat' dir='ltr'><strong>erat</strong></span> <span class='ocrx_word' id='word_1_309' title='bbox 783 4148 980 4217; x_wconf 82' lang='lat' dir='ltr'><strong>Dyrrachinos.</strong></span> 
     </span>
    </p>

    <p class='ocr_par' dir='ltr' id='par_1_10' title="bbox 281 4236 557 4304">
     <span class='ocr_line' id='line_1_37' title="bbox 281 4236 557 4304; baseline 0.007 -15"><span class='ocrx_word' id='word_1_310' title='bbox 281 4240 301 4304; x_wconf 84' lang='lat'><strong>³)</strong></span> <span class='ocrx_word' id='word_1_311' title='bbox 320 4236 387 4289; x_wconf 86' lang='lat' dir='ltr'><strong>bec</strong></span> <span class='ocrx_word' id='word_1_312' title='bbox 405 4245 557 4291; x_wconf 82' lang='lat' dir='ltr'><strong>verteretur.</strong></span> 
     </span>
    </p>

    <p class='ocr_par' dir='ltr' id='par_1_11' title="bbox 280 4320 1380 4394">
     <span class='ocr_line' id='line_1_38' title="bbox 280 4320 1380 4394; baseline 0.005 -20"><span class='ocrx_word' id='word_1_313' title='bbox 280 4323 302 4390; x_wconf 76' lang='lat'><strong>⁴)</strong></span> <span class='ocrx_word' id='word_1_314' title='bbox 321 4320 354 4374; x_wconf 84' lang='lat' dir='ltr'><strong>G¹</strong></span> <span class='ocrx_word' id='word_1_315' title='bbox 378 4325 590 4388; x_wconf 75' lang='lat' dir='ltr'><strong>Lpelrirlirrcneea:</strong></span> <span class='ocrx_word' id='word_1_316' title='bbox 607 4337 672 4374; x_wconf 84' lang='lat' dir='ltr'><strong>max</strong></span> <span class='ocrx_word' id='word_1_317' title='bbox 690 4321 838 4373; x_wconf 79' lang='lat' dir='ltr'><strong>haelenae</strong></span> <span class='ocrx_word' id='word_1_318' title='bbox 856 4327 911 4375; x_wconf 77' lang='lat' dir='ltr'><strong>dreni</strong></span> <span class='ocrx_word' id='word_1_319' title='bbox 931 4322 992 4390; x_wconf 86' lang='lat' dir='ltr'><strong>(pro</strong></span> <span class='ocrx_word' id='word_1_320' title='bbox 1012 4326 1075 4375; x_wconf 87' lang='lat' dir='ltr'><strong>Nam</strong></span> <span class='ocrx_word' id='word_1_321' title='bbox 1093 4327 1161 4391; x_wconf 83' lang='lat' dir='ltr'><strong>darn)</strong></span> <span class='ocrx_word' id='word_1_322' title='bbox 1232 4329 1291 4378; x_wconf 74' lang='lat' dir='ltr'><strong>iarn</strong></span> <span class='ocrx_word' id='word_1_323' title='bbox 1308 4329 1380 4394; x_wconf 77' lang='lat' dir='ltr'><strong>quot.</strong></span> 
     </span>
    </p>

    <p class='ocr_par' dir='ltr' id='par_1_12' title="bbox 214 4405 1463 4645">
     <span class='ocr_line' id='line_1_39' title="bbox 281 4405 1462 4478; baseline 0.003 -20"><span class='ocrx_word' id='word_1_324' title='bbox 281 4408 302 4472; x_wconf 76' lang='lat'><strong>⁵)</strong></span> <span class='ocrx_word' id='word_1_325' title='bbox 320 4406 411 4459; x_wconf 90' lang='lat' dir='ltr'><strong>Unum</strong></span> <span class='ocrx_word' id='word_1_326' title='bbox 431 4405 572 4475; x_wconf 89' lang='lat' dir='ltr'><strong>conceptis</strong></span> <span class='ocrx_word' id='word_1_327' title='bbox 589 4405 681 4460; x_wconf 81' lang='lat' dir='ltr'><strong>verbis</strong></span> <span class='ocrx_word' id='word_1_328' title='bbox 703 4405 869 4460; x_wconf 89' lang='lat' dir='ltr'><strong>memoravit</strong></span> <span class='ocrx_word' id='word_1_329' title='bbox 887 4406 1015 4475; x_wconf 85' lang='lat' dir='ltr'><strong>Trojum,</strong></span> <span class='ocrx_word' id='word_1_330' title='bbox 1039 4407 1088 4461; x_wconf 88' lang='lat' dir='ltr'><strong>sed</strong></span> <span class='ocrx_word' id='word_1_331' title='bbox 1104 4407 1352 4478; x_wconf 79' lang='lat' dir='ltr'><strong>Lignidonensium</strong></span> <span class='ocrx_word' id='word_1_332' title='bbox 1370 4406 1462 4463; x_wconf 81' lang='lat' dir='ltr'><strong>nonin</strong></span> 
     </span>
     <span class='ocr_line' id='line_1_40' title="bbox 214 4489 1463 4565; baseline 0.001 -23"><span class='ocrx_word' id='word_1_333' title='bbox 214 4489 375 4560; x_wconf 83' lang='lat' dir='ltr'><strong>episcopum</strong></span> <span class='ocrx_word' id='word_1_334' title='bbox 394 4489 595 4545; x_wconf 68' lang='lat' dir='ltr'><strong>&#39;theodoritum</strong></span> <span class='ocrx_word' id='word_1_335' title='bbox 614 4491 698 4545; x_wconf 85' lang='lat' dir='ltr'><strong>eliam</strong></span> <span class='ocrx_word' id='word_1_336' title='bbox 718 4507 947 4545; x_wconf 84' lang='lat' dir='ltr'><strong>commemorasse</strong></span> <span class='ocrx_word' id='word_1_337' title='bbox 966 4493 1117 4547; x_wconf 86' lang='lat' dir='ltr'><strong>censendus</strong></span> <span class='ocrx_word' id='word_1_338' title='bbox 1136 4495 1187 4552; x_wconf 80' lang='lat' dir='ltr'><strong>est</strong></span> <span class='ocrx_word' id='word_1_339' title='bbox 1226 4494 1362 4565; x_wconf 83' lang='lat' dir='ltr'><strong>Epistolae</strong></span> <span class='ocrx_word' id='word_1_340' title='bbox 1379 4512 1395 4548; x_wconf 90' lang='lat' dir='ltr'><strong>a</strong></span> <span class='ocrx_word' id='word_1_341' title='bbox 1410 4492 1463 4545; x_wconf 81' lang='lat' dir='ltr'><strong>doe</strong></span> 
     </span>
     <span class='ocr_line' id='line_1_41' title="bbox 215 4574 1048 4645; baseline 0.007 -20"><span class='ocrx_word' id='word_1_342' title='bbox 215 4574 264 4627; x_wconf 87' lang='lat' dir='ltr'><strong>bns</strong></span> <span class='ocrx_word' id='word_1_343' title='bbox 282 4575 336 4628; x_wconf 88' lang='grc'><strong>11111</strong></span> <span class='ocrx_word' id='word_1_344' title='bbox 354 4575 490 4645; x_wconf 87' lang='lat' dir='ltr'><strong>episcopie</strong></span> <span class='ocrx_word' id='word_1_345' title='bbox 509 4576 544 4629; x_wconf 91' lang='lat' dir='ltr'><strong>ad</strong></span> <span class='ocrx_word' id='word_1_346' title='bbox 563 4593 591 4628; x_wconf 91' lang='lat' dir='ltr'><strong>se</strong></span> <span class='ocrx_word' id='word_1_347' title='bbox 610 4577 707 4631; x_wconf 83' lang='lat' dir='ltr'><strong>missae</strong></span> <span class='ocrx_word' id='word_1_348' title='bbox 726 4576 837 4630; x_wconf 86' lang='lat' dir='ltr'><strong>videtur</strong></span> <span class='ocrx_word' id='word_1_349' title='bbox 854 4576 899 4630; x_wconf 90' lang='lat' dir='ltr'><strong>hie</strong></span> <span class='ocrx_word' id='word_1_350' title='bbox 916 4575 1048 4631; x_wconf 89' lang='lat' dir='ltr'><strong>indicare.</strong></span> 
     </span>
    </p>

    <p class='ocr_par' dir='ltr' id='par_1_13' title="bbox 214 4660 1462 4971">
     <span class='ocr_line' id='line_1_42' title="bbox 282 4660 1462 4734; baseline 0.004 -22"><span class='ocrx_word' id='word_1_351' title='bbox 282 4664 302 4728; x_wconf 77' lang='lat'><strong>⁶)</strong></span> <span class='ocrx_word' id='word_1_352' title='bbox 322 4660 380 4714; x_wconf 91' lang='lat' dir='ltr'><strong>Hoc</strong></span> <span class='ocrx_word' id='word_1_353' title='bbox 399 4661 487 4714; x_wconf 81' lang='lat' dir='ltr'><strong>estin</strong></span> <span class='ocrx_word' id='word_1_354' title='bbox 505 4660 640 4730; x_wconf 88' lang='lat' dir='ltr'><strong>superiori</strong></span> <span class='ocrx_word' id='word_1_355' title='bbox 659 4663 791 4732; x_wconf 86' lang='lat' dir='ltr'><strong>epistola,</strong></span> <span class='ocrx_word' id='word_1_356' title='bbox 810 4662 838 4714; x_wconf 90' lang='lat' dir='ltr'><strong>iu</strong></span> <span class='ocrx_word' id='word_1_357' title='bbox 857 4679 911 4730; x_wconf 91' lang='lat' dir='ltr'><strong>qua</strong></span> <span class='ocrx_word' id='word_1_358' title='bbox 929 4663 988 4717; x_wconf 88' lang='lat' dir='ltr'><strong>sela</strong></span> <span class='ocrx_word' id='word_1_359' title='bbox 1006 4681 1039 4717; x_wconf 86' lang='lat' dir='ltr'><strong>ex</strong></span> <span class='ocrx_word' id='word_1_360' title='bbox 1057 4663 1184 4719; x_wconf 87' lang='lat' dir='ltr'><strong>omnibus</strong></span> <span class='ocrx_word' id='word_1_361' title='bbox 1197 4664 1320 4734; x_wconf 81' lang='lat' dir='ltr'><strong>epistolis</strong></span> <span class='ocrx_word' id='word_1_362' title='bbox 1337 4664 1462 4718; x_wconf 69' lang='lat' dir='ltr'><strong>anian·</strong></span> 
     </span>
     <span class='ocr_line' id='line_1_43' title="bbox 215 4743 1462 4818; baseline 0.003 -23"><span class='ocrx_word' id='word_1_363' title='bbox 215 4743 289 4812; x_wconf 86' lang='lat' dir='ltr'><strong>poris</strong></span> <span class='ocrx_word' id='word_1_364' title='bbox 308 4745 344 4798; x_wconf 89' lang='lat' dir='ltr'><strong>ad</strong></span> <span class='ocrx_word' id='word_1_365' title='bbox 362 4745 539 4799; x_wconf 88' lang='lat' dir='ltr'><strong>Hormisdam</strong></span> <span class='ocrx_word' id='word_1_366' title='bbox 558 4747 703 4802; x_wconf 87' lang='lat' dir='ltr'><strong>destinatis</strong></span> <span class='ocrx_word' id='word_1_367' title='bbox 728 4746 785 4802; x_wconf 89' lang='lat' dir='ltr'><strong>dies</strong></span> <span class='ocrx_word' id='word_1_368' title='bbox 804 4764 860 4814; x_wconf 89' lang='lat' dir='ltr'><strong>qua</strong></span> <span class='ocrx_word' id='word_1_369' title='bbox 877 4751 993 4818; x_wconf 85' lang='lat' dir='ltr'><strong>accepta</strong></span> <span class='ocrx_word' id='word_1_370' title='bbox 1011 4750 1053 4802; x_wconf 89' lang='lat' dir='ltr'><strong>est</strong></span> <span class='ocrx_word' id='word_1_371' title='bbox 1070 4751 1191 4804; x_wconf 87' lang='lat' dir='ltr'><strong>notatur.</strong></span> <span class='ocrx_word' id='word_1_372' title='bbox 1227 4749 1301 4804; x_wconf 88' lang='lat' dir='ltr'><strong>Hinc</strong></span> <span class='ocrx_word' id='word_1_373' title='bbox 1317 4752 1346 4804; x_wconf 89' lang='lat' dir='ltr'><strong>et</strong></span> <span class='ocrx_word' id='word_1_374' title='bbox 1360 4744 1462 4817; x_wconf 80' lang='lat' dir='ltr'><strong>anpen&#39;e</strong></span> 
     </span>
     <span class='ocr_line' id='line_1_44' title="bbox 215 4828 1462 4904; baseline 0.006 -24"><span class='ocrx_word' id='word_1_375' title='bbox 215 4845 273 4881; x_wconf 90' lang='lat' dir='ltr'><strong>rem</strong></span> <span class='ocrx_word' id='word_1_376' title='bbox 291 4828 437 4898; x_wconf 87' lang='lat' dir='ltr'><strong>epistolam</strong></span> <span class='ocrx_word' id='word_1_377' title='bbox 455 4831 519 4885; x_wconf 90' lang='lat' dir='ltr'><strong>hnic</strong></span> <span class='ocrx_word' id='word_1_378' title='bbox 536 4833 660 4900; x_wconf 84' lang='lat' dir='ltr'><strong>proxime</strong></span> <span class='ocrx_word' id='word_1_379' title='bbox 674 4832 814 4901; x_wconf 87' lang='lat' dir='ltr'><strong>anteponi,</strong></span> <span class='ocrx_word' id='word_1_380' title='bbox 832 4850 887 4887; x_wconf 89' lang='lat' dir='ltr'><strong>non</strong></span> <span class='ocrx_word' id='word_1_381' title='bbox 906 4841 937 4886; x_wconf 86' lang='lat' dir='ltr'><strong>ut</strong></span> <span class='ocrx_word' id='word_1_382' title='bbox 954 4832 1030 4904; x_wconf 84' lang='lat' dir='ltr'><strong>prius</strong></span> <span class='ocrx_word' id='word_1_383' title='bbox 1046 4833 1177 4904; x_wconf 86' lang='lat' dir='ltr'><strong>postponi</strong></span> <span class='ocrx_word' id='word_1_384' title='bbox 1191 4835 1329 4900; x_wconf 85' lang='lat' dir='ltr'><strong>debuisse,</strong></span> <span class='ocrx_word' id='word_1_385' title='bbox 1342 4832 1462 4900; x_wconf 76' lang='lat' dir='ltr'><strong>mihipn</strong></span> 
     </span>
     <span class='ocr_line' id='line_1_45' title="bbox 214 4916 394 4971; baseline 0.033 -6"><span class='ocrx_word' id='word_1_386' title='bbox 214 4930 326 4967; x_wconf 85' lang='lat' dir='ltr'><strong>suasum</strong></span> <span class='ocrx_word' id='word_1_387' title='bbox 345 4916 394 4971; x_wconf 87' lang='lat' dir='ltr'><strong>cst.</strong></span> 
     </span>
    </p>
   </div>
   <div class='ocr_carea' id='block_1_9' title="bbox 0 0 1626 5506">
    <p class='ocr_par' dir='ltr' id='par_1_14' title="bbox 0 0 1626 5506">
     <span class='ocr_line' id='line_1_46' title="bbox 0 0 1626 5506; baseline 0 0"><span class='ocrx_word' id='word_1_388' title='bbox 0 0 1626 5506; x_wconf 95' lang='lat' dir='ltr'><strong> </strong></span> 
     </span>
    </p>
   </div>
  </div>
 </body>
</html>
