3204 5506
10 1462 68 1509 123.

511 344 704 394 EPISTOLAE
730 334 787 390 147
797 369 836 375 -
847 335 917 392 149.

1285 325 1346 390 987

83 502 223 566 [definitis
247 505 279 564 et
302 502 334 564 in
359 499 670 564 Calchedonensibus
693 499 851 562 desinens
898 499 1043 562 canones
1070 501 1192 579 abtem,
1222 496 1276 579 qui
1304 496 1347 558 di-

84 608 199 668 cuntur
215 603 440 686 apostolorum,
457 606 489 665 et
501 601 698 666 Sardiconsis
715 600 841 665 concilii
854 603 949 685 atque
965 600 1138 663 Africanae
1154 597 1347 683 provinciae,

82 729 161 790 qnos
183 728 248 768 non
272 704 400 768 admisit
422 704 629 786 universitas,
654 726 714 787 ogo
736 725 859 787 qnoque
881 703 915 765 in
938 702 997 765 hoc
1020 724 1114 786 opero
1137 698 1347 786 praetermisi,

83 810 168 892 qnia,
194 811 228 870 ut
251 807 395 890 superius
417 807 559 890 memini,
590 805 705 869 athos
728 806 760 867 in
784 805 839 867 illa
862 804 964 888 prima
986 804 1104 887 digessi
1127 802 1347 883 translatione,

83 914 116 973 et
139 913 173 973 ut
195 912 300 973 vestra
324 908 513 991 paternitas,
537 907 727 972 auctoritate
748 929 809 990 qna
825 909 975 970 tenentur
990 905 1141 971 ecclesiae
1157 903 1347 985 Onentales,

82 1013 239 1097 ‹piaesivit
261 1032 443 1095 agnoscere.

580 1213 760 1317 Epistola
788 1214 854 1296 149

695 1366 742 1402 seu

204 1464 257 1519 Ex
279 1463 422 1531 epistola
444 1462 619 1530 encyclica
640 1462 841 1518 Hormisdae
863 1476 970 1530 papae
993 1464 1229 1529 fragmentum.

132 1629 210 1688 Τοῦ
234 1621 353 1705 ἁγίου
371 1621 562 1706 Όρμίσδα
584 1621 692 1686 πόπα

164 1724 692 1809 Ῥῶμηςέκτηςέγκυκλίου

168 1825 295 1891 αὐτοῦ
320 1826 550 1909 ἐπιστόλης.

123 1943 693 2031 Wfflmmfflhmmm

83 2049 218 2135 συνόδῳ
234 2048 427 2132 πραχθέντα
439 2044 477 2111 τό
493 2041 691 2128 ἀσάλευτον,

85 2152 124 2216 έν
146 2144 169 2237 ᾖ
186 2146 339 2233 Εὐτυχής
362 2146 379 2212 ὁ
403 2146 568 2233 δυσσεβὴς
591 2173 692 2213 κατα-

86 2255 247 2336 κέκριται,
270 2254 350 2335 μίαν
374 2251 480 2335 φύσιν
497 2251 535 2316 ἐν
549 2255 595 2336 τῷ
610 2256 691 2334 Χρι-

84 2359 151 2438 στῷ
185 2353 392 2437 βουλόμενος
421 2349 523 2435 εἶναι,
558 2353 694 2436 καὶτῆς

84 2453 210 2539 σαρκός
222 2452 430 2539 ἀρνούμενος
441 2453 503 2539 τήν
516 2453 691 2539 ἀλήθειαν,

85 2559 125 2623 έν
144 2562 333 2642 Χριστιννῶ
356 2559 462 2641 δῆθεν
484 2558 691 2642 προσχήματι

84 2656 146 2742 τὴν
190 2656 405 2742 Μανιχαϊκήν
448 2664 488 2744 τη
533 2658 693 2745 ἐκκλησίᾳ

85 2759 329 2844 παρεισφέρειν
351 2760 557 2845 κειρόμενος
578 2761 690 2838 δόξαν.

88 2863 131 2927 Ei
156 2860 221 2944 γόρ
251 2862 289 2926 ἐν
316 2866 362 2947 τῷ
391 2863 535 2947 δεσπότῃ
558 2867 693 2948 Χριστῷ

84 2962 237 3029 όπῶλετο
260 2967 329 3026 τῶν
344 2963 483 3046 φύσεων
502 2963 521 3048 ἡ
539 2961 692 3048 α’λήθεια,

85 3066 143 3131 καὶ
171 3064 293 3148 κρύσιν
325 3063 362 3128 τό
394 3067 432 3130 ἐν
460 3065 598 3151 ἑκατέρα
626 3071 693 3130 τῶν

85 3164 214 3232 οὐσιῶν
248 3162 427 3250 ὑπέμεινεν
455 3168 561 3247 ίδιον,
595 3169 694 3232 δυοῖν

85 3267 216 3352 ὐνόγκη
238 3265 403 3349 θόίτερον·
429 3267 623 3352 ἢθεότητος
641 3269 692 3334 λέ-

85 3394 160 3454 γειν
183 3367 421 3454 παρατροπην,
451 3373 506 3434 καί
532 3368 569 3434 τό
598 3373 695 3453 λεγό-

85 3496 192 3556 μενον
231 3473 276 3547 είς
312 3469 463 3555 κεφαλὴν
503 3478 570 3537 τῶν
607 3471 695 3538 οὕτω

85 3572 316 3639 πιστευόντων
339 3577 490 3657 τραπείη,
513 3569 534 3658 ἢ
556 3580 613 3658 τῆς
636 3574 695 3640 όν-

85 3680 259 3757 θρωπείας
281 3671 509 3758 ’δπομεινόσης
530 3674 591 3740 τόν
606 3675 693 3761 ἀφα-

89 3775 221 3860 νισμόν,
245 3781 285 3861 τῇ
309 3774 393 3859 πρός
407 3774 467 3839 τόν
483 3778 597 3859 Λόγον
612 3777 702 3843 ἑνῶ-’

87 3897 140 3943 σει
168 3877 275 3961 ἄλλην
303 3875 378 3942 τινὰ
414 3882 530 3962 τρίτην
562 3878 695 3957 οὐσίαν,

87 3979 173 4061 ὅπερ
185 3976 226 4043 οὐ
237 3979 344 4064 θέμις,
358 3980 576 4062 ἐργάσασθαι.
598 3980 696 4047 Ἀλλὰ

85 4081 180 4167 μένει
208 4085 275 4146 τῶν
303 4080 469 4165 ἑκατέρων
502 4080 629 4148 οὐσιῶν
658 4082 695 4148 τό

85 4185 233 4265 τέλειον,
270 4184 325 4246 καὶ
359 4183 494 4263 σώζεται
529 4191 590 4249 τοῦ
626 4191 695 4249 τῶν

86 4282 216 4349 οὐσιῶν
241 4283 286 4361 ῶς
306 4286 361 4350 καί
383 4287 522 4369 φύσεων
549 4290 695 4370 ἔχουσα

89 4386 106 4472 ἡ
132 4387 292 4470 ἐνέργεια.

787 1623 925 1688 Sancti
959 1623 1190 1687 Horiuisdae
1212 1626 1350 1706 'papae

828 1725 970 1789 Romae
1036 1748 1079 1788 ex
1144 1723 1350 1808 encyclica

829 1827 1003 1910 epistola
1030 1826 1125 1910 ejus

786 1946 933 2010 Teneant
966 1947 1169 2030 inconcusse,
1208 1967 1287 2029 quae
1316 1945 1350 2008 in

744 2050 857 2112 sancta
872 2048 993 2130 synodo
1004 2047 1255 2114 Calchedonensi
1278 2050 1351 2110 aeta

745 2153 835 2232 sunt,
874 2149 908 2213 in
945 2171 1007 2234 qua
1039 2150 1155 2233 impius
1188 2149 1351 2233 Eutyches

746 2252 973 2316 condemnatus
1023 2255 1072 2315 est
1078 2301 1086 2333 ,
1146 2251 1180 2315 in
1225 2250 1351 2316 Christo

745 2376 842 2417 unam
878 2357 1028 2418 naturam
1067 2375 1134 2418 esse
1173 2353 1282 2418 volens
1319 2356 1352 2417 et

746 2457 850 2520 carnis
895 2456 1062 2520 veritatem
1105 2476 1244 2540 negans,
1295 2477 1352 2538 per

744 2557 883 2641 speciem
905 2556 1079 2623 Christiani
1109 2556 1257 2623 videlieet
1285 2556 1351 2620 Ma-

744 2660 945 2742 nichaeam¹)
970 2659 1164 2724 sententiam
1186 2660 1219 2724 in
1242 2658 1350 2724 Eccle-

745 2763 825 2826 siam
848 2762 1109 2826 subintroducere
1131 2765 1272 2826 tentans.
1318 2763 1350 2825 Si

745 2864 830 2928 enim
857 2866 892 2928 in
919 2864 1047 2928 domino
1070 2863 1196 2928 Christo
1223 2867 1351 2927 natura-

745 2988 815 3030 rum
844 2967 960 3030 veritas
987 2966 1092 3029 deleta
1120 2969 1152 3028 et
1174 2966 1351 3048 proprietas

745 3067 908 3152 utriusque
936 3066 1134 3131 substantiae
1157 3067 1351 3130 commixtio-

744 3192 818 3233 nem
841 3192 935 3252 passa
941 3219 950 3250 ,
985 3169 1118 3231 duorum
1140 3168 1276 3232 alterum
1297 3190 1351 3232 nc·

747 3294 833 3335 cesse
870 3275 932 3336 est:
977 3272 1033 3333 aut
1068 3269 1206 3334 Deitatis
1248 3271 1352 3334 (licere

747 3373 1001 3454 conversionem,
1025 3375 1057 3436 et
1072 3372 1191 3435 dictum
1212 3372 1297 3437 istud
1319 3373 1351 3437 in

747 3478 844 3557 caput
872 3475 917 3538 ita
943 3474 1139 3538 credentium
1161 3478 1351 3559 verteretur,

747 3581 803 3640 aut
824 3577 1024 3640 humanitate
1040 3576 1229 3639 deletionem
1245 3600 1350 3660 passa,

747 3678 890 3742 unitione
918 3677 1017 3741 Verbi
1054 3678 1149 3741 aliam
1183 3679 1351 3762 quamdam

746 3781 875 3843 tertiam
904 3780 1125 3863 substantiam,
1156 3782 1239 3865 quod
1261 3782 1351 3844 nefas

748 3886 810 3964 est,
850 3883 994 3946 effectam
1024 3903 1100 3945 esse.
1152 3881 1212 3946 Sed
1244 3886 1353 3946 manet

747 3984 911 4067 utriusque
954 3984 1150 4048 substantiae
1187 3984 1351 4067 perfectio,

747 4090 779 4149 ct
819 4090 963 4149 servatur
1005 4086 1147 4169 operatio
1183 4108 1264 4169 quae
1304 4091 1352 4149 est

746 4187 998 4251 substantiarum
1034 4186 1117 4252 sicut
1155 4190 1187 4250 ot
1223 4191 1352 4252 natura·

745 4311 825 4352 rum.

90 4634 137 4681 149
175 4629 193 4694 ¹)
212 4628 243 4678 In
262 4626 304 4679 bis
323 4628 351 4679 et
369 4627 548 4692 sequentibus
566 4631 690 4683 υοοίοιτυ
704 4629 817 4695 juvcrit.
837 4629 1067 4696 qooaolioimisda
1085 4627 1220 4681 simillimo
1233 4628 1353 4696 opinio

85 4718 143 4767 οῗ
163 4713 191 4766 et
212 4718 256 4764 141
277 4721 334 4766 nb
353 4712 486 4781 deputat.
508 4708 584 4766 'Sub
603 4715 684 4767 {inem
705 4713 832 4782 ἔχουσα
852 4714 913 4766 loeo
933 4713 1072 4783 ἔχουσιν
1092 4713 1265 4766 correximus.
