3204 5506
186 319 249 383 oet
614 341 639 382 s.
657 337 841 385 nnnsrasn
864 338 889 383 11
912 337 1025 384 caetu

63 489 184 554 (11497.)
221 501 334 549 trucicata
352 507 389 549 tot
408 493 596 561 tempestatibus
613 501 672 541 octa
691 494 759 542 Dens
777 496 802 541 iu
821 500 892 543 tento
909 496 1027 558 principe
1042 493 1177 545 Ecclesiae
1195 512 1256 546 caer
1270 498 1408 560 maudei-it,

668 579 711 642 qai
727 579 808 642 posmt
827 594 880 626 rum
898 581 972 627 tueri.

339 712 571 797 Oludoeeo¹)
594 710 833 774 Anastasius
856 711 1077 795 episeopus.

270 840 390 923 ibrum,
420 835 557 920 gloriose
585 831 646 912 iili,
682 831 715 892 in
739 829 923 894 Christiana
944 830 1005 894 fide
1035 852 1108 895 cum
1136 832 1266 897 exordio
1285 823 1423 898 noemin

187 943 377 1027 pontificatu
406 934 610 1021 contigisse²)
639 930 848 1017 gratulamur.
901 932 1025 1015 Quippe
1053 933 1144 998 sedes
1172 933 1260 998 Petri
1291 934 1322 999 in
1348 927 1420 997 iuui⁸

186 1046 354 1110 occasione
377 1064 441 1106 non
465 1040 572 1124 potest
593 1058 658 1099 non
680 1034 803 1114 laetari,
828 1055 924 1117 quum
939 1032 1174 1116 plenitudinem
1189 1036 1330 1121 gentium
1342 1037 1417 1101 into?

187 1151 239 1212 tur
261 1148 301 1210 ael
324 1168 395 1210 eam
417 1141 516 1207 veloci
539 1138 641 1223 gratm
664 1156 862 1216 concurrere,
887 1137 919 1198 et
941 1157 998 1218 per
1018 1138 1200 1220 temporum
1217 1138 1319 1222 spatia
1332 1121 1419 1221 repleri

187 1271 351 1335 erigenam,
375 1268 470 1332 quarn
493 1244 527 1306 in
549 1241 649 1304 altum
668 1239 778 1321 jussus
800 1239 848 1300 cst
869 1237 997 1300 mittere
1019 1237 1104 1301 idem
1126 1239 1269 1322 piscator
1289 1238 1422 1304 hominum

186 1356 220 1417 et
247 1350 392 1416 coelestis
414 1345 593 1412 Jerusalem
621 1342 734 1404 beatus
763 1338 912 1422 claviger,
958 1339 1048 1413 Quod
1075 1341 1246 1405 serenitati
1276 1344 1349 1407 tuae
1369 1341 1429 1405 insi.

186 1475 287 1518 nuare
308 1451 464 1515 voluimus
487 1469 544 1532 per
559 1443 744 1508 Eumerium
766 1439 997 1524 presbyterum,
1022 1443 1058 1504 nt
1072 1464 1171 1525 quum
1187 1443 1349 1510 audiveris
1362 1443 1437 1508 laeti
1503 1444 1506 1475 ¹

186 1557 265 1619 tiam
287 1555 405 1638 patris,
436 1571 560 1615 crescas
587 1547 621 1610 in
651 1545 742 1607 bonis
770 1542 934 1626 operibus,
964 1541 1098 1626 impleas
1120 1544 1278 1629 gaudium
1299 1550 1445 1630 nostruin,

186 1661 219 1722 et
240 1657 285 1721 sis
307 1677 424 1720 corona
446 1655 566 1732 nostra,
590 1646 792 1732 gaudeatque
807 1647 909 1707 mater
924 1642 1070 1708 Ecclesia
1084 1644 1123 1709 de
1138 1647 1225 1710 tanti
1240 1647 1344 1733 regis,
1366 1670 1451 1734 quem

187 1780 289 1842 nuper
311 1757 378 1820 Deo
406 1754 546 1840 peperit,
576 1749 733 1834 proiectu.
784 1746 937 1810 Laetifica
966 1767 1058 1830 erge,
1093 1747 1235 1832 gloriose
1264 1753 1301 1814 et
1327 1750 1457 1817 illustris

185 1861 242 1943 fili,
266 1864 401 1923 matrem
423 1861 522 1937 tuam,
546 1856 579 1917 ct
600 1855 668 1915 esto
691 1850 738 1913 illi
760 1849 794 1911 in
817 1848 998 1912 columnam
1020 1848 1174 1913 ferream!
1211 1849 1305 1915 Nam
1327 1853 1461 1940 refrige

185 1964 247 2028 scit
270 1963 387 2026 caritas
408 1957 590 2037 multorum,
615 1958 647 2017 et
669 1952 824 2015 malorum
839 1949 1004 2013 bominum
1020 1950 1159 2015 versutie
1177 1952 1341 2019 navicula
1354 1960 1466 2021 nostru

185 2065 261 2129 foris
284 2063 433 2127 fluctibus
457 2060 615 2144 agitatur,
651 2059 683 2118 et
711 2052 973 2136 ‹lespumarrtibus
1002 2052 1095 2116 undis
1122 2054 1353 2137 pertunditur.
1407 2057 1468 2125 Sed

185 2188 349 2252 speramus
372 2164 405 2228 in
428 2184 517 2246 spem
541 2162 653 2224 contra
675 2178 774 2240 spem,
799 2159 832 2219 et
847 2154 1019 2218 Dominum
1040 2153 1276 2242 collaudamus,
1303 2160 1363 2245 qui
1387 2163 1471 2228 eterit

184 2274 216 2333 te
240 2269 278 2332 de
301 2267 459 2351 potestate
482 2262 686 2327 tenebrarum
718 2258 806 2322 etin
828 2260 920 2321 tanto
943 2256 1088 2341 principe
1115 2259 1262 2342 providit
1287 2260 1471 2347 Ecclesiae,

184 2372 239 2456 qui
262 2369 363 2454 possit
385 2390 455 2431 eam
477 2365 560 2429 tueri
584 2367 616 2426 et
639 2364 751 2425 eontra
768 2362 971 2423 occurrentes
993 2359 1221 2442 pestiferorum
1245 2368 1395 2431 conatus
1418 2388 1473 2453 ga

185 2474 267 2536 leam
290 2470 402 2534 salutis
425 2468 566 2531 induere.
612 2464 715 2547 Perge
738 2464 853 2547 igitur,
877 2461 992 2525 dilecte
1015 2464 1047 2525 et
1068 2461 1209 2545 gloriose
1232 2464 1305 2548 fili,
1330 2471 1371 2532 ut
1387 2469 1473 2534 Deus

185 2574 387 2656 omnipotens
409 2569 615 2633 serenitatem
637 2570 726 2630 tuam
754 2568 787 2629 ct
814 2585 949 2648 regnum
972 2564 1171 2647 protectione
1196 2566 1341 2633 coelesti
1364 2593 1473 2656 prose

184 2679 316 2760 quatur,
346 2676 378 2737 et
400 2671 524 2755 rrrrgelis
552 2671 617 2733 suis
645 2668 791 2749 mandet,
822 2670 857 2729 ut
886 2665 1069 2730 custodiant
1095 2669 1129 2730 te
1157 2667 1195 2731 in
1224 2672 1391 2737 omnibus
1415 2675 1472 2739 viis

184 2778 259 2860 tuis,
284 2780 316 2840 et
338 2776 393 2838 det
415 2773 474 2838 tibi
497 2773 531 2836 in
555 2772 689 2835 circuitu
712 2770 750 2833 de
773 2769 912 2832 inimicis
934 2769 999 2832 suis
1022 2768 1206 2833 victorium!

702 2956 882 3060 Epistola
907 2958 941 3040 3.

54 3133 89 3198 (a.
100 3134 171 3199 111.)
321 3115 503 3181 Anastasii
526 3114 565 3178 ΙΙ
589 3129 699 3196 papae
721 3110 764 3176 atl
788 3111 1026 3175 Laurentium
1049 3108 1092 3176 dc
1114 3091 1332 3202 11ίὲ1111101).

216 3261 260 3308 Aa
275 3259 445 3321 prontificctum
463 3271 553 3304 recens
571 3260 712 3318 ‹rssrrruptas
727 3268 778 3316 pro
790 3253 913 3301 medicina
929 3251 1098 3301 orthodoxiae
1115 3257 1142 3300 et
1161 3253 1194 3301 tle
1212 3268 1292 3306 nore
1310 3258 1434 3309 decem
1472 3258 1511 3327 pt

466 3357 519 3389 ram
536 3356 636 3389 sitorum
652 3340 786 3401 [ternariam
801 3338 864 3399 fidei
880 3338 916 3386 cd
932 3337 1052 3386 eeclesias
1070 3337 1153 3386 mittit.

270 3479 295 3538 l.
334 3475 371 3539 ln
400 3473 584 3557 prolixitate
612 3471 765 3554 epistolae
793 3469 973 3533 dilectionis
1001 3473 1075 3533 tuac
1102 3491 1227 3555 magno
1257 3495 1322 3539 nos
1345 3477 1465 3562 gaudio

251 3717 269 3780 ¹)
289 3712 333 3766 Sic
352 3712 466 3780 vulgati⁴
499 3712 536 3763 nt
553 3710 650 3763 Petrus
668 3708 837 3762 delalande
855 3710 885 3761 ot
897 3706 1018 3761 Cointius
1036 3707 1173 3762 11111491
1191 3690 1464 3781 11111111911111111111

179 3806 292 3869 glorioso
311 3811 335 3851 et
353 3803 451 3851 ittae-tri.
488 3799 617 3850 Ceterum
640 3794 721 3863 liujus
743 3793 817 3862 regis
840 3809 940 3846 nomen
963 3791 1039 3847 varic
1065 3792 1140 3863 apud
1163 3793 1302 3865 antiquos
1327 3802 1462 3871 scriptum

181 3883 330 3954 reperitur:
352 3888 498 3944 Clorlooeus,
517 3886 680 3940 Cblodoueas,
701 3885 871 3940 Cblotouccas,
892 3882 1072 3943 Ottodovecus,
1089 3883 1257 3943 Cluderecrrs,
1278 3887 1381 3949 Ludite,
1400 3891 1461 3940 Hla-

179 3975 288 4028 dooirus,
308 3973 457 4022 Ludocirus.

246 4057 267 4121 ²)
287 4053 456 4107 Subauditur
473 4057 615 4118 exordium,
634 4065 689 4119 quc
707 4049 763 4103 scil.
778 4049 931 4103 Clodovcus
944 4046 1128 4102 Christianam
1145 4047 1233 4103 fidem
1247 4050 1392 4123 baptimi
1403 4072 1462 4127 per·

179 4138 306 4208 ceptione
325 4137 449 4206 profiteri
468 4137 567 4205 coepit.
605 4134 689 4204 Atqui
708 4149 780 4188 turno
799 4139 848 4187 tao
863 4134 925 4202 jam
943 4133 1055 4186 labente
1072 4132 1109 4199 ((1.
1129 4139 1162 4187 24
1174 4133 1263 4205 Nou.)
1287 4139 1462 4195 Anniam

178 4223 370 4292 pontificatum
390 4221 522 4290 suscepit,
547 4220 633 4288 igitur
651 4238 712 4273 cnm
730 4219 856 4288 ejusdcm
874 4217 939 4272 anni
958 4218 1033 4271 exitu
1051 4217 1207 4288 baptismus
1227 4220 1373 4280 Clodovei
1390 4242 1462 4280 ccm-

178 4309 322 4377 ponendus
342 4310 391 4362 est.
428 4306 477 4359 Cui
496 4307 592 4375 aperte
611 4306 780 4374 subiugatur
798 4303 926 4357 attritus
944 4303 1118 4369 Viennensis,
1145 4304 1269 4373 epistola
1288 4314 1325 4362 41
1351 4317 1463 4365 utute·

180 4398 280 4447 consini
297 4392 369 4445 diem
390 4389 607 4459 regenerationis
627 4390 699 4458 regis
720 4389 888 4457 significans,
911 4388 952 4442 ita
969 4390 1001 4441 ut
1018 4388 1173 4458 baptismus
1195 4389 1246 4445 ille
1263 4391 1322 4449 {die
1341 4400 1378 4449 25
1395 4394 1460 4451 Dec.

178 4484 264 4532 114911
284 4478 426 4546 srrsceptns
445 4493 503 4528 esse
522 4474 653 4529 dicendus
672 4475 713 4527 sit.
752 4474 822 4527 llinc
844 4473 1021 4543 perspicuum
1039 4476 1093 4539 est,
1115 4474 1145 4526 et
1160 4472 1379 4546 Fredegarium
1396 4479 1461 4535 hiet

179 4578 201 4613 c.
217 4568 248 4614 ‘21
268 4564 296 4615 ot
314 4562 495 4616 Hincrnarmn
513 4567 586 4629 epi
605 4580 626 4614 o.
640 4567 670 4614 17
689 4560 736 4626 (ud
754 4559 857 4612 Ludor.
877 4576 935 4626 reg.
952 4558 1057 4627 Germ.)
1076 4559 1105 4612 ct
1122 4575 1165 4628 ep.
1181 4566 1216 4614 14
1234 4577 1257 4616 c
1274 4568 1311 4617 14
1331 4564 1383 4631 (ad
1398 4582 1462 4637 pro

179 4662 253 4699 ceres
272 4647 350 4715 regni
369 4647 477 4713 Franc.)
497 4645 562 4711 falli,
585 4664 669 4714 quum
688 4644 856 4699 Clodovenm
875 4643 902 4696 in
920 4642 1017 4712 vigilia
1034 4650 1118 4698 saneti
1136 4648 1257 4701 Paschae
1276 4647 1461 4721 bsph‘ntum

178 4731 308 4785 scribunt.

246 4819 265 4881 ¹)
287 4817 314 4868 111
334 4819 367 4868 111
382 4818 417 4869 G’
435 4816 478 4869 hic
497 4816 575 4869 deest-
593 4834 644 4868 vox
664 4821 821 4883 episcopam:
845 4815 893 4868 scil
911 4814 940 4867 111
957 4813 1071 4883 praevio
1090 4813 1183 4870 indice
1202 4820 1341 4887 gemuli
1358 4824 1460 4879 enta&

177 4898 332 4968 Utrobique
351 4904 444 4954 autem
463 4901 620 4954 inscribitur
639 4901 740 4955 Gelasii
759 4901 878 4954 nomine.
