3204 5506
176 336 217 397 38
542 346 676 395 mouera
699 345 850 394 reanum
875 346 911 395 ua
933 345 1073 395 eannsu

176 511 294 567 voluisse
316 508 465 567 credendus
481 518 524 565 est
538 508 659 564 Gelasius
675 507 804 571 Leonem,
830 509 875 582 qui
897 509 924 563 in
945 505 1025 563 rebus
1041 509 1190 582 gravissimi
1207 511 1349 573 momenti,
1374 526 1444 584 quas

176 598 262 672 primo
278 596 407 652 dictasset
422 594 537 658 litteras,
554 610 760 668 recognoscere,
777 593 885 649 elimare
896 601 923 649 et
935 592 1071 668 perpolire
1083 610 1138 649 non
1154 594 1321 667 gravabatur,
1339 597 1444 668 quique

176 681 319 756 aliquando
335 681 414 736 etiam
430 679 528 754 duplex
548 680 645 753 legatis
666 679 814 736 litterarum
835 695 944 734 suarum
961 677 1081 734 tradebat
1097 678 1263 753 exemplum,
1287 697 1369 736 unum
1385 698 1443 735 am-

177 767 257 842 plius,
272 768 301 822 in
316 782 370 840 quo
387 765 516 839 quaedam
539 763 766 826 adnectebantur,
783 781 852 838 quae
866 781 917 837 pro
934 772 1056 838 ternpore
1071 763 1182 820 dicenda
1197 764 1239 820 vel
1255 765 1366 822 tacenda
1382 783 1445 820 cre·

177 852 266 914 deret.
296 850 424 912 alterum,
453 860 542 924 aquo
564 851 629 905 baec
645 848 768 912 aberant,
795 866 943 923 eorumque
958 847 1131 923 permittebat
1146 849 1318 923 prudentiae,
1350 859 1445 906 utrum

176 936 335 999 redderent,
354 935 445 1009 quales
461 952 502 991 er.
521 952 562 1010 gr.
579 943 644 990 sunt
659 933 757 990 Leonis
774 933 905 1007 epistolae
919 933 967 996 12.
984 933 1025 991 30
1040 941 1068 988 et
1083 926 1163 1006 31¹).
1195 933 1312 991 Leonem
1328 953 1404 999 vero,
1422 936 1446 991 si

176 1030 269 1078 nostra
286 1039 337 1077 nos
353 1037 407 1077 non
423 1019 492 1076 lallit
512 1021 617 1094 opinio,
639 1022 666 1076 in
688 1037 721 1075 eo
743 1020 861 1075 imitatus
883 1027 925 1075 est
947 1017 1076 1080 Gelasius,
1099 1035 1132 1074 eo
1153 1019 1226 1093 quod
1247 1037 1315 1095 opus
1331 1020 1446 1077 rudiore

177 1106 303 1182 penicillo
318 1107 434 1179 primum
450 1105 613 1161 delineatum
628 1103 801 1178 postmodum
816 1101 946 1178 perlicere
961 1113 1042 1177 atque
1058 1101 1182 1160 omnibus
1194 1106 1312 1161 numeris
1324 1107 1382 1161 suis
1399 1123 1445 1162 ex·

176 1193 252 1267 plere
267 1193 342 1247 uisus
358 1199 409 1247 est.
440 1191 477 1246 dc
492 1191 579 1264 primo
596 1190 704 1263 quidem
720 1189 825 1245 brevius
841 1189 972 1263 epistolae
993 1187 1075 1259 hujus
1091 1190 1241 1264 exemplum
1257 1207 1312 1247 non
1327 1191 1446 1262 alicujus

176 1276 276 1333 librarii
293 1293 375 1350 opera
390 1284 542 1332 truncatum
564 1292 639 1338 esse,
660 1274 708 1330 sed
730 1274 813 1330 veluti
832 1275 948 1349 prinrum
969 1275 1106 1348 specimen
1127 1273 1159 1329 ab
1180 1276 1239 1349 ipso
1256 1276 1361 1332 Gelasio
1378 1295 1446 1333 con·

176 1363 307 1436 scriptum
323 1359 413 1417 baberi
429 1359 527 1417 debere
542 1360 605 1416 inde
620 1359 697 1415 nobis
719 1376 877 1433 persuasum
899 1367 954 1422 est,
977 1358 1050 1432 quod
1071 1376 1125 1415 uon
1150 1376 1203 1416 uno
1225 1361 1266 1417 vel
1288 1361 1374 1418 altero
1398 1370 1446 1417 aut

178 1448 269 1522 paucis
284 1446 351 1503 locis
367 1453 500 1501 mutatum
515 1444 707 1508 mutilatumve,
724 1446 746 1500 si
762 1462 822 1501 cum
838 1444 924 1500 altero
940 1443 1104 1507 conseratur,
1119 1454 1253 1518 appareat,
1269 1445 1316 1501 scd
1329 1463 1342 1501 a
1355 1448 1447 1520 capite

179 1532 211 1587 ad
227 1531 340 1594 calcem,
356 1532 448 1605 paucis
464 1530 588 1601 adjectis,
604 1529 727 1604 pluribus
745 1531 839 1594 tacitis,
856 1529 943 1585 verbis
959 1531 1155 1603 sententiisque
1170 1530 1316 1586 identidem
1332 1533 1447 1588 mutatis

178 1618 277 1691 passim
299 1615 395 1672 abillo
416 1616 558 1689 discrepet.
597 1614 695 1671 lleinde
716 1631 779 1671 vero
801 1614 969 1689 exploratum
991 1613 1134 1677 habentes,
1156 1615 1183 1669 id
1205 1632 1298 1678 omne,
1321 1616 1396 1690 quod
1418 1618 1449 1673 in

179 1701 309 1776 ampliore
324 1700 447 1775 exemplo
463 1700 610 1772 adjectum,
632 1707 782 1756 resecatum
806 1708 971 1756 mutatumve
988 1708 1045 1761 est,
1067 1700 1108 1755 vel
1129 1698 1161 1754 ad
1177 1701 1293 1756 nitorem
1308 1703 1448 1758 sermonis

180 1787 220 1843 vel
236 1786 268 1842 ad
283 1786 477 1860 elegantiorem
493 1787 622 1842 orationis
638 1801 735 1841 nerum
751 1785 843 1841 autad
859 1784 1007 1859 pleniorem
1022 1784 1156 1841 laetorum
1172 1787 1377 1860 expositionem,
1394 1804 1449 1843 seu

179 1873 211 1928 ad
227 1870 392 1927 amoliendos
407 1879 489 1945 atque
504 1870 667 1927 amovendos
688 1888 784 1926 sensus
806 1870 966 1934 nonnullos,
990 1871 1036 1943 qui
1063 1887 1095 1926 er
1115 1870 1281 1943 simplicibus
1301 1888 1332 1927 ac
1354 1874 1449 1929 minus

179 1960 248 2031 aptis
263 1957 362 2030 prioris
378 1956 493 2030 exempli
509 1956 587 2012 dictis
602 1954 693 2011 subire
709 1957 811 2012 animos
827 1964 954 2030 possent,
970 1954 1087 2029 denique
1102 1955 1134 2011 ad
1151 1966 1375 2030 argumentorum
1391 1959 1448 2014 rim

179 2041 329 2117 aagendam
344 2041 386 2097 vel
397 2041 582 2098 illustrandam
598 2040 759 2104 conducere,
775 2043 963 2097 incunctanter
967 2040 1156 2110 judicavimus,
1171 2041 1223 2097 boc
1235 2059 1288 2098 nou
1301 2060 1371 2117 opus
1384 2061 1450 2100 esse

179 2127 390 2201 interpolatoris,
406 2126 454 2182 sed
470 2128 554 2201 ipsius
567 2126 673 2190 Gelasii,
691 2128 736 2200 qui
751 2126 818 2182 nibil
834 2125 1027 2201 negligendum
1042 2125 1132 2190 duxit,
1150 2135 1179 2183 ut
1189 2128 1320 2201 scriptum
1333 2127 1366 2185 ad
1378 2146 1449 2186 con-

179 2213 308 2269 ciliandos
324 2212 439 2268 Graecos
455 2212 498 2268 vel
512 2211 544 2267 ad
561 2220 666 2268 ceteros
684 2211 714 2266 ab
736 2228 830 2267 eorum
845 2211 989 2267 schismate
1005 2211 1164 2268 avertendos
1181 2228 1239 2268 ase
1255 2215 1449 2270 concinnatum

179 2299 297 2354 inumeris
313 2296 436 2353 omnibus
450 2296 609 2353 absolveret.
641 2295 713 2364 Quae
728 2313 811 2370 quum
827 2296 862 2352 ita
877 2298 946 2359 sint,
962 2297 1027 2352 satis
1044 2305 1125 2359 esset,
1141 2296 1255 2371 amplius
1271 2297 1337 2354 illud
1353 2316 1449 2355 exem·

179 2384 253 2458 plum
269 2382 354 2438 oculis
369 2380 512 2452 subjicere.
550 2381 603 2436 Sed
625 2383 687 2455 quia
703 2381 816 2437 alterum
833 2399 846 2436 a
862 2378 984 2455 pluribus
1000 2382 1117 2455 antiquis
1133 2383 1244 2438 citatum
1267 2391 1323 2445 est,
1346 2402 1449 2458 operae

179 2468 295 2543 pretium
310 2467 401 2535 luerit
418 2474 448 2522 et
462 2465 529 2522 illud
545 2483 560 2521 e
576 2458 718 2540 regione²)
734 2483 883 2541 opponere.
908 2465 975 2522 llinc
986 2475 1059 2523 certe
1075 2467 1179 2523 discent
1191 2468 1299 2531 eruditi,
1312 2485 1346 2524 ne
1363 2487 1449 2543 opera

178 2571 227 2609 sua
241 2560 387 2609 retractare
402 2559 429 2607 et
444 2550 476 2606 ad
491 2550 615 2607 incudem
627 2568 752 2607 revocare
768 2568 815 2606 eos
832 2551 873 2607 rel
887 2553 978 2626 pigeat
990 2550 1031 2607 vel
1046 2552 1161 2625 pudeat,
1179 2569 1262 2627 quum
1277 2554 1309 2608 iis
1325 2554 1449 2611 clarissi-

181 2655 285 2694 morum
302 2637 622 2710 occupatissimorumque
637 2637 792 2711 praesulum
809 2646 861 2692 tam
876 2636 983 2692 illustre
995 2637 1170 2711 praefulserit
1185 2637 1345 2712 exemplum.

409 2769 447 2830 In
469 2768 586 2831 Galerii
606 2786 707 2848 papea
730 2769 894 2848 epistolam
916 2768 954 2829 27
976 2765 1086 2850 („Qnid
1099 2766 1214 2852 erpa‘).

42 2908 94 2975 par,
106 2907 170 2978 Ed]
267 2894 294 2949 1.
321 2893 350 2949 ln
366 2891 501 2948 veteribus
518 2901 575 2947 tum
590 2891 690 2948 codicis
712 2892 883 2948 aPaselrasio
900 2890 1045 2959 Quosnello
1068 2892 1169 2968 vulgati
1193 2901 1249 2949 tuor
1265 2893 1362 2951 lsidori
1377 2895 1449 2953 bler-

180 2980 280 3036 catoris
293 2976 488 3052 exemplaribus
500 2985 653 3033 asservatur
665 2978 731 3033 llaec
742 2975 864 3051 epistola,
881 2985 908 3032 et
917 2979 943 3032 in
956 2976 1115 3051 quibusdam
1133 2974 1211 3051 (sicut
1224 2977 1349 3035 Vaticano
1364 2981 1450 3041 1340

180 3064 308 3126 fateat,
330 3063 433 3120 Veneto
455 3081 477 3120 s.
495 3061 574 3118 llarci
592 3063 650 3119 139
673 3070 700 3118 et
720 3061 778 3118 aliis
799 3061 935 3118 codicibus
956 3060 1172 3118 Pseudo-isidori
1192 3063 1219 3118 in
1242 3063 1362 3122 editione
1381 3066 1449 3124 llin-

180 3151 248 3207 sclrii
259 3147 423 3207 classilietC
435 3146 626 3220 adnumeratis)
638 3149 696 3203 sine
708 3147 762 3203 ulla
777 3147 950 3204 distinctione
964 3147 1136 3222 praecedenti
1151 3155 1214 3221 post
1229 3166 1309 3205 voces
1322 3168 1448 3210 commn-

180 3240 264 3293 nione
280 3241 437 3291 tractatam
454 3232 614 3289 adnectitur.
646 3233 675 3289 ln
691 3233 741 3288 bac
756 3229 812 3288 e'am
829 3233 915 3289 iorum
931 3234 1009 3288 etiam
1025 3230 1152 3288 Merlinus
1168 3232 1260 3289 edidit.
1297 3234 1398 3293 lieinde
1415 3237 1448 3295 ab

180 3320 226 3376 illa
241 3319 362 3390 sejuncta
377 3335 448 3374 auno
466 3317 562 3381 1551,
585 3319 706 3391 adeoque
728 3325 870 3392 antequam
891 3335 949 3374 eam
964 3316 1079 3374 lacobus
1095 3316 1253 3374 Sirmondus
1274 3336 1344 3377 anno
1362 3323 1446 3381 1631

182 3422 234 3461 una
249 3421 309 3460 eum
327 3405 489 3476 appendice
505 3405 566 3460 eod.
587 3403 691 3460 Tbeod.
708 3403 840 3477 vulgaret,
857 3403 1032 3460 conciliorum
1048 3402 1203 3459 collectioni
1218 3420 1233 3458 a
1248 3403 1328 3461 Petro
1344 3406 1449 3465 Crabbe

181 3490 356 3546 concinnatae
372 3490 472 3543 inserta
488 3487 597 3561 legitur.
629 3487 803 3544 Postmodum
825 3505 888 3545 vero
905 3486 1038 3543 aLabbeo
1055 3488 1159 3544 tom.lV
1175 3488 1270 3545 concil.
1287 3497 1314 3545 et
1330 3508 1345 3546 a
1361 3490 1449 3560 Ques·

181 3573 253 3631 ncllo
269 3574 301 3628 ud
317 3573 415 3629 calcem
439 3588 550 3646 operum
572 3591 594 3628 s.
611 3572 709 3629 Leonis
724 3574 804 3628 sicuti
820 3575 846 3629 in
862 3572 1060 3647 posterioribus
1084 3572 1246 3630 editionibus
1268 3575 1448 3635 conciliorum

181 3658 213 3715 ab
229 3657 365 3714 Haeduino
381 3666 409 3713 et
424 3656 525 3714 Mansio
546 3667 573 3713 et
587 3657 754 3714 collectionis
770 3657 973 3726 Quesnellianae
994 3676 1009 3713 a
1023 3658 1171 3714 balleriniis
1193 3658 1329 3716 adornatis
1350 3678 1449 3719 recusa

181 3753 232 3801 est.
263 3743 292 3799 ln
308 3744 424 3817 antiquis
437 3751 524 3798 autem
541 3742 679 3798 codicibus
695 3743 824 3816 epistolae
835 3745 969 3818 superiori
984 3742 1153 3800 subnectitur
1167 3744 1250 3807 boeee
1267 3745 1347 3801 titulo
1361 3749 1448 3805 inter·

176 3830 266 3901 jecto:
282 3830 454 3901 Explieinnt
471 3832 599 3884 rationes
614 3830 790 3891 reddendae,
807 3831 945 3886 Acacium
961 3831 1057 3886 erede
1073 3832 1232 3901 apostoliea
1249 3839 1449 3904 competenter

178 3916 273 3988 fuisse
287 3916 453 3970 damnatum
468 3929 521 3969 nee
535 3929 621 3985 posse
636 3918 795 3987 quempiam
810 3917 872 3970 sine
887 3916 1051 3970 discrimine
1067 3919 1180 3971 animae
1200 3932 1272 3972 suae
1288 3919 1356 3987 ejus
1370 3935 1448 3976 com·

181 4003 322 4057 munionis
337 4002 514 4071 participem
538 3998 627 4070 effici.
664 4000 772 4070 incipit
786 4001 821 4055 dc
836 4000 934 4054 endem
950 4003 1062 4056 ratione
1079 4001 1225 4056 reddenda
1241 4002 1449 4077 coepiscopos

184 4087 316 4142 Orientis.
344 4083 416 4151 Quae
431 4091 569 4157 postrema
585 4081 664 4138 rerba
678 4085 705 4139 iu
721 4083 849 4157 exemplis
865 4082 1025 4140 isidorianae
1041 4085 1209 4141 collectionis
1226 4087 1364 4159 excipiunt
1379 4090 1448 4146 ista:

182 4172 378 4227 Dilectissimis
390 4169 538 4241 fratribus
553 4172 695 4225 universis
716 4173 859 4241 episcopis
879 4171 1067 4226 orientalibus
1083 4170 1224 4226 Galerius.
1257 4168 1288 4226 Et
1303 4171 1372 4227 harre
1387 4176 1449 4249 qui·

182 4255 241 4311 dem
256 4255 468 4329 inscriptionem,
486 4270 554 4327 quae
570 4253 661 4309 stilum
678 4253 850 4327 epistolarem
862 4256 940 4327 sapit,
954 4255 1112 4310 Sirmondus
1125 4257 1246 4311 retinuit.
1271 4254 1343 4312 ldem
1356 4265 1449 4318 tamen

182 4344 208 4396 iu
231 4340 396 4414 praelatione
412 4338 444 4393 ad
461 4338 590 4395 lectorem
606 4337 727 4394 dubitare
743 4356 773 4394 se
789 4346 878 4401 notat,
903 4342 1061 4412 epistolare
1082 4359 1120 4396 an
1139 4344 1237 4413 potins
1247 4341 1450 4415 srnprneninnt

182 4440 233 4480 sen
244 4429 341 4497 portio
357 4426 479 4480 dicenda
495 4428 531 4480 sit
546 4431 705 4492 tractatus,
723 4428 773 4497 qni
787 4443 804 4478 a
822 4424 942 4481 NicoIno
955 4443 1036 4496 papa
1052 4429 1080 4481 in
1096 4426 1206 4498 apicib
1223 4427 1262 4481 ad
1272 4426 1450 4487 Mieboilcrn

182 4515 384 4583 imperatorem
405 4511 511 4565 dicitnr
531 4511 657 4579 „Tomos
679 4509 787 4566 Gelasii
806 4510 845 4564 ad
866 4509 1058 4566 Orientales“.
1103 4513 1136 4565 At
1158 4512 1317 4568 existimavit
1339 4531 1449 4590 nempe,

252 4708 271 4774 ¹)
289 4706 406 4759 Prorsus
425 4705 522 4760 eadem
540 4707 678 4760 scalentin
695 4703 905 4760 Belleriniornnr
924 4708 974 4773 aab,
992 4706 1063 4762 sicul
1081 4708 1114 4761 de
1133 4708 1236 4778 duplici
1252 4709 1344 4764 forma
1361 4710 1451 4768 dieto

181 4792 242 4827 rum
261 4773 440 4843 epistolarum
457 4774 556 4828 Leonis
574 4792 630 4829 non
648 4773 730 4828 olibes
748 4775 869 4828 censent.

249 4843 270 4908 ²)
289 4841 369 4905 Quod
387 4860 437 4895 uos
454 4842 495 4896 ibn
513 4843 690 4907 absolvimus,
709 4844 856 4896 attextum
873 4861 905 4897 ex
919 4845 1078 4899 recensione
1091 4844 1302 4900 Bullcriniorum
1315 4853 1375 4903 cort,
1389 4869 1449 4905 can.

181 4917 242 4966 ecci.
263 4928 284 4964 c.
298 4917 332 4966 50
348 4911 565 4980 opposuerimus.
602 4911 679 4981 [Ed]
