3204 5506
183 372 246 438 854
622 383 650 431 s.
668 380 875 428 nonursonu
897 379 1011 428 rame

544 496 558 523 0

73 576 98 616 a.
111 563 168 615 ola.
183 544 267 608 sicut
289 538 515 624 praediximus,
539 540 709 621 sequentes
730 536 766 599 iu
781 533 929 599 omnibus
949 534 1057 599 sedem
1073 534 1293 621 apostolicam,
1314 542 1344 602 et
1356 560 1422 623 prae

183 644 325 709 dicamus
347 642 456 706 omnia
478 662 558 725 quae
581 640 621 703 ab
644 639 714 723 ipsa
736 637 865 702 decreta
880 640 970 722 sunt3
994 642 1026 702 et
1041 641 1214 723 propterea
1228 660 1318 724 spero
1336 641 1424 705 inum

184 744 407 811 communione
428 743 607 826 vobiscum,
642 763 738 826 quam
761 740 936 824 apostolica
966 740 1056 804 sedes
1084 740 1267 825 praedicat,
1297 763 1343 806 me
1361 742 1425 807 futu·

183 871 270 931 rum,
294 847 329 911 in
351 868 414 930 qua
436 849 485 909 est
506 845 635 929 integra
658 842 861 909 Christianae
884 843 1049 928 religionis
1072 845 1105 907 et
1126 844 1273 927 perfecta
1293 843 1425 909 soliditas:

183 949 375 1035 promittens
397 948 432 1011 in
454 947 600 1031 sequenti
615 949 757 1030 tempore
780 948 994 1029 sequestratos
1015 967 1034 1009 a
1055 946 1280 1010 communione
1291 946 1427 1012 Ecclesiae

186 1049 378 1133 catholicae,
417 1049 448 1112 id
477 1052 526 1112 est
553 1049 588 1112 in
616 1048 763 1112 omnihus
791 1070 862 1112 non·
885 1047 1123 1112 consentientes
1152 1047 1219 1112 sedi
1250 1048 1428 1133 apostolicae,

186 1175 294 1218 eorum
315 1151 447 1215 nomina
469 1151 554 1214 inter
581 1172 673 1214 sacra
699 1172 766 1214 nou
787 1149 953 1215 recitanda
981 1171 1049 1214 esse
1071 1150 1236 1234 mysteria.
1281 1149 1431 1226 Quodsiin

186 1255 292 1339 aliquo
315 1275 333 1316 a
355 1253 552 1336 professione
574 1275 644 1316 mea
666 1252 842 1338 deviare¹¹)
866 1256 1042 1337 tentavero,
1065 1251 1117 1316 his
1132 1274 1212 1338 quos
1234 1253 1431 1335 condemnavi,

185 1378 243 1441 per
270 1356 569 1420 condemnationem
597 1355 759 1439 propriam
787 1359 967 1419 consortem
993 1375 1045 1418 me
1072 1375 1142 1418 esse
1164 1355 1326 1439 profiteor.
1364 1354 1435 1421 Huic

186 1480 260 1522 vero
282 1458 473 1542 professioni
496 1457 671 1541 subscripsi
693 1478 764 1520 mea
786 1479 899 1540 mauu,
923 1460 955 1520 et
941 1456 1072 1521 tdirexi
1086 1479 1145 1542 per
1160 1458 1283 1542 scripta
1300 1457 1358 1522 tibi
1371 1457 1437 1522 Hor·

186 1560 322 1642 misdse‚
355 1563 467 1623 sancto
435 1559 728 1623 huetbeatissimo
756 1559 850 1623 fratri
884 1563 917 1623 et
938 1581 1041 1643 papae
1063 1581 1203 1674 magnae
1225 1559 1362 1645 Romae,
1395 1582 1441 1646 per

186 1662 385 1746 supradictos
399 1630 635 1726 Germanume
636 1660 847 1726 tdohaunem
868 1660 1066 1726 venerabiles
1082 1662 1251 1746 episcopos
1274 1685 1292 1727 e
1293 1661 1445 1728 tlfehcem
1524 1660 1526 1665 ’

187 1768 220 1829 et
233 1763 421 1828 Dioscorum
443 1762 649 1827 diaconoset
670 1762 831 1827 Blandum
852 1764 1083 1848 presbyterum.
1123 1769 1164 1828 Et
1186 1771 1253 1829 otto
1275 1787 1377 1831 maore
1403 1765 1448 1831 do

187 1866 312 1931 haunes
334 1865 551 1930 misericordia
565 1865 626 1930 Dei
650 1866 817 1951 episcopus
832 1865 1213 1951 Constantinopolitanae
1235 1867 1382 1932 novellae
1398 1867 1453 1932 lto

187 1990 276 2051 mae,
310 1967 371 2031 hac
400 1990 470 2032 mea
497 1968 694 2052 professione
723 1968 926 2032 consentiens
959 1968 1108 2033 omnibus
1141 1969 1358 2055 supradictis,
1392 1971 1456 2036 suh

188 2070 302 2186 scripsi
331 2092 429 2134 sanus
462 2069 497 2184 in
529 2069 667 2133 Domino
677 2070 726 2155 12)
782 2068 867 2134 Data
900 2091 1010 2134 mense
1043 2070 1162 2135 Martio
1188 2071 1242 2135 die
1271 2072 1461 2158 28¹³)‚rn
1419 2074 1426 2085 '

188 2273 364 2339 Eutharico
386 2274 454 2339 viro
477 2274 653 2339 clarissimo
676 2274 816 2339 consule.

697 2461 879 2565 Epistola
906 2463 951 2546 62

801 2614 851 2652 seu

48 2719 73 2755 a
86 2696 175 2752 stad
264 2708 466 2776 Exemplum
488 2707 654 2776 epistolae
677 2709 874 2766 Theodoriti
896 2709 1048 2780 episcopi
1068 2711 1300 2781 Lignidensis
1311 2710 1411 2794 'lad

50 2765 179 2888 ἳέοῒρῗ
636 2811 852 2868 Hormisdam
873 2826 1006 2881 papam.
1104 2823 1114 2849 ‘

59 2902 162 2957 1st

265 2941 341 2991 Suam
358 2942 384 2990 ei
401 2942 521 2991 laetitiam
538 2944 570 2991 de
588 2944 701 2993 ecelesiis
719 2945 755 2992 ad
771 2945 890 2993 unitatem
907 2945 990 3008 ipsius
1008 2961 1089 3008 opera
1107 2948 1241 2997 reuocatis
1259 2952 1410 3014 signifieat.
1490 2974 1526 3035 pp

339 3073 505 3139 Domino
538 3078 695 3158 sancte,
728 3076 861 3158 beato,
895 3076 1167 3161 praedicabili
1198 3083 1243 3144 et
1267 3083 1480 3150 adorando

433 3177 660 3260 apostolico
681 3178 807 3262 patri,
836 3177 1071 3244 Hormisdae
1099 3203 1233 3266 papae
1258 3186 1383 3252 urbis
1408 3188 1481 3253 Ro·

432 3301 531 3362 mae,
555 3278 720 3343 humilis
742 3280 913 3344 famulus
936 3284 1027 3345 tuus
1050 3282 1350 3354 Theodoritus.

272 3399 363 3462 Meae
386 3397 513 3483 quidem
535 3397 721 3482 exiguitatis
736 3422 803 3463 nou
826 3404 926 3483 esset,
950 3404 1019 3465 tam
1040 3423 1161 3487 magna
1183 3426 1426 3493 praesumere,
1450 3415 1480 3474 et

188 3501 229 3565 ad
256 3503 397 3564 vestrum
424 3501 512 3584 pium
539 3503 687 3564 sanctum
715 3502 930 3584 apostolatum
964 3504 1071 3589 pusilli
1099 3526 1254 3572 sermone
1283 3517 1480 3593 praesentes

188 3602 337 3687 parvulas
359 3602 520 3666 destinare
548 3604 695 3687 paginas.
741 3602 802 3668 Sed
831 3605 906 3689 quia
928 3628 985 3689 pro
1013 3606 1113 3670 insita
1141 3607 1237 3673 vobis
1266 3609 1479 3679 humanitate

188 3705 241 3789 pio
263 3705 502 3789 propitiationis
525 3705 632 3769 animo
655 3706 762 3768 omnia
784 3710 865 3769 nutu
888 3706 1077 3772 Divinitatis
1099 3712 1277 3795 protegere
1309 3718 1478 3782 consuevi-

189 3807 262 3890 sris,
297 3806 436 3870 lucidum
464 3807 548 3870 diem
576 3810 608 3870 et
636 3808 734 3870 totius
761 3808 949 3873 festivitatis
977 3810 1134 3893 repletum
1162 3815 1255 3878 omui
1287 3818 1479 3884 reddidistis

187 3908 321 3991 mundo,
351 3912 384 3972 et
406 3909 546 3994 omnia²)
570 3910 684 3975 vestris
706 3909 929 3993 praedicandis
952 3913 1100 3997 precibus
1132 3914 1172 3978 ad
1195 3917 1387 4000 pristinum
1410 3923 1478 3987 uni·

259 4184 289 4250 ¹¹)
308 4181 343 4236 G¹
357 4181 373 4235 J
377 4183 382 4216 ¹
397 4183 423 4236 α’
437 4182 455 4235 b
469 4198 505 4235 co
515 4181 537 4235 ι’
556 4185 682 4236 dubitare.
718 4183 746 4235 a³
765 4181 886 4236 correxit
903 4189 1015 4239 electore.

257 4269 287 4335 ¹²)
305 4266 322 4320 J
328 4266 350 4320 O
365 4268 389 4321 ο1
402 4269 427 4321 0²
438 4265 460 4318 i²
478 4265 541 4320 add.
563 4269 615 4319 Ora
631 4287 680 4335 pro
694 4270 765 4321 nobis
783 4273 939 4322 saeratissime
957 4281 982 4323 et
999 4274 1141 4325 beatissime
1158 4276 1260 4338 frater.

258 4356 288 4422 ¹³)
306 4352 340 4406 G'
354 4355 380 4406 a¹
395 4353 413 4404 h
427 4368 461 4405 oc
484 4357 524 4405 dte
548 4355 673 4409 XXVII.
713 4351 812 4406 Verius
830 4353 847 4407 J
852 4352 874 4406 0
887 4353 908 4405 1²
930 4360 971 4407 die
988 4361 1103 4410 vicesimo
1124 4367 1230 4424 octavo,
1255 4362 1363 4431 utpote
1389 4382 1474 4434 quum

187 4437 256 4491 feria
274 4436 373 4505 quinta
388 4435 582 4490 hebdomadae
601 4439 726 4502 sanctae,
745 4455 816 4507 quae
834 4439 886 4492 hoc
904 4455 978 4493 anno
990 4446 1039 4494 olo
1056 4440 1085 4495 in
1103 4446 1136 4496 ‘28
1153 4441 1252 4498 Martii
1273 4446 1353 4502 diem
1372 4449 1472 4503 incide

188 4521 249 4588 bat,
267 4521 394 4575 libellum
412 4540 429 4576 a
446 4521 572 4575 Johanuc
591 4523 778 4593 subscriptum
796 4523 883 4592 legati
901 4522 929 4577 in
947 4523 1066 4593 epistola
1083 4531 1116 4581 64
1133 4544 1159 4581 a
1178 4535 1195 4581 a
1214 4529 1369 4586 testentur.

258 4609 287 4676 ¹⁴)
305 4607 321 4660 J
328 4611 349 4660 0
364 4611 387 4661 c'
403 4609 427 4660 οἲ
443 4606 464 4660 i²
487 4613 629 4661 coeredibus
652 4615 741 4663 domno
764 4613 864 4664 destino
887 4615 1042 4679 imperatore
1065 4625 1090 4667 et
1112 4616 1219 4670 Erectio
1243 4619 1308 4685 (seu
1333 4621 1470 4684 naama}

190 4712 226 4746 ou.
245 4713 282 4745 ce.
302 4696 443 4746 concidibus
461 4713 507 4746 era
527 4698 647 4760 DLVII,
667 4697 804 4764 corrupte.

188 4779 220 4828 6¹2
257 4778 276 4843 ¹)
295 4777 329 4831 G'
349 4783 535 4840 bisuntiensis,
555 4777 589 4832 al.
607 4784 790 4837 Lituaideasis.
820 4779 862 4833 Ex
879 4779 958 4850 epist.
974 4787 1007 4836 60
1020 4782 1117 4851 liquet,
1135 4782 1292 4853 legendum
1305 4803 1369 4842 esse
1383 4793 1467 4859 aaut·

188 4864 282 4914 densis.
302 4893 334 4901 —
352 4862 417 4914 Mor
435 4862 477 4916 ed.
496 4883 545 4916 non
567 4883 621 4917 esse
640 4877 697 4921 tam.

254 4947 276 5014 2)
294 4945 344 4998 Ed.
365 4945 454 5001 omitt.
475 4953 564 5001 οιιιιιία.
600 4948 665 5003 Mox
682 4950 748 5004 hcc
767 4956 881 5006 ueritatis
899 4952 960 5006 loco
979 4958 1092 5006 recitatis.
