3224 5506
642 373 914 434 ne1sronam15.
981 450 989 469 ,
1352 370 1412 438 101

153 547 283 623 guendum
302 562 363 604 esso
382 560 527 602 censemus
545 546 711 618 pallium,
733 543 767 601 de
789 561 843 620 quo
864 543 1080 603 Matisconenscl
1101 548 1243 604 conscilium
1264 565 1334 605 anno
1350 549 1409 607 581

150 634 240 692 cani
251 632 389 708 praecipit.
411 638 444 688 ut
459 631 701 703 archiepiscopus
717 634 776 686 sime
797 633 860 703 pel
866 633 877 688 l
883 635 894 687 i
899 650 914 688 o
929 635 1033 689 missas
1047 634 1144 688 dicere
1159 652 1215 691 mom
1229 642 1411 706 praesumot.

143 717 245 792 Neque
256 718 321 776 enim
337 724 405 773 tunc
416 715 551 791 singulari
565 714 638 791 pallii
654 723 751 771 ornatu
766 713 963 772 decorabantur
978 734 1070 773 omnes
1092 718 1298 793 archiepiscopi,
1322 736 1412 794 neque

139 803 206 865 iis.
224 802 307 878 qnlbns
322 818 472 860 concessus
488 808 545 857 erat
560 800 603 857 hic
618 800 720 863 honor,
748 817 781 857 eo
803 802 842 856 uti
857 801 889 857 ad
905 817 999 858 omnes
1015 803 1108 859 missas
1129 803 1175 858 sed
1198 803 1291 859 diebus
1308 812 1411 861 tantum

134 886 317 944 sollemnibus
333 885 442 945 licebat.

233 974 258 1031 5.
286 972 335 1030 liic
350 971 460 1028 silentio
475 971 623 1048 praeterire
637 971 794 1045 nequimus,
816 970 920 1029 nullum
942 971 974 1027 ad
994 989 1043 1028 nos
1064 973 1118 1028 hoc
1138 972 1288 1047 Symmachi
1308 975 1410 1048 scripto

127 1067 346 1115 monumentum
361 1058 498 1131 antiquins
518 1057 690 1131 pervenisse,
711 1057 740 1111 in
761 1073 816 1130 quo
837 1073 996 1131 quemquam
1019 1057 1167 1113 allorrrano
1189 1056 1316 1131 pontifice
1337 1058 1410 1132 pallii

125 1139 247 1200 laomore
265 1143 423 1200 decoratum
439 1158 499 1198 esse
527 1140 670 1198 discamus.
705 1142 834 1197 hsserere
861 1149 949 1198 tamen
976 1158 1031 1217 non
1059 1143 1158 1206 ausim,
1186 1143 1258 1198 lruac
1279 1144 1409 1200 honorem

122 1223 264 1285 Caesario
277 1229 396 1304 primum
411 1226 497 1283 luisse
512 1243 682 1283 concessum.
710 1224 744 1281 Et
759 1243 823 1282 vero
839 1226 910 1282 aliud
926 1228 1013 1283 innuit
1030 1226 1160 1283 lormulae
1176 1227 1340 1301 simplicitas,
1357 1245 1409 1301 qua

121 1310 157 1366 ei
176 1313 326 1378 confertur,
343 1328 506 1388 quamquam
522 1311 571 1368 hac
586 1311 701 1368 lormula
716 1327 771 1367 non
788 1319 841 1367 tam
852 1312 992 1367 confertur
1006 1329 1085 1386 quam
1097 1311 1211 1368 collatus
1235 1321 1408 1369 memoratur.

118 1391 310 1475 Quapropter
324 1399 353 1455 in
368 1413 400 1455 ea
415 1396 590 1472 Symmachus
611 1413 667 1453 non
689 1399 872 1454 concedimus
898 1397 945 1453 sed
969 1403 1162 1454 concessimus
1177 1398 1249 1453 dicit.
1286 1398 1409 1454 Caesario

118 1482 212 1539 euim
224 1484 364 1560 praesenti
375 1484 432 1555 jam
447 1481 574 1545 dederat,
596 1480 712 1556 ideoque
727 1481 794 1538 nihil
810 1500 879 1556 opus
895 1489 966 1544 crat,
983 1489 1014 1538 ut
1027 1484 1078 1557 ipsi
1095 1500 1202 1544 eorum,
1225 1482 1321 1557 quibos
1337 1482 1409 1556 pallii

113 1569 249 1627 concedi
265 1586 333 1626 usus
349 1566 463 1631 solebat,
479 1569 568 1623 munia
583 1566 682 1623 litteris
697 1567 852 1641 explicaret,
870 1584 951 1642 quum
964 1567 1037 1623 istud
1052 1583 1141 1623 coram
1151 1567 1204 1639 jam
1216 1569 1406 1641 praestitisset.

111 1645 256 1728 benique
271 1653 450 1729 Symmachus
461 1651 584 1709 Caesario
595 1650 668 1726 pallii
680 1669 730 1726 per
744 1651 841 1708 Gallias
853 1652 976 1726 gestandi
992 1669 1070 1708 usum
1086 1653 1177 1727 largiri
1189 1670 1218 1708 se
1232 1661 1345 1708 testatus
1357 1659 1407 1717 est,

106 1748 189 1793 ton
204 1741 270 1813 qula
286 1739 448 1795 decessores
463 1738 549 1811 ipsius
564 1736 658 1793 eodem
674 1737 778 1794 honore
794 1737 909 1794 luissent
925 1740 1061 1807 exornatl;
1088 1736 1135 1792 sed
1151 1746 1182 1793 ut
1197 1739 1335 1811 conceptis
1351 1754 1408 1793 ver·

100 1812 158 1874 lis
187 1821 344 1900 Cyprianus
359 1822 455 1886 docet,
476 1826 641 1879 meritorum
657 1825 723 1895 ejus
737 1825 874 1896 dipmitote
886 1830 1043 1895 permotas.
1075 1822 1114 1877 Ad
1130 1823 1196 1878 baec
1211 1822 1323 1898 Vigilius
1339 1823 1407 1897 epti

93 1902 256 1967 luxanio
278 1908 397 1965 Caesarii
420 1908 572 1964 successori
592 1906 664 1981 pallii
683 1923 761 1962 usum
784 1909 944 1981 permittens
964 1910 1000 1963 ita
1022 1907 1155 1980 loquitur.
1178 1915 1208 1962 ut
1228 1915 1255 1962 et
1276 1906 1408 1963 affirmare

88 1982 226 2057 liceat,
242 2011 279 2051 ex
296 1991 498 2049 Arelatensibns
514 1991 677 2048 antistitibus
693 1993 807 2066 primum
820 1992 971 2048 Caesarium
987 1993 1040 2048 hoc
1055 1994 1158 2047 lionore
1174 1991 1257 2048 luisse
1273 2001 1406 2056 ornatum,

81 2076 118 2125 et
149 2077 331 2155 ambigere,
352 2093 418 2134 num
439 2077 536 2151 aliquis
557 2092 625 2152 papa
646 2085 708 2133 ante
724 2076 911 2151 Symmachum
932 2078 1056 2151 cuiquam
1071 2076 1142 2132 idem
1157 2077 1328 2151 privilegium
1343 2093 1407 2133 con·

77 2154 237 2222 tulerit.

183 2241 187 2247 ’
213 2251 249 2309 6.
281 2248 422 2305 Stantem
443 2247 516 2303 hunc
534 2245 691 2303 conserendi
712 2246 785 2321 pallii
804 2264 906 2303 morem
927 2254 989 2302 ante
1010 2245 1160 2320 Symmachi
1181 2263 1264 2321 papae
1286 2254 1407 2322 tempora

68 2338 274 2406 receptum
296 2349 359 2391 esse
379 2330 572 2394 concedamus,
595 2332 658 2388 hinc
678 2330 745 2388 illud
766 2332 860 2407 Stepb.
878 2332 977 2388 baluzii
999 2332 1107 2397 aliatum
1129 2330 1273 2404 (Concord.
1290 2332 1362 2388 sacd.
1379 2339 1407 2389 et

64 2407 184 2487 lmp,
209 2420 245 2486 V,
262 2418 305 2478 25
322 2418 378 2476 n.9
394 2424 422 2473 et
437 2415 477 2474 29
494 2414 598 2489 n.11)‚
620 2432 675 2490 quo
685 2420 809 2489 pallium
825 2422 999 2474 oicam'orum
1015 2421 1192 2487 apostolicae
1208 2419 1283 2474 sedis
1297 2422 1407 2493 irtsiqme

61 2490 226 2563 fuisse
246 2504 427 2582 pronuntiat,
448 2500 641 2559 admittendum
663 2519 717 2558 non
739 2518 799 2558 esse
814 2502 918 2559 facilius
934 2501 1101 2558 cotrficietur.
1132 2502 1193 2575 ipso
1210 2504 1280 2558 enim
1296 2503 1405 2566 latente,

63 2574 210 2661 '⁰⁰80
230 2599 313 2648 antea
329 2604 414 2663 quum
429 2585 543 2644 Caesari
564 2586 722 2644 decessores
743 2595 800 2643 tum
816 2587 1070 2659 Thessalonicenses
1092 2589 1226 2643 antistites
1243 2587 1406 2662 apostolicae

61 2662 193 2727 'edis
212 2676 313 2734 marii
327 2672 482 2729 allomanls
492 2670 665 2748 pontificibus
681 2681 744 2729 sunt
756 2674 906 2737 constituti,
922 2689 1010 2747 nequo
1026 2681 1114 2728 tamen
1131 2672 1201 2729 ullus
1217 2690 1310 2728 eorum
1323 2672 1405 2746 pallio

63 2744 235 2841 Ιῗδίῑιιι·
254 2760 386 2818 donatus.
422 2756 506 2814 immo
526 2759 606 2814 etiam
626 2766 721 2832 postea
743 2757 902 2821 llormisda,
925 2767 956 2813 ut
975 2759 1003 2813 in
1025 2757 1083 2828 ejus
1105 2757 1228 2832 epistolis
1245 2757 1285 2813 24
1301 2766 1328 2813 et
1345 2756 1405 2814 142

62 2842 209 2900 usur}
230 2862 346 2909 sumus,
367 2843 503 2919 episeopis
524 2842 654 2899 illicitano
675 2850 756 2917 atque
771 2842 923 2917 hispalensi
944 2844 1013 2898 vices
1034 2860 1096 2899 suas
1112 2860 1161 2917 per
1176 2842 1316 2916 Hispanias
1332 2842 1407 2899 nulla

64 2916 197 2984 tullii
218 2932 365 2989 mentione
380 2927 451 2985 lacta
465 2928 609 2984 commisit.

214 3017 249 3075 7.
281 3016 341 3072 lam
362 3030 427 3070 vero
448 3030 480 3069 ex
500 3013 578 3070 dictis
600 3011 763 3088 persolvitur
777 3014 848 3069 circa
863 3020 955 3069 notam
970 3013 1139 3069 consularem
1155 3015 1277 3087 quaestio
1293 3012 1326 3069 de
1341 3029 1406 3070 con·

66 3087 228 3159 ςῑΙΙιῑιι
243 3099 345 3164 Probi,
360 3115 425 3156 num
440 3097 543 3154 scilicet
557 3098 592 3154 de
607 3098 763 3161 consulatu,
780 3115 859 3172 quem
875 3097 979 3154 Probus
994 3115 1063 3154 anno
1080 3098 1140 3155 502
1157 3099 1228 3161 iniit,
1245 3116 1277 3153 an
1294 3114 1357 3155 vero
1372 3098 1405 3154 de

64 3182 267 3260 ’90111ιά0,
285 3201 367 3261 quem
383 3200 455 3240 anno
468 3182 528 3240 513
544 3184 631 3257 gessit
644 3181 713 3239 alter
729 3182 842 3245 Probus,
858 3182 1033 3257 intelligenda
1048 3185 1092 3240 sit.
1115 3183 1162 3238 Vol
1177 3185 1268 3256 potius
1283 3185 1310 3238 in
1325 3199 1406 3256 supe-

67 3264 397 3349 '¹0remmptmotam
409 3267 464 3341 jam
480 3267 591 3344 probata
607 3267 665 3339 ejus
682 3267 783 3324 (leobio
799 3266 928 3324 firmatur.
965 3267 1043 3324 Corte
1059 3268 1195 3324 Caesarius
1212 3270 1282 3324 enirn
1298 3269 1406 3325 nonnisi

68 3350 188 3406 9⁰⁸²
207 3358 319 3415 multos
334 3356 364 3411 in
380 3355 538 3431 episcopatu
553 3362 662 3410 exactos
677 3370 762 3410 annos
779 3355 919 3427 variosque
933 3371 984 3428 pro
1001 3352 1112 3409 ecclesia
1128 3352 1278 3409 exantlatos
1290 3350 1404 3416 labores,

69 3430 235 3500 quibu,
250 3443 395 3499 maximam
410 3438 509 3514 ubique
525 3438 621 3495 lamam
642 3437 692 3494 sibi
711 3438 912 3502 conciliaverat,
936 3437 1044 3494 llomam
1066 3438 1098 3494 ad
1119 3438 1306 3512 Symmachum
1322 3439 1405 3495 venit.

70 3501 209 3580 A¹¹¹tm
235 3536 329 3585 autem
344 3524 406 3584 502
428 3524 535 3580 vixdum
556 3522 720 3580 Arelatensis
736 3523 863 3580 ecclesiae
885 3526 1006 3598 regimen
1021 3531 1186 3598 susceperat.
1220 3523 1295 3580 Unde
1310 3541 1406 3581 conso-

70 3602 223 3681 §luem
237 3620 290 3677 est,
307 3619 339 3668 ut
353 3609 475 3681 subjecta
490 3608 708 3683 epistolaProbo,
725 3611 770 3684 qui
787 3609 883 3666 consul
897 3627 968 3665 anno
979 3609 1040 3666 513
1057 3609 1116 3673 luit,
1133 3610 1290 3684 consignata
1306 3611 1350 3665 sit.
1373 3607 1405 3665 Et

71 3686 109 3725 ¹⁸
142 3697 284 3761 quidem
298 3695 398 3754 consul
412 3702 470 3752 erat
485 3693 677 3759 Occidentalis,
701 3693 805 3750 Probus
820 3703 923 3756 autem,
945 3696 991 3769 qui
1007 3711 1039 3750 oo
1056 3712 1166 3751 munere
1182 3712 1251 3750 antro
1268 3695 1328 3753 502
1345 3694 1405 3751 lun·

72 3764 187 3850 ΨΒ
208 3792 265 3848 est,
280 3780 380 3839 consul
395 3788 453 3837 erat
468 3778 621 3835 Orientalis.
651 3780 741 3854 Atqui,
758 3787 787 3835 ut
803 3781 901 3836 Anton.
919 3779 1016 3855 Pagius
1032 3779 1062 3834 ad
1080 3797 1178 3835 cinnum
1194 3780 1255 3837 502
1272 3780 1404 3844 observat,

73 3840 122 3898 ω
156 3870 265 3926 moris
279 3874 339 3924 erat
353 3867 474 3940 antiquis
493 3863 683 3938 scriptoribus,
705 3873 737 3920 ut
757 3867 864 3939 quoties
885 3882 900 3921 e
921 3864 1027 3921 duobus
1048 3865 1204 3922 consulibus
1225 3882 1308 3921 unum
1329 3864 1405 3920 dum·

76 3928 204 4003 ¹³³2st
223 3953 384 4013 indicarent,
401 3947 564 4017 Orientalem
571 3947 728 4011 Orientales.
745 3949 1133 4007 OccidentalesOccidentalem
1149 3950 1306 4007 indicarent.
1331 3949 1405 4006 Unde

75 4017 286 4096 sul'lteram
306 4036 459 4111 Symmachi
480 4033 621 4109 epistolam
642 4051 702 4091 cum
722 4032 803 4090 Probi
819 4034 996 4092 Occidentalis
1017 4036 1173 4099 consulatu,
1202 4035 1323 4108 adeoque
1344 4052 1404 4090 cum

77 4105 204 4172 ’ΨΜ
225 4122 297 4187 513.
312 4119 532 4196 conponendum
546 4136 607 4176 esse
622 4118 774 4177 coniicitur.

224 4208 255 4267 8.
284 4205 324 4263 llx
338 4196 460 4277 ejusdem
475 4203 605 4280 epistolae
620 4206 761 4262 occasione
775 4204 882 4262 demum
898 4205 1078 4270 observamus,
1095 4205 1282 4281 Symmachum
1298 4223 1312 4261 a
1327 4213 1404 4261 sexto

81 4269 237 4350 *sstem
256 4290 366 4349 uoenlo
386 4294 484 4348 sancti
497 4287 577 4345 titulo
592 4288 676 4346 luisse
691 4291 860 4366 insignitum.
894 4290 998 4366 Quippe
1018 4292 1045 4347 in
1067 4291 1154 4347 indice
1175 4292 1282 4363 praevio
1304 4290 1404 4348 codicis

82 4342 327 4450 eminiensis,
349 4376 398 4451 qui
411 4374 504 4455 vigilii
519 4391 602 4449 papae
617 4374 784 4450 temporibus
805 4385 928 4432 exaratus
944 4386 999 4439 est,
1022 4381 1117 4433 sancti
1132 4377 1296 4449 Symmachi
1303 4393 1405 4450 popae

89 4444 263 4521 ‘Pisida
283 4469 464 4536 nuncupatur.
504 4459 631 4535 legimus
657 4469 685 4516 et
704 4462 731 4533 in
752 4460 896 4517 Marcellini
917 4462 1060 4517 cimouico:
1087 4463 1236 4517 Romamne
1264 4464 1405 4519 ecclesiae

136 4544 332 4605 &amenus
346 4549 501 4620 episcopus
512 4543 616 4618 sactus
631 4549 702 4603 oiait
718 4563 810 4603 ommes
825 4547 857 4602 X
864 4547 894 4603 V.
934 4546 1073 4604 Praeterea
1086 4546 1140 4616 jann
1156 4546 1187 4601 ad
1203 4547 1309 4602 initium
1325 4564 1405 4622 supe·

145 4626 225 4709 Pria
236 4634 313 4708 epist.
323 4631 365 4691 10
378 4631 575 4693 annotavimus,
590 4630 714 4686 eumdem
729 4632 756 4686 in
772 4632 856 4688 veteri
871 4631 1014 4705 exemplari
1021 4632 1169 4687 Crimanico
1186 4633 1288 4689 beatae
1303 4649 1404 4689 memo-

114 4706 205 4765 ’ΜΘ
231 4735 353 4792 popam,
380 4717 409 4773 ln
427 4714 488 4774 Vat.
509 4714 576 4790 lleg.
600 4716 681 4773 1997
703 4722 834 4773 sanctum
855 4724 882 4772 ct
908 4733 922 4771 a
943 4718 1075 4790 Cypriane
1102 4716 1249 4774 'lolonensi
1275 4719 1404 4792 episcopo

124 4788 252 4859 uacuo„
271 4802 303 4860 ab
321 4800 467 4879 Aqobardo
492 4802 607 4859 beatum
627 4800 765 4875 appellari.
