3204 5506
247 355 308 420 102
594 368 728 446 nonyrn
752 366 904 415 reanum
928 368 963 413 m
987 366 1187 414 arnnaeue

462 545 500 606 In
521 542 697 620 Symmachi
739 543 902 620 epistolam
923 539 958 601 16
981 537 1073 621 (,‚Qm
1088 538 1300 622 asennaeum).

179 682 233 750 [aa]
329 668 367 724 Ex
384 668 477 724 iisdem
494 667 627 731 lontibus,
645 667 697 724 hoe
712 677 753 722 est
769 684 802 722 er
818 666 967 721 Arelatensi
984 663 1076 720 codice
1092 673 1119 719 et
1134 663 1220 738 llegie
1236 663 1401 738 archetypo,
1417 662 1453 720 ad
1471 680 1525 720 uos

245 756 367 830 pervenit
384 755 448 810 haee
464 753 586 827 epistola.
610 752 761 826 Symmachi
776 750 867 807 libello
883 752 1040 825 praeposuit
1050 751 1104 806 Jae.
1115 749 1275 805 Sirmoudus
1286 748 1421 813 libellum,
1438 765 1525 824 quem

247 858 296 897 uos
313 858 345 896 en
361 840 499 913 archetypi
515 838 566 894 tide
588 837 806 912 postponendum
822 836 956 891 duximus.
1291 857 1300 868 -

412 987 419 994 ’
502 972 540 1033 In
562 970 737 1048 Symmachi
759 969 921 1047 epistolam
942 967 975 1029 17
997 963 1105 1047 („I)em
1121 963 1257 1049 saera“).

180 1111 233 1179 [aa]
331 1096 403 1150 lnter
424 1093 553 1169 epistolas
575 1095 644 1149 Aviti
660 1093 799 1148 vienensis
821 1093 942 1166 episcopi
963 1099 1006 1146 est
1027 1090 1076 1147 27.
1094 1089 1276 1147 Gundebadus
1298 1090 1409 1165 quidem
1432 1090 1524 1167 Sigis-

247 1181 339 1238 mundi
354 1182 427 1254 regis
444 1187 520 1253 pater
536 1188 639 1234 tantum
656 1177 763 1233 biennio
779 1186 841 1251 pest
858 1177 1008 1251 Symmachi
1031 1184 1145 1231 mertem
1163 1175 1304 1240 occubuit,
1326 1175 1456 1250 adeoque
1478 1193 1525 1232 su·

247 1276 338 1341 specta
356 1266 466 1321 forsitan
483 1264 621 1320 nonnullis
637 1263 759 1318 rideatur
780 1263 845 1317 hacc
860 1261 983 1336 epistola,
1007 1263 1032 1316 in
1050 1278 1102 1335 qua
1115 1261 1305 1336 sigismundus
1321 1278 1379 1318 rex
1395 1269 1523 1318 vocatur.

248 1353 347 1407 Verum
362 1351 387 1406 id
405 1352 496 1424 petius
512 1349 672 1404 Sinnendus
687 1347 749 1403 inde
765 1346 860 1403 centiei
877 1347 1009 1410 observat,
1027 1356 1055 1402 ut
1072 1346 1261 1420 Sigismuhdus
1277 1348 1426 1422 superstite
1443 1355 1525 1422 patre

248 1453 305 1494 ree:
321 1436 403 1491 inerit
419 1444 597 1509 nuncupatus.
634 1433 670 1488 En
687 1449 719 1488 ee
735 1441 839 1495 autem,
862 1432 935 1506 qued
956 1433 1008 1488 hoc
1028 1434 1136 1488 nomine
1151 1433 1179 1487 in
1195 1432 1309 1506 epistola
1325 1435 1375 1489 ista
1392 1431 1525 1497 «leuatur,
1594 1499 1596 1503 ι

248 1539 305 1579 eam
322 1538 376 1577 nou
393 1521 474 1594 lenge
490 1527 552 1576 ante
569 1519 671 1576 ebitum
687 1518 837 1592 Symmachi
852 1519 979 1591 scriptam
995 1535 1055 1574 esse
1070 1516 1226 1589 conjectura
1240 1526 1290 1574 est.

604 1653 642 1714 In
665 1650 839 1728 Symmachi
860 1650 1008 1728 epistolas
1030 1649 1170 1711 18-24.

70 1763 81 1784 ‘
165 1795 238 1864 yffi]
333 1775 366 1832 Ut
383 1784 470 1832 totum
485 1792 584 1849 corpus
601 1774 790 1849 epistolarum,
813 1791 881 1848 quae
901 1773 1090 1846 aSymmache
1111 1791 1179 1848 papa
1201 1783 1228 1830 et
1250 1773 1281 1828 ad
1297 1774 1385 1848 ipsum
1401 1775 1526 1849 scriptae

249 1871 327 1924 suut,
349 1860 556 1924 conficeremus,
579 1863 657 1916 etiam
679 1861 725 1916 has
741 1858 855 1915 Eunedii
876 1859 1004 1933 epistolas
1021 1859 1155 1914 eudemius
1177 1859 1310 1915 duximus.
1341 1859 1419 1933 hpud
1440 1876 1525 1934 quem

249 1957 342 2004 nostra
358 1947 459 2003 decima
474 1954 565 2002 octava
582 1954 623 2001 est
639 1945 699 2001 libri
712 1945 743 1999 lV
759 1945 874 2019 epistola
891 1944 939 2008 20,
957 1943 1058 1999 decima
1074 1962 1144 2000 noua
1159 1945 1201 2000 tu.
1219 1945 1268 2006 31,
1285 1946 1414 2019 vigesima
1430 1944 1476 2001 lV.
1494 1945 1525 2009 8,

249 2034 475 2107 vigesimaprima
491 2032 532 2088 lV.
550 2031 598 2094 22,
616 2032 743 2105 rigesima
758 2030 874 2086 secunda
890 2030 920 2084 V.
940 2030 987 2092 10,
1005 2031 1132 2103 vigesima
1148 2031 1225 2085 tertia
1241 2030 1305 2085 Vlll.
1323 2031 1373 2092 32,
1390 2031 1526 2105 vigesima

249 2127 343 2193 (quarta
358 2117 422 2173 Vlll.
441 2118 490 2174 38.
528 2118 565 2173 hc
580 2118 664 2190 prima
680 2115 788 2189 quidem
804 2126 830 2171 et
846 2115 962 2171 secunda
978 2116 1094 2187 scriptae
1110 2115 1249 2177 videntur,
1271 2133 1354 2189 quum
1373 2113 1526 2172 adversarii

249 2204 398 2278 Synnnachi
420 2204 565 2258 etiamtunc
584 2202 765 2261 mussitarent.
787 2211 814 2256 et
830 2199 1208 2256 Laurentiusblcdiolanensis
1229 2200 1298 2274 apud
1320 2199 1526 2258 Marcellianum

250 2287 449 2363 hqnilejensem
470 2305 520 2360 pro
545 2287 696 2361 Symmachi
720 2286 782 2356 jure
809 2285 924 2341 feliciter
949 2286 1147 2341 intercessisset
1169 2285 1252 2358 (conl.
1270 2302 1351 2359 supra
1367 2285 1528 2360 Symmachi

249 2377 328 2448 epist.
339 2372 378 2445 7).
409 2371 536 2446 lleliqnae
551 2381 615 2428 sunt
625 2359 737 2427 litterae
753 2371 1027 2432 recommendatieiae,
1045 2370 1142 2444 quibus
1154 2370 1292 2428 Eunedius
1302 2380 1348 2426 aut
1362 2384 1461 2428 causas
1478 2373 1529 2430 tri·

250 2458 403 2514 bulaternm
421 2466 526 2519 tuetur,
549 2467 594 2512 aut
612 2455 725 2528 juvenes
748 2456 852 2511 nobiles
868 2455 967 2511 llomae
982 2455 1071 2511 studia
1087 2455 1204 2512 liberalia
1218 2464 1415 2529 prosecuturos
1431 2459 1529 2531 ponti·

252 2543 292 2600 tlei
308 2542 487 2599 commendat.
518 2541 555 2597 Er
577 2542 673 2615 quibus
696 2541 727 2595 ad
743 2541 915 2596 Parthenium
937 2558 1080 2615 germanae
1102 2543 1184 2615 ipsius
1207 2540 1290 2597 hlium
1305 2542 1400 2615 plures
1415 2551 1529 2600 exstem

251 2630 369 2685 auctoris
386 2629 473 2683 nostri
489 2627 619 2702 epistolae
635 2628 803 2689 monitoriae
819 2626 911 2700 quales
927 2634 990 2682 sunt
1007 2627 1036 2682 V.
1056 2627 1102 2689 19,
1120 2626 1160 2682 Vl.
1179 2626 1194 2682 1
1213 2635 1240 2683 et
1257 2626 1305 2689 23,
1322 2625 1376 2682 i'll.
1395 2628 1449 2684 31.
1478 2627 1530 2686 lie·

250 2716 316 2770 eima
333 2721 425 2768 octava
442 2722 468 2768 et
484 2711 585 2769 decima
602 2729 672 2768 nena
688 2712 775 2768 selum
790 2729 889 2785 popae
904 2721 950 2768 aut
965 2714 1065 2769 domno
1073 2728 1174 2784 popae
1193 2713 1339 2786 inscriptae
1354 2720 1432 2769 suut.
1472 2713 1529 2772 Sed

252 2808 324 2855 recte
340 2797 499 2855 sirmondus
520 2798 553 2854 ad
567 2797 682 2854 Eunedii
704 2800 782 2871 epist.
797 2797 868 2860 ll⁷‚l
893 2806 998 2861 monet,
1025 2797 1101 2852 illum
1122 2799 1192 2853 sicut
1214 2797 1405 2854 Cassiodorum
1428 2806 1530 2857 contra

251 2902 352 2941 morem
375 2884 489 2940 aliorum
511 2884 661 2957 aequalium
673 2882 726 2952 jam
744 2901 841 2939 nemen
856 2900 955 2955 popae
971 2884 1016 2938 uni
1032 2882 1152 2938 llemano
1168 2880 1289 2956 pontifici
1307 2890 1445 2957 tamquam
1463 2902 1531 2960 pre·

250 2972 339 3045 prium
360 2979 388 3026 et
414 2971 549 3044 peculiare
577 2970 738 3032 asseruisse,
760 2969 831 3024 unde
854 2969 886 3024 de
907 2969 959 3023 alie
981 2969 1032 3023 nisi
1053 2968 1086 3023 de
1106 2969 1266 3042 Symmacho
1288 2976 1385 3024 nestro
1407 2971 1531 3046 cogitari

252 3057 353 3130 nequit.

1406 3256 1418 3280 .

300 3309 350 3380 ln
377 3307 632 3403 Symnrochi
660 3308 847 3380 decreta
873 3307 1180 3400 supposititia
1206 3306 1482 3384 Ooushanbii
1568 3400 1577 3423 ,

786 3449 986 3498 censura.

440 3596 466 3655 1.
495 3595 533 3656 In
554 3595 730 3672 Symmachi
752 3596 885 3670 synodos
907 3596 1085 3674 „quintam
1108 3599 1140 3657 et
1161 3599 1350 3668 ‚,sextsm“.,

337 3718 496 3774 llenleratur
512 3719 643 3773 morritum
659 3719 685 3773 in
701 3716 852 3791 Symmachi
869 3720 947 3792 epist.
965 3719 983 3776 5
1002 3737 1026 3774 n.
1042 3719 1059 3775 9
1073 3736 1150 3792 seqq.
1166 3736 1248 3793 supra
1264 3737 1326 3793 pag.
1341 3719 1383 3778 90
1394 3739 1433 3777 ss.

294 3870 323 3930 2.
350 3869 388 3930 In
411 3832 585 3944 Symmachi
606 3866 768 3945 epistolem
790 3870 832 3929 ed
854 3869 1053 3929 Laurentium
1073 3868 1338 3930 Mediolanensem
1360 3871 1487 3934 arehie-

497 3953 657 4031 piscopum
680 3950 845 4033 (,‚Pr0aa“‚
871 3957 959 4031 lligne
976 3966 1044 4031 patr.
1064 3957 1109 4013 lat.
1126 3955 1201 4020 Lllll,
1213 3951 1277 4034 52).

338 4076 451 4132 Eunedii
472 4085 513 4131 est
535 4079 621 4133 dictio
637 4077 689 4133 ΙΙΙ
707 4079 776 4133 dede
794 4078 941 4148 Stephane
964 4096 987 4134 e.
1006 4094 1029 4133 s.
1053 4081 1160 4134 vicario
1176 4079 1299 4134 dicendo
1315 4078 1450 4138 diceneo
1467 4089 1529 4156 epi-

253 4180 340 4236 seopo
356 4161 456 4236 (iligna
471 4162 542 4217 Patr.
560 4161 605 4217 lat.
623 4162 708 4235 hhlll
727 4161 807 4234 299).
829 4162 963 4218 'lieinensi
991 4162 1107 4225 seilicet,
1132 4164 1177 4237 qui
1199 4180 1268 4219 anno
1285 4164 1344 4221 501
1362 4165 1530 4242 subscripsit

253 4250 403 4304 constitute
425 4246 603 4303 absolutionis
624 4247 774 4320 Synnuaehi
796 4255 823 4303 et
839 4249 882 4303 cui
897 4246 1011 4303 subinde
1028 4247 1164 4304 llmmdius
1182 4249 1238 4321 ipse
1254 4251 1395 4307 successit.
1426 4251 1468 4308 lta
1485 4254 1528 4310 rel

254 4351 305 4389 una
320 4334 459 4406 inscriptio
476 4340 592 4405 quatuor
608 4350 670 4406 prae
686 4350 715 4388 se
732 4333 784 4387 lert
800 4333 858 4387 salsi
874 4341 961 4388 notas
995 4333 1054 4388 Non
1071 4334 1140 4389 enim
1153 4334 1196 4389 hlc
1212 4332 1325 4390 habetur
1337 4339 1460 4407 epistola
1477 4337 1528 4395 sed

254 4421 354 4482 oratio,
377 4425 403 4473 ct
426 4418 491 4473 haec
506 4419 592 4473 oratio
608 4435 662 4474 nen
678 4418 827 4491 Symmachi
843 4417 889 4473 sed
906 4415 1020 4474 Eunedii
1036 4436 1104 4492 opus
1121 4427 1176 4480 est,
1196 4436 1284 4492 neque
1300 4419 1332 4475 ad
1347 4419 1528 4479 laurentium

255 4503 477 4559 Mediolanensem
493 4503 541 4558 sed
557 4503 589 4558 ad
604 4503 744 4559 llarimunr
761 4505 917 4577 episcopum
933 4504 1101 4559 'ficinensem
1116 4504 1243 4560 refertur.
1273 4503 1342 4560 Sane
1363 4507 1386 4560 si
1406 4506 1439 4562 ad
1456 4507 1544 4564 Lnu·.

254 4590 371 4645 rentium
386 4587 461 4642 illum
477 4590 629 4662 scripsisset
645 4588 833 4661 Symmachus,
852 4589 922 4644 hune
937 4588 1093 4663 simpliciter
1103 4589 1329 4646 lledielanensem
1345 4589 1526 4665 episcopum.

255 4692 309 4730 nen
325 4675 575 4746 archiepiscopum
590 4683 781 4747 nuncupasset.
817 4673 852 4729 lle
874 4692 948 4730 more
970 4674 1030 4737 illo,
1054 4676 1099 4748 qui
1121 4684 1230 4731 stante
1252 4675 1369 4732 obtinuit
1390 4685 1418 4732 et
1440 4677 1529 4754 lenge

256 4768 318 4834 pest
334 4761 528 4833 perseveravit,
546 4761 568 4814 si
585 4761 645 4833 quis
661 4758 774 4821 dubitet,
792 4759 832 4815 rel
848 4776 930 4815 unum
947 4761 1070 4816 consulat
1086 4760 1210 4834 Gregorii
1225 4760 1234 4815 l
1250 4762 1407 4835 registrum,
1422 4764 1453 4819 iu
1469 4781 1528 4838 quo

256 4863 338 4918 quum
355 4845 484 4918 plurimae
500 4845 532 4899 ad
548 4845 760 4901 Mediolanenses
776 4845 914 4919 praesules
931 4846 1061 4920 epistolae
1076 4847 1193 4919 scriptae
1207 4847 1276 4908 sint,
1299 4848 1325 4901 in
1341 4863 1433 4903 earum
1451 4848 1528 4906 nulla

257 4932 289 4986 iis
304 4931 498 5005 archiepiscopi
515 4948 613 4986 nemen
628 4930 753 4986 donatur.
785 4931 850 4987 Tres
868 4950 890 4987 r.
905 4949 946 5006 gr.
964 4933 990 4986 in
1006 4940 1103 5004 quarte
1119 4930 1187 4987 libre
1205 4932 1369 4990 Corrsteetio
1385 4937 1529 5008 episcopo
