3204 5506
488 352 683 404 arrsrcnna
708 342 758 400 15.
784 343 832 399 16.
1225 337 1287 404 729

101 506 135 570 2.
171 505 287 591 Igitur,
310 507 573 592 quemadmodum
596 529 693 591 supra
714 506 863 590 diximus),
887 507 1111 592 persingulas
1133 507 1284 572 ecclesias
1297 536 1321 572 a.
1334 525 1390 573 514.

97 608 175 673 ¹ficia
203 630 283 692 quae
311 613 387 672 sunt
413 609 467 672 diu
496 611 655 674 custodita
681 611 858 673 serventur.
885 608 954 673 nc
981 610 1008 673 si
1037 612 1104 674 tam
1131 611 1284 674 ecclesiae

97 710 179 775 ansis
207 711 341 775 antistes
369 711 418 775 vel
446 711 528 776 alins
552 711 702 796 quilibet,
739 711 987 795 metropolitano
1020 712 1166 797 pontifici
1190 713 1285 797 juxta

98 835 178 877 num
201 812 419 878 definitionem
440 816 572 878 vocatus
594 814 813 897 obtemperare
829 813 978 898 noluerit,
1002 815 1128 880 noverit
1149 815 1284 879 subden-

117 936 149 978 se
156 964 166 997 ,
200 916 284 1000 quod
304 937 371 980 non
394 919 557 1000 optamus,
595 915 831 980 ecclesiasticae
853 915 1051 1000 disciplinae.
1096 915 1140 979 Et
1160 916 1195 980 in
1222 916 1284 981 hac

98 1039 329 1101 magnopere
351 1021 384 1082 ie
405 1019 549 1082 volumus
571 1039 640 1082 esse
662 1016 850 1100 sollicitum,
882 1022 919 1082 ut
940 1019 968 1081 si
977 1019 1002 1100 ³)
1026 1019 1095 1103 quis
1124 1019 1163 1082 de
1186 1017 1284 1083 Galli-

98 1164 101 1180 .
124 1119 174 1183 vel
195 1119 343 1203 Hispana
365 1120 549 1205 regionibus
573 1119 780 1184 ecclesiastici
803 1119 923 1183 ordinis
946 1123 1041 1204 atque
1057 1120 1154 1184 officii
1170 1120 1211 1183 ad
1226 1144 1284 1184 nos

98 1243 130 1285 re
151 1221 332 1305 compulsus
354 1221 461 1305 fuerit,
493 1244 565 1286 cum
586 1220 801 1293 fraternitatis
822 1224 898 1286 tuae
920 1221 1036 1285 notitia
1058 1222 1120 1287 iter
1141 1223 1284 1308 peregri-

98 1322 160 1386 )nis
182 1323 332 1407 arripiat:
363 1327 400 1387 ut
420 1346 481 1388 nec
503 1323 605 1387 honor
627 1324 694 1407 ejus
716 1344 774 1407 per
800 1322 1019 1407 ignorantiam
1049 1324 1188 1410 aliquam
1211 1348 1283 1390 con-

98 1423 181 1489 eliam
203 1425 360 1509 patiatur,
391 1429 424 1490 et
446 1425 656 1510 ambiguitate
679 1424 810 1510 depulsa
832 1447 851 1489 a
873 1426 965 1490 nobis
988 1427 1095 1490 animo
1117 1448 1227 1491 securo
1248 1429 1282 1491 in

98 1526 250 1591 munionis
272 1528 411 1612 gratiam
434 1529 537 1612 possit
558 1527 694 1592 admitti.
733 1525 821 1591 Deus
842 1530 876 1592 te
898 1528 1090 1593 incolumem
1113 1528 1281 1612 custodiat,

98 1651 123 1691 er
137 1629 315 1694 carissime!
353 1628 439 1693 Data
460 1630 509 1694 ΠΙ
531 1629 607 1694 Idus
628 1629 761 1712 iunias,
784 1628 895 1694 Flavio
903 1631 929 1715 ⁴)
952 1629 1106 1696 Senatore
1128 1630 1197 1695 viro
1220 1631 1282 1695 cla-

98 1752 145 1794 mo
167 1730 306 1796 consule.

109 1832 136 1896 3.
170 1839 349 1916 Exemplum
369 1838 470 1900 libelli
490 1839 523 1899 1².
565 1832 729 1909 Quantum
750 1833 785 1898 in
807 1834 954 1898 omnibus
976 1834 1181 1899 ecclesiarum
1204 1857 1284 1919 pon-

99 1933 173 2019 bus,
203 1937 341 2020 quaein
362 1939 430 2000 toto
457 1937 533 2000 orbe
554 1936 687 1999 diffusae
709 1939 800 2020 sunt,
835 1935 1010 2020 apostolica
1038 1936 1127 2000 sedes
1156 1937 1285 2000 sibimet

99 2033 162 2100 icat
182 2038 415 2123 principatum,
447 2041 479 2102 et
500 2037 705 2122 synodalibus
728 2038 863 2102 decretis
885 2038 1006 2102 firmior
1028 2038 1096 2121 ejus
1118 2039 1284 2122 praecellit

99 2139 202 2223 oritas,
226 2142 352 2204 tantum
375 2141 545 2224 potestatis
567 2161 643 2203 suae
665 2140 846 2225 provisione
869 2139 986 2204 dudum
1008 2161 1111 2204 asese
1134 2162 1284 2204 concessa

99 2242 169 2327 uti)
190 2243 382 2307 inconcussa
404 2243 533 2306 servari.
579 2240 742 2317 Quatenus
765 2241 964 2305 Arelatensis
997 2240 1131 2305 ccclesia
1157 2242 1285 2306 fruatur

99 2339 192 2428 ¹legiis
221 2345 302 2426 suis,
340 2367 421 2430 quae
448 2366 535 2407 nunc
563 2364 620 2427 per
648 2344 828 2407 antistitem
855 2343 1039 2410 Caesarium
1066 2343 1180 2407 seriem
1208 2366 1284 2409 suae

100 2440 184 2509 aionis
205 2446 366 2530 insinuat,
391 2450 423 2511 et
445 2469 539 2532 quam
562 2446 717 2510 hactenus
740 2444 852 2510 habuit
870 2448 1079 2530 potestatem,
1103 2448 1210 2510 vestra
1232 2447 1283 2510 de-

99 2541 121 2607 it
143 2549 334 2612 auctoritate
355 2549 490 2612 firmari:
512 2552 549 2612 ut
570 2549 653 2633 quod
668 2549 850 2612 veneranda
869 2548 959 2612 sedes
973 2548 1134 2633 qnondam
1148 2549 1283 2633 perenni

100 2645 184 2713 tione
207 2650 358 2714 custodiri
381 2651 556 2735 praecepit,
581 2653 613 2714 et
634 2649 844 2735 pragmaticis
860 2649 1043 2734 specialiter
1057 2649 1185 2713 decreta
1207 2653 1284 2714 sunt

100 2746 212 2834 titutis,
235 2752 443 2817 beatitudinis
465 2755 589 2816 vestrae
612 2752 792 2836 praeceptis
814 2752 879 2816 suis
903 2753 1000 2817 etiarn
1014 2774 1102 2816 nunc
1118 2752 1284 2817 confirmet

100 2854 201 2918 uitas.
254 2855 411 2940 Aquensis
439 2855 537 2919 etiam
567 2854 707 2919 civitatis
736 2854 920 2938 episcopum
948 2855 1131 2918 sanctitatis
1162 2858 1284 2919 vestrae

100 2957 139 3019 iri
160 2957 337 3042 praecipite
360 2957 554 3039 constitutis,
577 2959 614 3019 ut
637 2956 712 3019 dum
727 2979 746 3019 a
762 2956 1008 3040 metropolitano
1023 2955 1169 3020 antistite
1184 2957 1284 3021 eccle-

101 3057 305 3123 Arelatensis
333 3060 373 3123 ad
401 3059 552 3143 synodale
582 3058 751 3122 concilium
778 3058 876 3121 fuerit
904 3060 1068 3140 evocatus,
1097 3059 1147 3121 vel
1176 3058 1284 3143 aliqua

101 3162 228 3226 lationis
251 3183 347 3225 causa
370 3183 442 3226 eum
464 3161 525 3224 sibi
547 3161 688 3244 postulet
709 3159 824 3245 religio
846 3159 954 3223 divina
976 3159 1202 3242 necessarium,
1226 3160 1283 3223 mi-

123 3263 234 3328 venire
256 3264 443 3328 frustretur:
471 3266 629 3348 quatenus
652 3284 792 3346 eaquae
819 3261 985 3346 longaevis
1008 3261 1143 3324 saeculis
1164 3261 1283 3345 prisco-

106 3366 217 3430 sanxit
239 3365 424 3448 auctoritas,
455 3366 544 3430 vobis
567 3365 765 3449 praesulibus
789 3363 950 3447 praesenti
973 3362 1162 3448 futuraeque
1185 3363 1282 3427 aetat'

100 3463 171 3533 lata
183 3471 360 3532 serventur.
384 3467 471 3532 Data
481 3467 542 3553 pt)
559 3467 745 3551 abAegidio
761 3465 877 3529 abbate
893 3468 926 3528 et
936 3463 1097 3528 Messiano
1113 3465 1282 3547 notarim).

102 3591 168 3600 ἱ,-
175 3594 216 3599 ...-.
239 3593 320 3599 —--

123 3637 277 3706 0001Ιί03.
297 3643 321 3690 ri
338 3659 408 3707 quem
483 3644 645 3706 compulerit,
671 3635 784 3702 vitiose,
806 3635 860 3688 nisi
878 3635 1040 3704 suppleatur
1057 3640 1210 3698 necessitas,
1235 3637 1285 3689 aut

101 3722 189 3777 simile
208 3724 275 3790 (0¹¹).
312 3722 419 3777 Ibidem
437 3722 536 3776 deinde
555 3724 584 3776 ot
601 3738 686 3791 supra
702 3721 765 3775 Bar.
786 3718 905 3774 removit
923 3727 961 3772 vet
974 3723 1099 3786 lltspana,
1118 3719 1283 3788 refraganti·

102 3821 151 3861 aas.
182 3808 262 3861 Hunc
280 3807 371 3876 ipsum
383 3807 541 3876 Symmachi
558 3808 649 3861 locum
662 3823 817 3860 memorare
835 3805 945 3859 videtur
957 3802 1076 3872 Vigilina
1095 3802 1174 3873 epist.
1186 3811 1202 3858 6
1220 3823 1246 3859 n.
1259 3812 1281 3859 t.

102 3897 182 3948 tntea
194 3891 318 3947 Zosimus
336 3891 417 3962 epist.
434 3898 445 3945 l
465 3911 491 3946 n.
507 3900 520 3946 1
539 3892 730 3962 praeceperat,
749 3890 816 3944 nulli
835 3888 1013 3944 ecclesiastici
1032 3888 1136 3942 ordinis
1154 3888 1212 3944 sinc
1231 3891 1283 3945 for-

109 3977 247 4048 praesulis
266 3977 434 4031 Arelatensis
452 3977 626 4048 peregrinari
644 3993 785 4045 quoquam
802 3975 894 4029 licere.

123 4062 250 4117 bomitt.
271 4066 370 4124 Flavio,
399 4079 469 4128 quae
493 4062 600 4116 duabus
623 4061 723 4116 litteris
741 4065 780 4114 Fi.
804 4061 833 4113 in
855 4078 916 4113 mss.
942 4057 1112 4128 exprimitur.
1150 4063 1285 4115 Senatorii

124 4151 263 4216 Renatore)
282 4151 375 4201 autem
393 4147 504 4201 nomine
523 4147 685 4216 designatur
703 4144 889 4206 Cassiodorus.

102 4253 104 4276 ¹
124 4234 169 4287 lta
185 4234 219 4287 L²
230 4232 272 4286 L³.
310 4237 337 4286 0⁵
348 4248 404 4301 seq.
424 4238 499 4287 debet
516 4252 628 4286 emtore.

102 4347 104 4358 =
124 4317 183 4370 bos
195 4335 252 4386 seq.
275 4322 343 4370 Data
360 4322 392 4370 ab
406 4322 527 4385 Aeptdio,
551 4316 652 4370 omissa
669 4316 767 4369 notula
784 4337 814 4383 p,
838 4331 893 4382 qua
914 4320 1005 4382 petitio
1027 4316 1125 4369 nostra
1147 4315 1285 4370 sententia

103 4404 186 4456 satur.
224 4402 306 4456 Certe
328 4419 425 4457 vocem
447 4402 538 4471 ipsam
560 4418 645 4471 supra
666 4409 722 4458 n.3
744 4416 903 4470 expressam
925 4399 1060 4453 habemus
1082 4399 1110 4452 in
1133 4399 1205 4453 hunc
1227 4415 1284 4453 mo-

122 4492 281 4542 Arelatensis
305 4493 411 4541 ecclesia
486 4494 577 4541 scriem
600 4508 661 4541 sicae
680 4493 812 4555 petitionis
835 4492 953 4538 insinuat.
994 4484 1020 4536 ls
1038 4483 1171 4553 Aegidius
1194 4485 1284 4540 abbas

119 4572 240 4636 videtur,
271 4572 348 4641 cujm
371 4573 506 4628 festivitas
524 4572 656 4628 Kalendis
679 4571 850 4641 Septembris
873 4568 974 4639 agitur.
1012 4568 1070 4622 Nec
1089 4569 1174 4624 alium
1192 4568 1285 4638 opine-

103 4656 157 4725 cjus
179 4658 285 4711 socium
309 4660 401 4725 (quem
419 4658 452 4711 L³
472 4661 653 4719 omissionem,
676 4658 709 4711 L¹
730 4660 908 4710 Omissionnrio
930 4652 1100 4723 exprimunt,
1124 4653 1284 4708 omittentes

103 4746 139 4810 fa),
157 4741 210 4796 nisi
228 4747 384 4797 directorium
401 4743 479 4796 illum
496 4744 704 4813 presbyterum,
730 4742 776 4810 qui
795 4758 850 4795 una
868 4757 930 4794 cum
948 4738 1091 4808 Stephano
1109 4738 1226 4793 diacono
1245 4757 1285 4794 se-

103 4843 139 4880 un
155 4827 231 4883 vitae
249 4845 270 4882 s.
287 4826 409 4882 Caesarii
427 4828 529 4882 librum
548 4827 742 4896 conscripsisse
760 4827 828 4881 dicit
864 4869 869 4879 .

103 4919 108 4972 l
125 4911 168 4966 Ad
185 4913 290 4968 calcem
308 4913 389 4982 hujus
406 4912 493 4968 libelli
512 4913 572 4967 cod.
591 4913 659 4982 Reg.
678 4913 777 4967 habet:
796 4917 964 4966 Dilectissimo
980 4915 1064 4977 fratri
1078 4913 1282 4965 000000110Ηο0-
