3204 5506
549 346 719 396 nrrsronn
745 337 794 395 10.
1034 299 1038 306 ¹
1219 329 1281 396 763

100 520 212 566 namus.
261 500 347 565 Nam
375 523 433 584 pro
461 500 521 565 hac
550 522 646 564 causa
668 501 863 564 attestantur
883 499 977 565 nobis
1000 499 1097 578 etiam
1119 499 1280 588 divinae⁵)
1294 526 1317 563 a
1331 514 1387 564 516.

100 623 159 687 tae,
188 603 227 668 ad
250 603 480 667 Alexandriam
508 624 574 666 non
597 602 694 666 semel
724 602 779 666 sed
806 602 969 667 multoties
998 602 1193 686 destinatae,
1223 624 1282 689 per

120 705 370 790 objurgavimus,
401 728 456 770 cur
483 705 544 768 sibi
572 728 639 770 non
662 704 895 769 arbitrarentur
917 726 1009 789 posse
1031 704 1179 769 sufficere
1201 705 1281 771 dire·

100 832 106 870 ι
130 807 202 872 fidei
230 807 459 893 doctrinamt),
497 806 682 871 recedentes
709 807 751 871 ab
779 807 985 871 anathemate
1013 805 1282 873 Calchedonensis

100 910 129 974 di
150 910 199 974 vel
221 909 422 974 venerandae
444 909 616 973 memoriae
631 909 746 974 Leonis
769 909 919 992 episcopi.
958 907 1051 974 Unde
1065 931 1132 974 nou
1147 931 1282 994 parrum

100 1013 153 1076 'nm
176 1012 262 1096 apud
284 1034 342 1076 nos
365 1016 397 1075 et
419 1011 557 1075 intentio
572 1011 607 1074 in
622 1011 784 1095 praesenti
800 1032 924 1095 quoque
937 1011 1100 1095 perdurat,
1124 1016 1282 1096 quatenus

100 1112 256 1198 rperflu07)
285 1113 491 1178 anathemate
519 1113 645 1178 eosdem
679 1113 835 1196 possimus
869 1112 1053 1177 abstrahere
1087 1116 1120 1178 et
1151 1117 1282 1178 sanetae

100 1215 179 1280 esiae
201 1216 374 1280 universali
398 1216 603 1300 conjungere.

102 1318 131 1383 3.
169 1317 217 1382 De
241 1317 381 1402 capitulo
403 1339 488 1400 vero,
512 1318 595 1402 quod
617 1317 719 1381 solum
742 1316 866 1380 videtur
888 1339 956 1381 esse
978 1317 1149 1401 residuum,
1173 1322 1283 1382 nostra

100 1423 163 1483 utus
186 1420 335 1503 petitioni
359 1423 482 1483 vestrae
504 1420 641 1484 fortasse
663 1422 794 1504 propter
816 1419 973 1484 unitatem
990 1420 1194 1484 ecelesiarum
1210 1441 1281 1484 con-

100 1523 194 1607 rat⁸),
224 1522 287 1586 nisi
311 1522 375 1585 alia
397 1520 632 1585 venerabilibus
656 1522 797 1586 eeclesiis
820 1546 857 1586 ex
881 1523 940 1587 hoc
962 1523 1107 1586 renovari
1132 1522 1284 1586 scandala

100 1646 224 1688 eremus.
274 1623 369 1687 Nunc
397 1623 545 1687 universa
572 1646 653 1707 quae
687 1624 754 1688 sint
784 1625 934 1689 iacienda
966 1624 1171 1708 perpendite,
1209 1624 1284 1709 quia

100 1749 115 1790 e
141 1747 210 1790 esse
239 1725 409 1789 elementia
437 1728 548 1789 nostra
571 1724 697 1809 judicat
725 1727 762 1790 de
784 1726 930 1791 Ecclesia
957 1725 1132 1791 venerabili
1153 1729 1285 1810 propter

100 1849 157 1892 uos
187 1827 275 1890 viros
303 1826 435 1910 expelli,
471 1849 530 1890 nec
558 1827 627 1890 sine
656 1828 756 1891 multa
787 1829 939 1892 effusione
961 1828 1094 1892 humani
1116 1829 1284 1915 sanguinis

100 1952 135 1994 us
156 1951 250 2013 posse
273 1951 310 1992 ea
333 1952 413 2013 (pirae
436 1951 531 2012 super
553 1928 613 1993 hoc
635 1930 774 1994 scribitis
797 1930 948 1994 ordinari.
994 1930 1110 1994 Omnia
1132 1935 1242 1995 tamen
1265 1953 1284 1993 a

108 2035 273 2116 sperantes
280 2081 290 2114 ,
313 2025 408 2116 pert)
429 2031 597 2095 concilium
620 2032 732 2095 melius
755 2054 850 2116 agere
870 2030 1028 2116 poteritis
1052 2053 1148 2115 quam
1171 2033 1212 2095 ab
1234 2031 1285 2095 his

100 2133 214 2216 nibus,
238 2133 292 2216 qui
314 2136 445 2216 propter
467 2155 588 2197 errores
611 2155 683 2197 suos
706 2134 888 2217 provincias
910 2137 1149 2217 percurrentes,
1180 2133 1285 2197 inimi-

110 2234 286 2318 evangeliis
309 2234 431 2298 sanctis
453 2239 486 2299 et
508 2235 650 2300 ecclesiis
672 2235 784 2300 volunt
805 2257 874 2299 esse
896 2235 1097 2310 discordiam,
1140 2235 1228 2320 Ergo
1251 2239 1286 2299 ut

100 2338 213 2400 »locens
236 2358 392 2419 supernae
420 2338 581 2420 majestati
611 2337 816 2401 ecclesiarum
845 2337 969 2419 unitas,
999 2336 1177 2421 providete:
1210 2337 1286 2421 quia

100 2441 120 2524 ')
148 2439 242 2503 nobis
270 2438 304 2502 in
332 2439 395 2521 eis,
424 2461 504 2522 quae
527 2439 666 2523 praefati
693 2462 817 2523 sumus,
846 2429 989 2523 obsistit,
1025 2439 1227 2523 ignoramus,
1259 2441 1285 2505 si

100 2614 108 2676 )
125 2609 159 2662 H.
179 2626 202 2662 e.
222 2606 391 2677 imperiales,
410 2624 482 2677 quae
500 2609 583 2662 modo
602 2615 714 2670 diuinae,
733 2609 842 2678 saepius
858 2629 950 2663 sacrae
968 2609 1110 2663 vocantur.

100 2694 156 2761 )In
175 2692 291 2747 Zenonis
312 2692 441 2747 videlicet
462 2693 591 2748 henotico
613 2693 780 2763 expositum,
804 2711 887 2760 quem
910 2712 965 2749 non
988 2695 1076 2747 solum
1094 2693 1288 2748 Alexandrinis

100 2778 176 2843 uuit,
198 2778 248 2832 sed
266 2779 296 2831 et
312 2777 344 2830 ut
361 2795 378 2832 a
394 2777 527 2832 Romanis
549 2778 726 2847 pontificibus
744 2778 945 2848 susciperetur,
963 2779 1037 2833 Festi
1059 2778 1170 2848 patricii
1194 2796 1288 2849 opera,

100 2864 236 2918 heodorus
256 2862 344 2916 lector
368 2864 466 2916 auctor
488 2864 542 2929 est,
564 2863 691 2917 tentavit.
732 2863 839 2918 Deinde
860 2870 1009 2918 recedentes
1032 2867 1064 2917 ab
1082 2868 1241 2917 anathenmte
1259 2863 1288 2917 id

100 2946 253 3002 desinentes
271 2947 421 3001 anathema
439 2946 531 3002 dicere
550 2947 766 3002 calchedonensi
784 2948 888 3017 synodo
907 2967 940 3002 ae
958 2947 1051 3002 Leoni.
1081 2948 1120 3002 Ut
1134 2948 1207 3002 enim
1219 2950 1287 3003 Eva·

100 3033 170 3095 llll,
194 3040 227 3086 30
248 3031 356 3098 scribit,
385 3049 468 3102 quum
494 3031 540 3086 alii
565 3032 815 3087 Calchedonensem
837 3033 972 3102 synodum
994 3034 1218 3103 propugnarent,
1241 3033 1288 3087 alii

100 3119 176 3173 ruodo
195 3134 257 3171 cam
276 3133 331 3170 non
353 3117 536 3186 susciperent,
564 3137 646 3170 oerum
668 3124 743 3171 etium
765 3125 831 3172 illurn
853 3139 904 3170 ona
924 3138 977 3170 cnm
1000 3123 1095 3171 Iteom'r
1117 3125 1226 3186 epistota
1243 3123 1288 3174 sub

100 3215 178 3257 renate
196 3209 359 3264 damnarent,
379 3207 532 3256 Anastasius
549 3209 663 3255 ecelesiis
677 3206 842 3262 exturbabat,
864 3208 889 3255 si
905 3223 976 3272 quern
991 3207 1062 3269 sorte
1079 3207 1289 3271 deprehendisset

100 3296 129 3339 'er
149 3295 259 3342 Iocorum
281 3294 483 3341 consuetudinem
505 3299 550 3341 aut
571 3293 699 3341 concilium
717 3292 922 3342 Calchedonense
942 3292 1135 3356 praedicantem
1157 3299 1202 3341 nat
1224 3294 1289 3342 idam

100 3377 242 3427 mathemate
260 3379 426 3428 damnantem.

100 3457 112 3522 ')
129 3458 182 3512 Pro
200 3463 329 3526 superfluo
348 3457 491 3511 substituit
502 3457 637 3511 Batonius
655 3464 845 3526 suprascripto,
865 3458 1009 3522 occultam,
1028 3459 1059 3510 ut
1076 3457 1198 3524 videtur,
1217 3458 1289 3513 Ilua-

100 3544 239 3597 mentem
257 3557 312 3595 non
330 3541 396 3596 satis
408 3543 556 3597 assecutus.
594 3543 700 3612 Quippe
718 3544 795 3596 valer
813 3561 846 3597 ac
863 3543 984 3612 pertidus
1002 3543 1155 3612 imperator
1172 3544 1289 3597 haerens

104 3625 226 3682 henotici
244 3627 412 3682 sentcntiae:
443 3632 517 3681 Scire
535 3648 579 3681 uos
597 3634 717 3688 notmmu,
736 3647 782 3682 uec
799 3648 845 3682 nos
863 3648 916 3681 nee
927 3648 972 3681 eas
990 3649 1055 3697 puae
1072 3632 1162 3698 ntique
1179 3639 1236 3681 aunt
1249 3648 1289 3682 ee·

100 3719 200 3767 saliud
220 3716 354 3782 njmbulam
371 3719 508 3768 alienumve
526 3719 694 3780 definitionem
709 3719 772 3779 fidei
788 3725 831 3767 aut
845 3719 922 3780 fidem
943 3717 1060 3767 babuisse
1077 3720 1117 3767 vel
1137 3717 1231 3767 laetere
1253 3722 1292 3768 net

100 3816 153 3852 aas
170 3817 226 3852 esse
242 3810 351 3865 praeter
370 3802 504 3866 rpnrbotum
523 3802 692 3851 CCCXVIII
708 3809 824 3866 putrem,-
845 3796 929 3867 paulo
951 3798 1016 3851 anto
1040 3796 1290 3853 Calchedonensern

100 3877 160 3936 lum
178 3883 214 3936 ob
232 3882 261 3936 id
280 3882 496 3948 commendavit,
515 3905 587 3952 perum
604 3889 662 3951 ipsa
680 3889 779 3937 diser-it
796 3888 929 3937 anathema
947 3903 1002 3937 esse
1021 3887 1127 3946 debere,
1152 3889 1291 3953 quicunque

114 3973 202 4032 fidem,
222 3989 295 4037 qaam
307 3974 378 4036 apud
390 3973 509 4021 Nicaeum
524 3972 694 4021 CCCXVIII
710 3972 866 4021 venerabiles
882 3980 972 4035 patres
983 3974 1178 4030 constituerunt,
1198 3975 1291 4023 doecre

100 4063 207 4106 emerere
228 4058 349 4110 notuerit:
372 4052 499 4119 innuens,
523 4053 650 4107 eamdem
673 4053 808 4122 synodum
827 4052 1079 4107 calchedonensem
1097 4052 1151 4107 sibi
1172 4053 1238 4122 ipsi,
1260 4053 1291 4118 si,

100 4131 126 4189 bi
142 4137 361 4207 persuadebant,
383 4138 535 4192 Nicaenam
554 4138 637 4192 fidem
655 4138 839 4202 immutasset,
862 4138 1012 4192 rinotlrema
1030 4137 1143 4204 elisisse,
1165 4138 1291 4207 adeoque

100 4221 193 4276 diuum
212 4239 271 4276 esse
290 4238 392 4276 novum
411 4223 436 4277 ei
454 4224 604 4277 ¹anathema
621 4222 750 4291 adjicere.

100 4305 114 4370 ¹⁸)
132 4306 150 4359 b
168 4315 321 4361 corruenti-et.
356 4307 420 4361 Mox
439 4308 472 4362 G¹
487 4311 512 4361 a'
534 4315 670 4375 rernouerr',
691 4309 839 4376 quodcum
858 4309 924 4362 boo
942 4307 970 4361 in
981 4316 1106 4362 renouari
1117 4307 1291 4363 mutavimus.

100 4386 149 4445 ›ieit
165 4391 210 4445 hie
223 4392 384 4446 Anastasius
403 4393 439 4446 ad
457 4391 494 4460 id,
514 4393 588 4460 quod
606 4393 755 4447 Horrnisda
772 4393 880 4461 epistt}
898 4411 924 4446 n.
939 4400 954 4446 2
972 4391 1109 4463 praecipit
1126 4393 1169 4447 his
1186 4393 1291 4447 verbis:

100 4496 157 4530 tumn
179 4484 367 4531 insonaturum
385 4484 547 4532 ecclesiaram
564 4486 681 4532 nrernorr'a
699 4482 819 4532 dioscori
834 4484 971 4547 participis
990 4482 1149 4545 Culpatum,
1172 4482 1294 4533 Timothei

100 4568 143 4614 rtrt'
157 4569 348 4630 parricidarum
366 4568 564 4617 commemoratio
582 4569 717 4617 reviviscat
778 4568 891 4617 Aeacius
903 4568 977 4617 Petri
994 4568 1154 4617 tenebrarum
1168 4568 1217 4630 filii
1228 4584 1292 4618 rom-

100 4666 139 4701 ane
156 4654 266 4714 pollutus
284 4651 376 4701 babeat
390 4655 548 4716 participes,
568 4669 630 4717 qnos
649 4654 749 4715 delegit.

100 4735 114 4800 'l
131 4732 219 4785 Deest
236 4731 265 4785 in
278 4732 311 4785 G*
326 4736 350 4785 a¹
371 4753 419 4800 per
437 4733 482 4799 (G¹
496 4735 662 4799 counitam),
681 4732 755 4802 quod
773 4733 791 4785 b
805 4751 839 4785 ec
857 4733 1064 4803 suppleverunt.
1099 4733 1170 4787 Hine
1187 4735 1216 4787 et
1234 4751 1292 4788 ora-

100 4817 210 4872 sseries
228 4815 327 4870 deinde
347 4839 418 4885 qrrnrn
436 4839 545 4897 percos
563 4823 685 4879 tornines,
704 4833 759 4871 nou
778 4838 849 4886 quam
867 4822 898 4871 nb
916 4825 955 4873 Im
973 4822 1108 4873 hominibus
1125 4817 1256 4888 postulat.

102 4906 123 4971 ⁰)
142 4903 212 4957 bec
231 4907 297 4971 qnid.
331 4902 395 4956 Mox
414 4904 439 4956 a¹
460 4908 483 4955 si
497 4907 559 4956 hene
577 4909 730 4969 rronorpait.
760 4903 922 4958 Anastasius
935 4903 1100 4959 Hormisdou
1118 4921 1151 4958 ae
1168 4903 1292 4958 demaso-
