3204 5506
566 374 761 423 nersuouas
784 366 814 422 4.
839 366 868 423 5.
1191 345 1194 358 ’
1289 362 1352 426 629

168 529 195 591 1.
229 528 438 592 Venerabiles
460 533 590 593 sanctae
614 529 765 593 eeclesiae
789 530 952 593 Romanae
981 531 1068 595 urbis
1092 535 1187 616 atque
1210 533 1349 598 Alexan·
1363 544 1480 611 (caat.)

74 630 193 695 drinae
215 653 281 694 non
304 631 406 694 solum
428 631 522 693 fidem
550 635 671 694 rectam
700 635 795 716 atque
822 633 1076 715 immaculatam,
1111 656 1149 697 cx
1177 656 1239 719 quo
1267 636 1349 700 salu-

73 734 159 797 taris
182 733 217 797 in
240 733 286 796 eis
308 732 508 817 praedicatus
537 736 585 795 est
607 754 726 814 serm0,
754 734 815 827 ¹sed
847 735 944 797 etiarn
972 735 1080 798 divino
1108 737 1142 803 in
1171 736 1349 802 ministerio

76 856 207 918 semper
230 834 431 898 concordiam
454 838 670 898 servaverunt.
705 835 829 919 Quippe
845 858 942 919 quum
958 837 998 900 ab
1013 860 1078 901 uno
1093 838 1239 901 fueritin
1255 840 1349 902 utris·

75 959 140 1021 que
159 937 286 1020 jactum
308 936 379 999 fidei
402 936 658 1019 fundamentum,
684 939 694 1019 l
699 937 829 1001 Petrum
851 959 1062 1002 memoramus
1079 939 1209 1003 beatum
1225 943 1348 1023 aposto·

13 1088 17 1096 .
74 1039 158 1120 lum,
184 1038 274 1119 cujus
296 1059 353 1121 per
374 1037 483 1101 omnia
504 1042 635 1102 sanctus
659 1039 858 1122 evangelista
880 1038 1007 1103 Marcus
1034 1042 1158 1105 exstit't
1180 1042 1348 1126 imitator),

73 1140 126 1204 ita
149 1143 187 1203 ut
207 1139 375 1223 siquando
399 1140 603 1223 contingeret
611 1140 636 1225 ⁴)
658 1141 693 1203 in
716 1142 809 1204 rebus
831 1141 991 1226 ambiguis
1013 1143 1167 1225 quaedam
1190 1145 1351 1227 episcopo·

71 1264 150 1305 rum
181 1240 317 1306 concilia
346 1240 515 1322 celebrari,
552 1242 773 1306 sanctissimus
795 1242 838 1325 ie,
875 1243 928 1327 qui
957 1243 1351 1330 Romanaeypraesidebat

70 1343 244 1424 ecclesiae,
269 1343 565 1406 reverendissimum
583 1344 820 1408 Alexandrinae
844 1344 984 1408 civitatis
1007 1345 1280 1430 archiepiscopum
1298 1348 1350 1412 de-

68 1445 206 1530 ligeret,
231 1440 267 1509 iit
289 1445 337 1507 sui
361 1466 469 1507 curam
492 1445 553 1508 loci
576 1446 761 1529 susciperet.

164 1548 194 1610 2.
234 1546 295 1611 Sed
317 1546 408 1610 hoste
430 1546 561 1610 humani
594 1550 736 1632 generis,
773 1548 822 1612 cui
850 1548 935 1612 buna
962 1571 1076 1633 perosa
1103 1555 1195 1633 sunt,
1232 1554 1286 1635 qui
1314 1553 1349 1616 in

64 1648 255 1734 perniciem
277 1651 420 1711 nostram
442 1649 539 1733 impio
563 1672 688 1733 semper
715 1651 821 1714 furore
850 1655 1030 1735 grassatur,
1065 1675 1130 1715 non
1159 1654 1266 1737 piguit
1294 1678 1351 1738 per

62 1748 235 1814 satellites
258 1751 401 1833 proprios
424 1752 546 1814 zizania
568 1754 653 1815 inter
680 1756 832 1837 utrasque
861 1776 1042 1837 conserere,
1075 1759 1110 1818 ut
1139 1758 1253 1819 tantae
1281 1758 1352 1820 nni-

60 1853 156 1917 tatis
195 1852 385 1916 discordiam
418 1856 628 1937 perpetraret.
685 1854 768 1918 Narn
802 1854 982 1938 Eutychete
1016 1843 1205 1940 impiissimo
1239 1861 1352 1922 eontra

60 1954 184 2036 fidem,
209 1975 289 2036 quae
310 1955 345 2017 in
367 1954 560 2018 beatissimis
583 1956 735 2039 apostolis
757 1957 943 2041 praedicata
966 1961 1024 2039 est,
1057 1958 1218 2022 sentiente
1242 1964 1274 2023 et
1296 1961 1350 2024 do-

60 2078 148 2121 cere
171 2059 329 2137 tentante,
355 2057 492 2141 contigit
512 2079 570 2141 per
591 2057 676 2121 idem
697 2063 823 2142 tempus
846 2059 929 2121 sedis
953 2059 1145 2141 apostolicae
1166 2060 1347 2142 praesulem

59 2162 156 2222 time
172 2140 310 2221 Leonem
333 2158 455 2221 litteras
479 2158 519 2221 ad
540 2159 798 2223 Oalchedonense
815 2160 984 2224 concilium
1000 2151 1170 2224 destinare.
1206 2160 1348 2236 Quarum

61 2260 259 2324 litterarum
281 2260 370 2323 fuere
392 2260 583 2344 interpretes
606 2261 655 2343 bi,
680 2262 734 2346 qui
756 2284 827 2325 cum
848 2261 1079 2347 Theodoretos’)
1096 2262 1250 2345 Cytorum
1273 2265 1347 2328 civi-

60 2361 156 2427 tatis
179 2361 327 2445 episcopo
350 2365 427 2425 tune
449 2362 579 2426 fuerant
601 2362 812 2427 Nestorianae
834 2363 975 2427 haeresis
998 2367 1186 2428 sectatores:
1221 2370 1346 2430 contra-

63 2485 137 2548 que
163 2484 233 2526 earn
256 2462 360 2545 fidem,
390 2485 471 2548 quae
494 2487 513 2528 a
535 2465 770 2529 venerabilibus
792 2466 946 2529 trecentis
969 2466 1078 2529 decern
1100 2470 1132 2529 et
1154 2471 1226 2530 octo
1248 2469 1346 2551 patri-

64 2567 133 2630 bus
160 2569 210 2628 est
231 2565 327 2646 edita,
352 2571 665 2649 supramemoratae
688 2567 815 2631 litterae
836 2567 1014 2656 probantur
1036 2567 1203 2650 exsistere,
1227 2572 1260 2632 et
1281 2593 1347 2635 non

65 2689 194 2753 parvas
203 2667 228 2752 6)
251 2667 435 2731 occasiones
458 2666 524 2750 his,
552 2669 606 2753 qui
629 2669 769 2752 ejusdem
792 2669 1015 2733 nefandissimi
1037 2667 1178 2733 Nestorii
1201 2670 1348 2755 blasphe-

67 2770 159 2835 mias
181 2768 363 2853 vindicant,
396 2770 643 2853 praestiterunt,
674 2770 720 2833 ita
741 2775 777 2834 ut
798 2771 946 2835 licentius
974 2771 1175 2834 adstruerent
1203 2773 1347 2838 eumdem

67 2871 261 2937 Nestorium
282 2871 412 2935 minime
435 2893 584 2955 perversa
607 2873 753 2936 sensisse.
790 2872 850 2936 His
874 2873 974 2957 igitur
991 2873 1093 2935 causis
1110 2871 1176 2936 Deo
1200 2874 1346 2938 amabilis

68 2972 211 3058 populus
234 2979 342 3036 noster
363 2974 501 3037 offensus
524 2978 583 3056 est,
608 2978 640 3037 et
662 2975 700 3037 de
719 2974 843 3039 Graeca
866 2974 1077 3038 translatione
1101 2973 1275 3038 arbitratus
1297 2980 1346 3040 est

69 3077 106 3140 in
133 3074 251 3138 Latino
278 3097 401 3160 quoque
432 3098 577 3139 sermone
607 3098 735 3139 sensum
768 3076 904 3140 similem
932 3075 1105 3157 contineri,
1141 3098 1179 3139 ac
1208 3098 1276 3139 sese
1305 3078 1345 3141 ab

69 3178 202 3242 unitate
217 3176 382 3241 Romanae
404 3177 514 3241 divisit
536 3179 698 3242 ecclesiae.
734 3177 764 3241 N
765 3199 801 3241 ec
824 3199 889 3240 non
905 3178 1002 3240 etiam
1017 3176 1181 3239 Romanus
1198 3177 1343 3261 antistes,

69 3279 265 3343 existimans
297 3301 355 3342 nos
388 3282 499 3343 contra
532 3301 602 3343 eam
630 3280 740 3362 fidem,
779 3301 859 3362 quae
888 3279 1006 3342 tradita
1035 3281 1084 3341 est
1111 3301 1130 3340 a
1152 3278 1344 3343 beatissimis

68 3381 240 3467 apostolis,
265 3380 474 3464 conspirasse,
499 3385 648 3445 anostra
671 3404 704 3444 se
728 3382 950 3464 communione
972 3380 1147 3463 suspendit.

157 3484 190 3548 3.
222 3481 484 3568 Vemmtamen⁷)
509 3485 576 3566 ejus
598 3483 741 3547 volentes
764 3483 950 3546 satisfacere
978 3481 1162 3565 sanctitati,
1192 3506 1250 3547 nos
1274 3507 1344 3548 eam
1375 3561 1377 3565 Ι

65 3585 168 3650 fidem
192 3587 320 3666 tenere,
350 3607 444 3668 quam
466 3585 615 3669 princeps
645 3584 859 3668 apostolorum
881 3582 995 3648 Petrus
1018 3584 1148 3667 ejusque
1171 3585 1343 3669 discipulus

134 3826 159 3891 ⁴)
180 3823 227 3875 Ita
249 3820 293 3874 Gt
328 3820 403 3875 Editi
426 3828 560 3889 conticet-it
638 3829 809 3889 praesideret.
850 3823 909 3875 Hoc
931 3821 1050 3875 maxime
1073 3824 1188 3890 propter
1210 3821 1342 3890 Cyrillum

57 3905 294 3965 Alexandrinum
312 3906 465 3960 antistitem
489 3906 625 3970 scribunt,
653 3906 700 3974 qui
724 3906 846 3973 quidem
859 3907 887 3959 in
905 3906 1044 3976 Ephesino
1068 3905 1182 3959 concilio
1208 3912 1344 3961 Caelestini

56 4013 170 4068 quoque
189 3997 344 4045 scientissimi
360 3997 575 4059 sarcratissimiqac
590 3996 682 4044 liorrrae
700 3998 822 4044 eccleciae
841 3997 1029 4058 arctiepiscopi
1045 3997 1125 4043 Icauna
1144 3990 1269 4045 obtinere
1288 3995 1341 4046 sta·

53 4083 111 4137 tim
133 4077 177 4132 ab
198 4073 325 4144 ejusdem
344 4076 451 4129 concilii
468 4076 604 4145 principio
622 4079 800 4129 memoratur.
836 4076 898 4144 Ipse
917 4074 1089 4129 Coelestinus
1106 4075 1166 4143 jam
1185 4078 1268 4129 antea
1286 4077 1341 4145 epi-

48 4167 135 4224 stola
151 4171 185 4217 11
207 4166 265 4214 nt
283 4160 373 4214 eidem
392 4160 493 4229 Cyrillo
511 4160 599 4215 vicem
618 4160 793 4214 commiserat
810 4178 895 4226 suam,
915 4161 945 4213 ut
963 4159 1127 4213 sententiam
1140 4177 1157 4212 a
1169 4177 1197 4213 se
1211 4161 1341 4214 adversus

46 4248 236 4310 Nestorium
254 4245 392 4314 prolatam
411 4248 615 4313 exsequeretur,

128 4337 154 4404 ⁵)
176 4329 300 4394 Laudes,
319 4330 418 4398 quibus
436 4330 554 4400 epistola
568 4339 615 4384 120
629 4330 835 4384 Theodorctum
848 4332 972 4396 exornat,
991 4331 1075 4396 atque
1087 4329 1251 4382 nominatim
1263 4328 1341 4383 illum

41 4415 265 4484 commendat,
288 4415 362 4481 quod
378 4421 517 4483 praefatae
535 4416 571 4469 ad
589 4415 751 4468 Flavianum
775 4422 876 4468 litterae
898 4421 966 4467 scalis
989 4421 1145 4481 apostaticae
1163 4413 1234 4465 illius
1256 4420 1341 4468 stratio

39 4515 194 4578 defensae
220 4507 284 4561 ant,
309 4499 387 4553 valde
406 4501 562 4569 suspectam
580 4500 686 4553 iaciunt
707 4500 779 4552 hanc
802 4498 1039 4553 schismaticorum
1062 4499 1172 4552 illorum
1191 4497 1341 4552 excusatio·

37 4612 132 4659 nem,
155 4586 218 4642 nisi
236 4585 311 4638 sorte
328 4584 357 4637 in
375 4601 506 4653 graecam
523 4584 782 4653 interpretationem
801 4583 938 4652 quaedam
957 4584 991 4637 ab
1004 4582 1151 4636 haereticis
1163 4582 1340 4652 postmodum
1415 4647 1422 4661 ι

36 4675 191 4737 immissa
212 4669 280 4733 sint,
299 4686 370 4736 quae
388 4669 464 4723 velut
481 4669 555 4722 tanti
572 4669 623 4722 viri
642 4669 807 4722 auctoritate
825 4668 896 4722 tulta
910 4668 1019 4735 jactare
1039 4667 1204 4722 affectarint.

121 4765 149 4829 ⁸)
169 4759 221 4812 Ita
240 4753 286 4808 G'.
324 4754 377 4806 Alii
394 4776 498 4822 priscas.
518 4757 547 4809 et
565 4755 664 4809 deinde
683 4753 815 4806 omittunt
832 4759 942 4807 minitata.

121 4852 148 4915 7)
169 4839 289 4898 Clarius
307 4836 357 4892 iste
374 4838 449 4893 locus
467 4838 505 4893 sic
523 4842 689 4894 verteretur:
709 4860 780 4908 qrtrna
797 4845 912 4892 vellemus
930 4844 986 4906 ejas
1003 4842 1155 4905 satisfacere
1166 4844 1297 4893 sacristitati
1309 4860 1340 4894 ac

34 4939 175 5011 probare
197 4946 250 4983 noa
269 4943 326 4976 eam
340 4930 414 4990 fidem
432 4937 527 4978 tenere.
