3204 5506
556 373 751 422 missenus
775 362 921 420 40--42.
1062 322 1064 326 ⁵
1309 355 1374 420 455

48 525 188 610 quibus
219 527 387 593 Ecclesia
409 528 567 593 catholica
588 528 680 614 per³)
702 527 841 611 gratiam
857 526 917 591 Dei
940 526 1076 591 fumlata
1091 530 1151 610 est,
1176 528 1273 591 etiam
1295 528 1372 593 illud
1391 536 1477 586 a4⁰5

47 629 314 695 intimandum
339 631 541 715 putavimus,
569 631 652 716 quod
680 630 824 714 quamvis
847 629 1013 694 universae
1042 653 1099 713 per
1126 630 1234 693 orbem
1264 607 1475 694 atho-”⁴⁹⁶

47 731 141 796 lieae
179 732 343 797 diffusae
352 734 378 819 ⁴)
402 733 565 798 Ecclesiae
592 756 674 796 rmus
697 731 857 795 thalamus
886 731 1004 796 Christi
1034 733 1092 814 sit,
1121 736 1235 797 sancta
1263 737 1371 799 tamen

46 833 231 900 Romana
260 816 406 900 ecclesia
427 835 523 899 nullis
547 834 705 919 synodicis
730 834 914 898 constitutis
931 833 1044 898 ceteris
1061 834 1203 898 ecclesiis
1225 835 1370 918 praelata
1439 849 1443 856 “

45 939 113 1019 est,
143 936 219 1000 sed
250 937 452 1022 evangelica
474 959 550 1002 voce
572 936 702 1001 Domini
725 938 758 999 et
780 934 954 999 Salvatoris
977 936 1150 1020 primatum
1158 937 1184 1020 ⁵)
1213 936 1370 1001 obtinuit:

48 1043 100 1104 Tu
132 1060 201 1118 ea,
242 1045 379 1117 Petras,
411 1041 576 1129 iuquiens,
606 1051 635 1103 ct
655 1060 747 1118 seper
769 1043 850 1102 hanc
867 1049 991 1118 petram
1013 1042 1180 1114 aedificabo
1203 1044 1371 1104 Ecclesiam
1383 1027 1482 1153 lllglllg

45 1162 176 1221 meam,
209 1152 249 1206 ct
271 1152 391 1222 portae
418 1145 516 1218 infert
541 1163 601 1205 noo
624 1145 847 1222 praevalebunt
875 1146 1022 1204 adversus
1043 1161 1127 1212 cam;
1155 1152 1184 1204 ct
1211 1147 1267 1205 cici
1293 1147 1371 1207 dabo
1423 1139 1429 1164 ‘
1471 1141 1476 1152 '

46 1251 170 1309 claves
209 1250 321 1324 requi
347 1250 514 1324 coctorum,
547 1255 576 1307 ct
610 1264 806 1323 quaecunque
832 1249 978 1321 licaveris
1004 1264 1096 1322 saper
1123 1255 1252 1322 tarem,
1282 1255 1371 1317 crunt

46 1353 166 1425 ligram
196 1357 234 1409 et
264 1353 300 1409 ia
325 1351 425 1423 coelis,
449 1357 479 1409 et
501 1367 697 1426 quaecunque
718 1350 841 1409 solveris
855 1365 956 1424 super
971 1357 1095 1423 terrem,
1120 1356 1209 1409 crant
1230 1352 1328 1410 soluta
1343 1358 1372 1410 ct

49 1455 83 1512 in
108 1454 242 1513 coelis.
280 1445 446 1531 addite)
469 1451 518 1511 est
540 1448 637 1511 etiam
659 1447 796 1510 societas
811 1446 988 1510 beatissimi
1010 1445 1103 1510 Pauli
1128 1446 1262 1529 apostoli
1285 1448 1370 1512 vasis

51 1549 274 1632 electionis,
300 1550 357 1633 qui
379 1571 444 1614 non
467 1549 600 1632 diverso,
625 1549 708 1614 sicut
730 1548 917 1632 haeretiei⁷)
940 1549 1099 1633 garritum,
1127 1549 1182 1612 sed
1205 1571 1269 1612 uno
1291 1551 1369 1613 tem-

53 1675 162 1737 pore,
201 1674 284 1715 uno
315 1651 487 1736 eodemque
516 1652 568 1715 die
596 1651 735 1736 gloriosa
761 1654 863 1714 morte
887 1650 963 1714 cum¹
981 1650 1077 1714 Petro
1105 1651 1138 1714 in
1168 1651 1245 1715 urbe
1268 1651 1370 1715 Roma

54 1756 120 1819 sub
138 1755 310 1821 Caesare
327 1752 454 1818 Nerone
477 1755 664 1838 agonizans,
690 1756 860 1817 coronatus
876 1756 940 1816 est:
964 1757 997 1817 et
1014 1753 1136 1836 pariter
1151 1754 1368 1837 supradictam

56 1861 235 1922 sanctam
254 1855 442 1920 Romanam
457 1856 624 1920 ecclesiam
640 1855 768 1921 Christo
783 1856 922 1919 Domino
939 1857 1177 1938 consecrarunt,
1202 1855 1335 1939 aliisque
1343 1856 1369 1939 8)

57 1959 236 2024 omnibus
264 1956 401 2022 urbibus
423 1957 457 2022 in
480 1958 627 2022 universo
650 1958 769 2023 mundo
792 1981 850 2022 sua
872 1957 1057 2041 praesentia
1076 1960 1171 2040 atque
1187 1957 1368 2021 venerando

60 2059 256 2146 triumpho
281 2046 515 2144 praetulerunt.

154 2162 232 2228 Est
271 2183 350 2246 ergo
378 2163 481 2246 prima
503 2162 591 2226 Petri
614 2163 749 2246 aposloli
779 2162 868 2226 sedes
892 2161 1038 2225 Romana
1061 2160 1206 2242 ecelesia,
1230 2183 1290 2225 non
1313 2166 1366 2223 to-

60 2267 182 2352 bens⁹)
210 2271 377 2330 maculam
399 2286 495 2344 neque
516 2286 624 2344 rupem
646 2287 701 2330 nec
723 2271 842 2345 aliquid
861 2268 1046 2343 hujusmodi.
1094 2261 1240 2326 Secunda
1262 2265 1368 2325 autem

62 2369 166 2434 sedes
195 2366 297 2451 apud
320 2365 550 2431 Alexandriam
571 2367 657 2431 beati
680 2366 769 2431 Petri
792 2367 921 2431 nomine
944 2390 962 2429 a
985 2364 1094 2428 Marco
1117 2365 1186 2447 ejus
1211 2363 1368 2448 discipulo

61 2476 96 2536 et
119 2467 354 2554 evangelista
377 2473 564 2533 consecrata
593 2473 651 2533 est.
697 2469 833 2553 Ipseque
856 2493 874 2532 a
897 2468 993 2533 Petro
1016 2468 1160 2551 apostolo
1182 2468 1216 2530 in
1239 2467 1367 2550 Aegyp-

60 2579 138 2639 tum
166 2571 340 2649 directus,
371 2570 502 2634 verbum
525 2572 670 2635 veritatis
693 2571 891 2655 praedicavit
918 2574 951 2634 et
972 2570 1146 2655 gloriosam
1170 2590 1367 2633 cousumma-

58 2677 111 2741 vit
137 2673 366 2758 martyrium.
403 2672 513 2738 Tertia
535 2695 609 2737 vero
632 2673 721 2738 sedes
748 2673 832 2757 apud
855 2672 1063 2739 Antiochiam
1086 2671 1229 2756 ejusdem
1250 2671 1367 2736 beatis·

1380 2138 1450 2206 aph.

1381 2212 1450 2271 aar.

137 2901 165 2964 ὅ)
190 2897 229 2950 In
250 2894 379 2964 pluribus
397 2912 461 2948 mss.
482 2893 656 2948 desideratur
671 2913 722 2962 per
738 2901 847 2962 pretium
866 2900 922 2948 Dei.

138 2985 168 3050 ⁴)
191 2981 244 3035 lta
264 2978 295 3033 (3¹
311 2979 344 3034 θ’
355 2979 386 3033 F¹
400 2979 432 3033 Ρ*
444 2979 479 3033 l'l
491 2979 532 3033 ΡΜ
544 2979 578 3032 F*
590 2979 635 3032 Hl.
670 2979 708 3032 At
726 2983 752 3033 c⁹
765 2982 803 3033 0¹⁰
821 2978 954 3041 omittunt
976 2985 1099 3048 diffusae,
1122 2980 1151 3031 ct
1174 2994 1238 3031 mox
1261 2978 1367 3031 habent

56 3075 202 3125 Romana
221 3068 353 3120 catholica
374 3075 398 3117 el
415 3071 557 3132 apostolica
576 3071 692 3118 ccclesia.
723 3064 830 3119 Deinde
848 3065 883 3118 Fd
894 3065 935 3118 ΡΜ
952 3070 1000 3117 sed
1017 3066 1078 3132 (pro
1091 3066 1143 3129 sit),
1162 3063 1223 3116 F²b
1243 3068 1366 3116 nonnullis

54 3158 217 3223 synodicis
296 3154 343 3203 sed
359 3161 393 3203 ec.
412 3150 567 3204 —Eadem
591 3149 661 3203 haec
684 3149 712 3202 iu
730 3148 958 3203 Pseudo-Isidori
981 3147 1154 3217 praefatione
1173 3147 1201 3200 iu
1220 3146 1366 3201 concilium

54 3240 249 3295 Nicaennm
271 3234 451 3303 proferuntur
469 3234 564 3301 (Haud.
584 3234 644 3287 eoll.
665 3250 739 3288 cone.
761 3237 785 3299 l,
804 3238 877 3296 309),
901 3235 930 3286 et
950 3232 1088 3301 quaedam
1106 3231 1207 3285 similia
1225 3230 1253 3284 iu
1273 3231 1365 3285 Caroli

55 3323 182 3393 Magni
202 3321 244 3375 de
262 3336 331 3373 sacr.
350 3318 433 3388 imag.
453 3318 499 3372 lib.
522 3327 533 3372 1
554 3337 576 3373 c.
597 3327 612 3374 6
632 3321 660 3372 ot
681 3319 789 3373 Nicolai
808 3319 819 3370 Ι
838 3318 957 3387 epistolu-
974 3330 990 3372 e
1009 3318 1045 3371 ud
1064 3317 1228 3371 Michaelem
1247 3317 1365 3385 impera-

55 3413 175 3464 torem
196 3403 308 3472 (Migne
327 3404 430 3457 Patrol.
450 3404 497 3457 lat
518 3405 584 3457 tom.
606 3411 666 3470 119,
685 3407 754 3470 949).

145 3495 174 3560 ⁵)
195 3491 233 3545 F¹
251 3495 423 3557 principatum
440 3505 559 3556 moxque
578 3506 639 3542 cum
658 3506 720 3542 mss.
742 3491 770 3542 et
788 3491 812 3541 e¹
831 3493 957 3555 inquiens,
979 3487 1026 3541 ubi
1045 3489 1080 3541 0⁹
1093 3491 1118 3540 e'J
1132 3490 1169 3540 c¹⁰
1186 3493 1331 3556 inquientis.

145 3579 176 3644 ⁸)
197 3576 247 3629 ua
263 3573 355 3644 plures
373 3590 406 3627 ae
423 3572 548 3642 potiores
567 3591 630 3626 mss.
661 3574 699 3627 At
716 3573 784 3628 editi
803 3591 865 3627 eum
884 3573 916 3625 l*v
936 3578 982 3627 Cui
999 3579 1061 3627 dcto
1079 3585 1124 3627 cst.
1160 3572 1222 3626 Nou
1240 3572 1365 3641 displice·

60 3664 118 3718 ret
139 3659 242 3716 lectio
262 3656 410 3726 1⁸0²(sec.
430 3661 525 3726 manu)
543 3664 584 3711 cui
601 3664 699 3715 addita.

146 3748 177 3813 ⁷)
196 3744 233 3796 F¹
241 3743 320 3796 popm
332 3748 456 3808 haereret,
469 3744 506 3797 Κ4
518 3749 635 3806 amesa,
648 3744 681 3796 Fv
694 3749 802 3798 haeresi.
825 3744 889 3797 Mox
902 3744 934 3797 ΟΙ
947 3765 995 3797 uno
1008 3748 1143 3812 cedentque
1154 3749 1266 3810 plurioso
1279 3763 1365 3797 encore

59 3855 130 3888 cum
155 3834 260 3890 Petro,
280 3830 416 3897 corrupte.
447 3828 510 3882 Non
529 3830 675 3883 defuerunt
693 3829 777 3882 etiam
796 3829 870 3882 inter
883 3828 1045 3892 catholicos,
1065 3828 1112 3895 qui
1124 3829 1237 3881 Petrum
1251 3829 1279 3880 et
1292 3828 1363 3881 Pau-

60 3919 136 3973 lum
161 3913 270 3969 eodem
292 3912 404 3980 quidem
422 3912 479 3980 die,
502 3915 551 3968 sed
573 3932 628 3968 uon
647 3914 745 3969 eodem
764 3931 836 3968 anuo
856 3913 1002 3984 coronatos
1021 3914 1176 3978 senserunt,
1200 3929 1268 4001 qpos
1292 3912 1365 3966 inter

63 4003 194 4057 Arawr
213 3996 245 4050 in
262 3997 316 4052 fine
333 3997 398 4052 libri
414 3999 427 4052 l
445 3998 556 4054 cecinit:
587 4005 645 4052 Non
663 4006 750 4053 eadem
768 4011 850 4053 lernen
868 4021 918 4053 crau
936 4004 991 4052 dr'es·
1009 4005 1117 4067 aureique
1135 4004 1220 4051 volum
1242 4001 1364 4064 Tempore

10 4140 19 4154 ,
65 4089 204 4142 mavit
224 4088 360 4150 repetitam
375 4089 464 4151 passio
485 4091 571 4139 lucem.
608 4084 663 4139 Sed
682 4086 712 4137 ut
730 4085 864 4139 Batonius
882 4084 918 4138 ad
936 4102 998 4138 uun.
1018 4088 1050 4137 69
1068 4083 1184 4152 probat,
1203 4082 1232 4136 ot
1248 4097 1364 4135 numero

68 4174 104 4227 et
126 4165 310 4224 auctoritate
328 4169 503 4238 praepollent
521 4170 569 4237 qui
587 4170 697 4224 Gelasio
717 4170 873 4224 concinunt.

152 4256 178 4320 ¹⁵)
198 4251 235 4306 θ’
247 4255 307 4306 Pe¹
327 4260 457 4323 talesque,'
471 4253 518 4308 alil¹
536 4254 604 4308 editi
623 4273 684 4309 eum
702 4259 727 4310 a*
749 4262 886 4325 talemque,
905 4255 940 4308 Κ4
960 4259 1081 4322 talisque,
1100 4256 1134 4306 0⁹
1154 4257 1297 4319 taliterque.
1324 4251 1365 4303 Ex

34 4365 41 4373 ·
69 4337 251 4412 potioribus
272 4355 335 4392 mss.
359 4338 528 4393 restituimus
551 4348 666 4410 aliisque.
702 4341 766 4393 Mox
785 4339 816 4395 (ἶ2
835 4344 949 4410 oremus,
967 4338 1001 4391 Fv
1020 4342 1129 4392 orionibus
1150 4342 1190 4395 in,-
1214 4334 1313 4389 deinde
1332 4334 1353 4388 F
1357 4337 1364 4371 ¹

72 4428 227 4482 marco
244 4424 307 4492 (pro
319 4427 488 4491 venerando),
506 4424 538 4477 ΙΝ
548 4425 582 4478 Ρ*
598 4435 767 4494 pertulerant.
792 4424 899 4478 Deinde
912 4422 993 4476 popm
1009 4429 1079 4476 aedis
1092 4427 1219 4475 chrancc
1232 4426 1364 4474 ecclesiae.

157 4511 181 4576 ')
200 4505 263 4571 Quo
280 4507 350 4564 haec
367 4510 507 4580 spectant,
529 4511 709 4580 interpretari
732 4511 798 4564 lieet
822 4527 854 4563 ex
877 4508 930 4561 illis
953 4505 1118 4560 Hormisdae
1141 4504 1223 4575 epist.
1242 4511 1319 4558 alu.
1335 4511 1364 4558 4:

76 4603 116 4652 ln
136 4599 207 4649 sede
226 4600 369 4661 apostolica
386 4601 454 4650 ciera
470 4603 590 4650 maculam
607 4615 707 4665 semper
725 4607 763 4648 cst
780 4599 905 4648 catholico
922 4604 1025 4647 cereata
1048 4596 1146 4659 relipr'o.
1184 4589 1319 4655 Quocirca
1337 4591 1366 4644 ct

76 4679 210 4738 Carolus
226 4678 345 4749 Μομιιε
362 4681 397 4735 de
415 4680 500 4736 sacris
517 4679 686 4749 imaginibus
704 4680 751 4733 lib.
768 4686 779 4733 1
800 4695 859 4747 cap.
874 4684 889 4730 6
909 4676 1035 4731 eamdem
1047 4675 1202 4730 Romanam
1221 4674 1366 4729 ecclesiam

76 4763 272 4823 commendat
289 4764 332 4819 his
349 4766 455 4821 verbis:
475 4770 565 4821 Omnes
582 4771 721 4821 catholicae
738 4769 830 4819 debent
848 4769 985 4818 observare
1003 4765 1139 4826 ccclesiae,
1163 4771 1190 4812 ut
1208 4763 1239 4812 ab
1258 4779 1289 4813 ea
1305 4769 1365 4827 post

80 4858 220 4907 curam
235 4855 273 4905 ad
286 4856 443 4906 uniendam
462 4857 539 4918 fidem
555 4857 712 4919 adjutorium
732 4861 835 4919 petunt,
859 4871 923 4920 quae
943 4867 992 4901 non
1009 4848 1103 4898 tabens
1120 4851 1240 4898 saeculum
1258 4862 1304 4898 nec
1322 4864 1365 4898 ru·
1466 4900 1471 4905 ,

77 4958 160 5009 pan,
179 4945 207 4991 et
223 4947 376 5005 portentosa
393 4941 524 4992 haeresum
541 4943 629 5007 capita
645 4944 741 5004 calcat,
760 4946 784 4990 et
800 4941 910 5004 fidelium
928 4943 1021 4991 ruentes
1039 4936 1065 4985 ia
1079 4935 1132 5003 fide
1152 4934 1313 4988 corroborat.
