3204 5506
316 370 458 419 nortem
482 371 592 419 uerso.
614 371 688 418 uon
709 370 879 418 exorans.
903 371 936 418 n.
946 372 1039 418 v11-·1
1051 373 1122 418 xm.
1291 357 1354 421 219

42 536 127 588 siam
147 550 238 589 suram
256 549 287 588 se
303 532 430 589 conicere
444 533 608 607 properavit,
630 531 747 605 indeque
763 530 899 604 Simplicio
918 532 1059 604 synodicas
1075 534 1234 607 conscripsit
1250 534 1353 589 litteras

43 617 260 674 ordinationis
274 635 342 674 suae
356 618 464 680 indices.
482 633 547 691 quas
563 618 621 691 lpse
636 615 789 690 Simplicius
804 632 846 689 cp.
867 617 904 672 17
920 626 1120 673 commemorat.

683 743 755 809 XII.

46 877 83 915 a.
100 854 178 915 482
196 859 267 915 eod.
288 864 375 930 temp.
410 856 569 931 Aepyptioe
590 857 694 930 synodi
713 862 740 911 ct
761 856 834 911 cleri
850 855 1044 913 Alexandrini
1063 859 1103 913 ad
1121 856 1298 929 Simplicium
1318 859 1353 914 dc

228 950 325 999 morte
342 943 479 1000 Timothei
493 950 520 999 et
534 942 678 999 lodunnis
693 943 830 996 electione
845 942 957 998 relatio.

96 1104 100 1109 ,
150 1043 238 1100 Circa
260 1043 332 1101 idem
348 1053 454 1119 tempus
474 1045 511 1101 ob
526 1046 666 1118 Aepyptia
682 1044 798 1116 synodo,
825 1060 901 1117 qnae
921 1052 948 1100 et
964 1059 1083 1100 numero
1101 1047 1228 1117 plurimo
1245 1051 1272 1100 ct
1286 1047 1355 1117 fidei

50 1130 243 1187 catholicae
259 1133 454 1187 commordent
469 1129 592 1202 suffulta
609 1134 682 1197 erat,
699 1143 748 1183 nec
764 1144 818 1183 non
834 1130 870 1184 ab
886 1132 962 1185 omni
974 1131 1177 1201 propemodum
1193 1133 1272 1186 clero
1287 1132 1353 1187 Alc·

48 1216 246 1291 :sandi-inae
274 1217 350 1271 sedis
370 1214 527 1270 relationem
548 1214 651 1287 accepit
666 1212 818 1286 Simplicius
838 1229 887 1286 per
902 1211 1032 1269 isidorum
1053 1213 1240 1288 presbyterum
1261 1221 1288 1270 ct
1304 1214 1352 1270 Pe·

49 1308 134 1355 trum
152 1298 310 1355 diaconum
326 1298 378 1355 sibi
392 1301 508 1363 mnsam,
531 1315 583 1373 qua
607 1298 780 1355 Timotheum
802 1302 968 1370 episcopam
989 1302 1131 1372 quondam
1152 1316 1235 1357 suum
1250 1301 1353 1356 obiisse

52 1386 172 1448 testati,
197 1385 228 1440 ln
252 1384 314 1455 ejus
335 1384 424 1440 locum
449 1399 577 1441 consono
597 1385 722 1456 fidelium
748 1387 893 1441 voluntate
913 1385 1074 1440 Iohannem
1103 1387 1245 1441 ecclesiae
1262 1388 1354 1455 ipsius

52 1486 263 1527 oeconomum
283 1471 468 1543 sudropotum
488 1485 549 1524 esse
570 1466 729 1531 indicabant,
751 1484 782 1523 ac
796 1468 936 1542 rogabant,
962 1477 992 1525 ut
1007 1485 1090 1542 quum
1107 1471 1146 1525 ad
1160 1471 1353 1526 secerdotium

53 1556 130 1612 lercic
148 1561 303 1612 constare
318 1557 508 1611 crederentur
523 1556 626 1624 omnia,
651 1557 736 1609 etiem
757 1556 936 1625 apostolicae
951 1556 1073 1610 ostensu
1089 1555 1291 1611 moderationis
1306 1572 1351 1611 no-

55 1644 153 1697 tieem
170 1646 309 1697 sumeret
321 1643 485 1713 firmitatem
500 1638 606 1712 (Simpl.
622 1654 664 1712 ep.
674 1637 712 1695 18
729 1647 756 1694 et
770 1646 850 1712 peste
866 1641 901 1694 de
916 1639 1141 1695 nomineAcecii
1154 1657 1180 1694 n.
1196 1638 1255 1710 to).
1282 1639 1353 1695 llaec

54 1735 157 1782 sutem
175 1725 316 1800 synodica
329 1724 425 1781 relatio
440 1726 466 1781 ln
483 1725 569 1797 gestis
585 1723 618 1779 de
633 1724 743 1779 nomine
758 1725 844 1780 Aeacii
861 1722 1013 1780 a‘lohanne
1028 1725 1184 1780 secundum
1200 1731 1351 1781 consuctu-

56 1812 168 1868 dioem
184 1810 272 1867 missa
287 1809 395 1866 metim.

672 1918 763 1985 XIII.

59 2052 90 2089 a.
107 2030 180 2090 482
198 2032 266 2088 eod.
285 2036 370 2103 temp.
400 2031 523 2089 Zenonis
537 2033 723 2103 imperatoris
743 2032 783 2086 ed
797 2030 972 2101 Simplicium
993 2046 1083 2086 sacre
1104 2031 1139 2086 de
1153 2031 1296 2086 Jolcnrmis
1310 2034 1352 2086 in·

229 2120 383 2174 cassatione
398 2124 426 2173 et
441 2117 716 2173 recommendatione
730 2116 813 2172 Petri
828 2115 932 2188 lionpi.

151 2217 251 2287 Quum
271 2219 300 2273 in
316 2219 458 2292 procinctu
479 2224 553 2273 esset
568 2215 730 2290 Simplicius,
753 2224 783 2272 ut
803 2233 865 2272 mox
881 2215 944 2273 dicti
960 2218 1088 2272 loliannIs
1104 2217 1353 2290 cognomento'ia-

61 2304 133 2375 lsjse
149 2303 324 2360 electionem
340 2301 519 2366 confirmaret,
535 2302 587 2375 ipsi
603 2318 652 2375 per
666 2300 792 2357 Ursulum
808 2301 981 2372 subadjuvam
998 2300 1100 2357 reddita
1115 2297 1159 2357 ¹cst
1174 2302 1289 2357 Zenonis
1304 2302 1353 2357 lm-

62 2389 208 2463 perstoris
223 2404 312 2450 sacra,
329 2403 398 2462 quae
412 2386 535 2443 eumdem
550 2386 758 2442 Alexandrinum
774 2389 938 2443 sacerdotio
954 2389 1097 2459 indipnam
1119 2402 1178 2442 esse
1195 2384 1352 2448 testabatur,

64 2482 167 2547 utpote
185 2473 235 2546 qui
249 2475 382 2545 perjurii
395 2488 464 2528 rcus
477 2477 559 2534 esset,
576 2471 647 2544 quod
664 2479 691 2527 et
707 2472 802 2527 Acacio
818 2488 872 2527 non
890 2471 972 2527 latere
989 2470 1145 2527 allicurabat.
1175 2469 1305 2538 Quocirca
1320 2488 1352 2527 eo

64 2559 184 2614 cadmo
200 2557 316 2613 Petrum
332 2556 467 2632 ilongum,
489 2573 567 2629 quem
583 2555 733 2630 spondebat
755 2563 855 2612 reciae
874 2559 944 2629 fidei
964 2559 1174 2628 definitionibus
1190 2560 1351 2625 coomnirr,

66 2644 98 2699 sd
120 2642 263 2699 ecelesiae
280 2642 473 2698 Alexandrinae
493 2642 615 2716 regimen
637 2641 840 2714 provehendum
865 2658 925 2696 esso
940 2639 1117 2714 significabat.
1149 2640 1256 2696 Sacram
1272 2641 1351 2714 paulo

10 2720 13 2827 i
65 2736 130 2802 post
152 2728 333 2801 superiorem
353 2727 548 2800 Aegyptiorum
575 2725 732 2781 relationem
753 2742 768 2780 a
788 2725 926 2799 Simplicio
948 2735 1083 2800 acceptam
1111 2742 1184 2789 esse,
1214 2727 1351 2799 exipsius

10 2836 14 2877 a
65 2810 400 2888 ep.18n.ilcoostat.

673 2903 761 2969 XIV.
1317 2909 1330 2942 ⁸

10 2994 13 3057 I
66 3036 97 3073 a.
110 3015 181 3075 482
196 3016 263 3073 eod.
280 3022 365 3088 temp.
396 3016 477 3071 Petri
491 3014 590 3087 Monpi
604 3016 644 3070 ed
658 3013 832 3086 Simplicium
844 3017 879 3071 dc
893 3017 950 3087 fide
966 3031 1019 3071 sua
1032 3014 1189 3087 professio.

156 3116 267 3173 Eodem
290 3124 422 3189 tempore.
444 3123 516 3189 teste
529 3114 653 3171 liberato
674 3116 763 3178 c.18,
789 3117 869 3171 etiam
890 3117 986 3171 Petrus
1002 3115 1117 3188 llongus
1140 3114 1171 3169 ad
1188 3114 1352 3188 Simplicium

67 3200 347 3277 scripsitepistolam,
363 3217 414 3272 qua
430 3217 459 3255 se
471 3219 557 3273 quum
572 3204 663 3271 ipsius
670 3200 809 3272 Simplicii
823 3208 880 3257 tram
893 3202 1133 3257 Calchedoncnsis
1148 3203 1263 3255 concilii
1277 3217 1352 3255 com·
1391 3249 1400 3260 ,

68 3292 288 3345 manicatorcm
309 3283 495 3359 profitebatur.
528 3285 625 3340 Verum
649 3286 700 3340 icoc
721 3285 884 3341 ruerrdaciter
905 3295 946 3341 cst
968 3285 1118 3358 protessus.
1149 3284 1300 3357 Sicpuidem,
1324 3292 1353 3340 ut

67 3372 139 3429 'siem
154 3370 290 3428 observat
305 3368 455 3432 Liberatus,
478 3387 540 3427 mos
562 3377 590 3426 et
606 3370 866 3426 Calclicdoncnsem
886 3372 1024 3443 synodum
1045 3375 1072 3425 et
1087 3372 1234 3441 epistolam
1250 3369 1354 3425 Lcoriis

10 3458 13 3549 ζ
67 3458 345 3515 minemotizeeit.
530 3460 535 3469 “

10 3586 13 3665 p
678 3565 749 3629 XV.

10 3700 14 3767 p
68 3676 362 3738 α.482ᾱ.151αι.
394 3676 533 3748 Simplicii
544 3691 645 3747 popae
666 3678 705 3732 nd
719 3676 860 3732 Zenonem
875 3678 1078 3748 imperatorem
1094 3678 1129 3732 de
1143 3676 1233 3731 Petro
1248 3675 1353 3749 Monpo

231 3765 394 3835 responsio.

155 3863 333 3939 Simplicium
353 3862 464 3925 Zenoni,
486 3863 532 3936 qui
554 3861 586 3917 de
601 3861 725 3917 lohanuc
740 3861 828 3932 'ialaja
850 3879 881 3916 cx
898 3861 1075 3918 Alexandrina
1097 3862 1161 3917 sede
1182 3860 1308 3936 pellendo
1325 3878 1354 3916 ac
1454 3893 1460 3904 .

10 3986 12 3997 ·
67 3952 152 4009 Petro
173 3952 206 4006 in
229 3947 291 4019 ejus
307 3947 397 4004 locum
418 3944 578 4003 sufficiendo
594 3946 626 4002 ad
647 3949 735 4021 ipsum
756 3948 909 4020 scripserat,
932 3948 1102 4020 rescripsisse
1124 3956 1204 4019 atque
1220 3947 1272 4001 lroc
1289 3947 1354 4001 scri·

10 4034 13 4093 i
66 4046 146 4111 ptam
163 4051 217 4110 per
233 4032 361 4089 eumdem
376 4031 511 4093 Uranium,
528 4032 574 4105 qui
588 4031 704 4087 Zenonis
720 4032 823 4087 litteras
843 4032 986 4094 delulerat,
1009 4032 1197 4093 transmisisse,
1213 4047 1355 4085 successor

10 4112 15 4199 i
66 4122 194 4178 Gelasium
212 4117 300 4174 docel
319 4115 438 4189 (tracti
459 4134 487 4173 n.
506 4114 565 4188 10).
604 4117 640 4170 iic
656 4124 794 4189 praeterea
811 4117 890 4172 tradit
906 4116 975 4171 idem
991 4124 1094 4177 auctor,
1118 4117 1143 4170 io
1161 4116 1209 4170 liae
1225 4113 1353 4186 SimplIcii
1457 4174 1461 4179 .

10 4212 13 4279 l
65 4205 184 4281 epistola
201 4203 282 4259 Petri
299 4202 499 4257 restitutIonem
515 4202 625 4256 omnino
643 4200 808 4275 abnegatam.
825 4210 852 4256 et
868 4201 1001 4256 Zenonem
1018 4201 1175 4255 metuendis
1187 4214 1353 4255 sacraemn-

10 4282 16 4371 ‚I
65 4296 101 4349 lis
114 4293 299 4348 obstrictum
314 4302 385 4348 esse,
405 4301 441 4341 ne
456 4288 534 4343 decli
543 4286 641 4341 Marci
661 4288 856 4358 evenpelisiac
873 4287 967 4342 sedem
983 4304 1000 4339 n
1016 4287 1149 4356 mepislri
1161 4287 1208 4339 sui
1221 4285 1354 4339 doctrine

10 4376 12 4431 l
64 4384 92 4433 et
111 4375 327 4434 communione
343 4373 524 4442 permitteret
545 4375 684 4443 separari
704 4369 770 4441 (iel.
793 4387 835 4444 ep.
852 4371 867 4425 1
886 4369 966 4440 ni).
1018 4370 1141 4424 Acacium
1164 4376 1252 4422 autem
1274 4366 1354 4422 simul

10 4474 13 4525 j
63 4470 207 4537 rogatum.
225 4464 259 4513 ut
275 4454 400 4512 eamdem
415 4454 556 4528 epistolam
568 4457 773 4527 praesentibus
789 4459 922 4528 alloquiis
935 4457 1077 4526 firmaret,
1094 4452 1246 4526 Simplicius
1263 4450 1355 4525 epid

10 4544 12 4551 '
62 4548 155 4604 docel.
189 4543 251 4600 Una
267 4556 334 4596 cum
350 4539 465 4614 epistola
481 4539 519 4596 18
533 4539 649 4612 ideoque
665 4539 707 4595 alie
722 4539 835 4596 15lulii
850 4541 912 4595 anni
928 4537 988 4595 482
1005 4539 1157 4610 conscripta
1172 4544 1223 4593 est.
1268 4536 1353 4591 Porro

62 4632 143 4702 hujus
160 4630 258 4705 ipsius
283 4622 418 4699 epistolae
439 4632 542 4698 partem
564 4623 744 4699 iragmentum
764 4624 830 4679 illud
854 4640 914 4680 esse
934 4631 1074 4696 putamus,
1102 4622 1175 4695 quod
1196 4639 1277 4695 supra
1299 4622 1355 4694 epi·

61 4717 131 4774 stols
149 4715 197 4773 ‘20
214 4709 369 4769 edidimus.

675 4801 763 4866 XVI.

144 4923 178 4978 1.
210 4917 338 4975 Praeter
365 4912 447 4968 varias
468 4911 526 4968 illas
546 4913 689 4989 epIstolas,
718 4928 785 4986 quae
806 4910 1001 4973 desiderantur,
1024 4907 1164 4966 Liberatus
1185 4929 1208 4965 c.
1228 4909 1266 4966 18
1288 4909 1353 4964 ‹luas
