3224 5506
127 355 194 419 564
601 368 629 415 s.
649 366 789 415 ennean
812 365 926 412 esraa

128 525 185 588 tali
208 522 295 607 quali
317 544 383 585 non
406 520 557 585 solvenda
579 520 721 604 praelixa
744 518 906 583 sententia
928 521 988 599 est,
1013 516 1136 598 effecto,
1165 515 1292 600 inquam,

127 627 186 688 tali
220 627 326 707 potest
354 622 498 686 solubilis
527 645 595 686 esse
628 621 805 686 sententia:
839 621 914 704 quia
944 620 1013 703 jam
1042 618 1162 682 Acacio
1188 637 1299 681 nonve

130 748 194 790 uon
204 726 244 809 ⁴³)
274 725 349 788 talis
371 745 455 806 csse,
485 723 569 788 sicut
590 725 648 787 tali
671 745 769 807 usquc
799 723 833 786 in
861 722 959 785 finem
988 720 1190 803 permanenti
1220 740 1299 804 pern

129 826 310 891 inabsoluta
320 827 356 912 ⁸⁴)
374 827 546 909 sententia,
569 827 616 890 ita
634 826 703 909 jam
720 846 785 888 non
800 824 858 888 tali
882 822 1016 907 effici⁴⁵)
1035 845 1106 914 non
1121 821 1240 886 volenti
1253 820 1299 885 soli

129 952 193 993 non
216 932 321 1012 potest
343 949 411 992 esse
433 929 604 991 sententia.
651 926 767 991 Nonne
790 928 899 990 tantos
921 924 1062 989 habebat
1085 925 1233 1007 Aeacius,
1263 946 1299 1008 qu

128 1031 305 1114 exemplum
329 1031 417 1113 sequi
440 1030 607 1113 potuisset,
632 1030 805 1111 antistites,
830 1028 884 1113 qui
907 1029 943 1091 in
958 1025 1124 1111 Ephesiae
1148 1025 1299 1110 prolapsi

128 1133 222 1214 eini0,
240 1131 381 1214 quolibet
396 1133 489 1195 modo
504 1132 538 1195 in
555 1131 798 1195 consensionem
813 1130 995 1194 reciderant
1009 1128 1205 1213 pravitatis?
1232 1125 1299 1211 Utiq

129 1240 250 1316 tamen,
281 1235 340 1297 etsi
363 1233 484 1296 <lictum
507 1254 571 1297 non
596 1236 676 1315 erat,
711 1236 744 1296 et
765 1235 953 1317 perpetuam
981 1229 1223 1294 damnationem
1243 1229 1299 1293 fen

127 1337 275 1417 tuissent,
300 1335 363 1399 nisi
386 1335 609 1417 resipiscentes
632 1337 665 1398 et
687 1357 752 1398 non
775 1335 856 1397 tales
880 1332 1000 1413 effecti,
1025 1332 1136 1415 quales
1158 1330 1225 1395 illic
1240 1330 1299 1394 fact

129 1440 203 1500 rant
224 1437 526 1521 damnationemque
547 1439 735 1520 perpetuam
757 1435 979 1499 merebantur:
1008 1434 1125 1498 resolvi
1149 1434 1236 1498 eirca
1256 1454 1289 1497 se

130 1540 293 1601 nationem
308 1539 493 1602 recedentes
516 1561 535 1601 a
550 1541 723 1621 perpetuae
739 1536 955 1601 damnationis
971 1558 1068 1600 causa
1085 1539 1283 1619 meruerunt,

130 1640 183 1723 qui
206 1641 374 1723 perstitere
398 1640 483 1704 circa
505 1662 538 1703 se
561 1640 765 1704 insolubilem
787 1638 1005 1703 reddiderunt.

215 1743 244 1805 7.
289 1740 379 1805 Nihil
402 1741 536 1805 interest
559 1742 669 1825 igitur,
699 1741 780 1805 nihil
810 1741 926 1824 differt,
956 1744 1065 1804 utrum
1088 1739 1217 1804 dicatur
1246 1763 1299 1805 nus

129 1850 295 1925 solvendus,
321 1866 362 1906 an
384 1865 449 1907 non
472 1843 608 1923 dicatur,
639 1843 714 1927 quia
737 1843 954 1907 ecclesiastica
976 1842 1141 1906 sententia
1163 1863 1235 1906 reos
1257 1846 1290 1906 et

131 1945 323 2009 varicatores
351 1945 489 2030 obligat:
520 1945 593 2029 quia
623 1945 706 2008 siout
734 1947 761 2007 ei
786 1966 850 2008 non
879 1946 986 2028 potest
1013 1944 1196 2028 suffragari,
1227 1943 1299 2028 quor¹

130 2050 178 2108 est
200 2047 303 2110 dictus
325 2069 478 2126 siliquam
500 2052 668 2124 solvendus,
699 2045 765 2129 sed,
789 2047 815 2110 si
837 2047 873 2110 in
896 2067 1001 2109 errore
1024 2046 1249 2130 permanserit,
1282 2046 1299 2109 i]

129 2146 202 2210 bilis
225 2148 325 2211 modis
348 2148 495 2212 omnihus
521 2151 715 2231 perseverat,
744 2170 804 2212 nec
827 2152 933 2230 potest
959 2147 1032 2210 inde
1055 2147 1119 2211 nisi
1141 2168 1209 2212 non
1230 2146 1299 2211 talis

131 2253 200 2312 ctus
223 2249 360 2313 absolvi:
383 2251 436 2315 sic,
454 2250 648 2336 cuiquamst)
671 2250 892 2334 praejudicare
908 2271 973 2313 non
989 2253 1107 2334 potest,
1131 2249 1262 2313 tametsi
1280 2248 1299 2312 d

130 2353 179 2413 est
201 2372 438 2447 iussiquamfsse
452 2358 636 2433 soluendum,
660 2351 833 2416 manifesta
848 2353 974 2416 ratione
993 2355 1208 2433 monstrante,
1231 2352 1299 2436 quia

130 2474 225 2535 quarn
248 2453 291 2515 sit
312 2453 442 2517 omnino
465 2452 644 2535 solvendus,
669 2454 695 2516 si
718 2453 793 2517 talis
816 2455 919 2538 qualis
940 2454 1060 2539 ligatus
1084 2457 1134 2517 est
1156 2475 1224 2517 esse
1239 2474 1299 2538 pers

132 2555 180 2616 vel
204 2553 278 2616 talis
300 2555 410 2637 utique
439 2577 603 2639 nunquam
627 2554 806 2636 solvendus,
836 2554 939 2640 qualis
962 2558 1011 2619 est
1032 2555 1206 2639 obligatus
1251 2553 1299 2618 No

128 2658 215 2736 jecto
231 2659 348 2736 autem,
378 2663 496 2719 etiamsi
522 2663 683 2735 resipiscat
704 2668 733 2720 cl
754 2665 903 2738 corripal,
928 2661 1038 2742 patere
1061 2679 1192 2741 prorsus
1214 2660 1247 2720 et
1267 2656 1299 2719 lil

132 2779 200 2819 esse
224 2779 287 2819 non
311 2755 441 2819 dubium
465 2758 516 2840 sit,
542 2762 576 2820 ut
599 2780 664 2821 non
687 2758 761 2821 talis
784 2759 914 2823 effectus
937 2759 1040 2842 quadis
1062 2780 1218 2838 neutiquam
1234 2757 1298 2822 dict

131 2880 193 2922 csse
214 2865 384 2941 soluendus,
408 2859 463 2922 sed
485 2859 559 2922 talis
582 2859 685 2942 qualis
708 2883 772 2923 non
789 2863 837 2924 est
854 2861 957 2924 dictus
981 2881 1137 2940 reunquam
1153 2883 1215 2925 esse
1229 2866 1299 2925 soles

131 2960 161 3023 id
186 2963 234 3023 ost
262 2964 422 3024 correctus
451 2964 483 3024 ct
511 2961 708 3043 emendatus,
739 2965 971 3046 consequenter
1000 2965 1162 3026 correctus
1193 2967 1226 3026 et
1251 2984 1299 3046 pos

131 3062 220 3125 solvi.

215 3165 245 3228 8.
292 3163 487 3246 Notandum,
510 3165 593 3249 quod
616 3165 758 3248 quolibet
785 3187 903 3250 genere
925 3166 1226 3251 blasphemantibus
1247 3167 1282 3231 in

198 3388 231 3453 ⁴³)
250 3388 275 3439 a'
291 3402 320 3439 cc
333 3386 362 3438 d²
381 3406 430 3440 rron
448 3392 532 3448 talem,
551 3384 579 3436 (11
593 3384 623 3437 d²
642 3403 703 3438 cum
722 3403 786 3439 mss.
806 3408 855 3440 non
870 3393 936 3440 talis.
967 3386 1181 3441 [testituendum
1196 3409 1245 3442 sion
1257 3393 1299 3441 rari

132 3469 256 3523 subnexa
273 3470 411 3524 sententia
423 3476 480 3535 ‚jum
499 3490 548 3523 noa
566 3476 613 3522 tuli
630 3474 699 3536 efflei
716 3491 764 3525 uon
782 3478 885 3525 uolenti.

199 3555 230 3620 ⁴⁸)
249 3554 313 3608 MSS.
331 3557 380 3622 (α’)
398 3559 521 3616 absoluta,
540 3555 568 3607 d¹
589 3574 638 3608 non
656 3560 787 3622 rsbsolutn,
806 3559 829 3609 θ’
844 3561 870 3610 0⁹
887 3563 913 3609 in
926 3561 1053 3619 absoluto,
1073 3560 1099 3612 θ’
1112 3557 1143 3610 (1²
1156 3574 1219 3612 cum
1230 3575 1294 3612 msa.

131 3637 182 3705 ΡΨ)
199 3643 349 3692 irrubsolutu.
789 3687 791 3692 .

198 3725 230 3790 4Γ)
250 3723 277 3775 d¹
296 3728 365 3790 effici
385 3731 478 3777 uolenti
498 3729 610 3779 solubilis
632 3737 717 3793 potest
739 3746 795 3779 esse
816 3732 943 3780 sententia
1017 3733 1092 3795 sequi
1112 3739 1214 3796 posset:
1243 3728 1299 3799 dep:

132 3823 217 3873 quum
239 3807 309 3861 hacc
332 3807 366 3862 de
388 3808 489 3862 Aeaeis
508 3809 569 3876 jam
593 3808 735 3876 defuncto,
763 3810 810 3879 qui
833 3811 1005 3865 voluntatem
1027 3812 1139 3866 mutare
1161 3830 1218 3867 non
1240 3830 1299 3882 poss

132 3892 238 3944 caritur.

198 3977 230 4044 ⁴⁶)
248 3976 285 4028 0²
303 3981 350 4041 Qui
367 3983 459 4047 utique.
495 3978 560 4031 Mox
578 3978 606 4030 d¹
626 3984 805 4047 resipiscentes
822 3999 872 4033 nou
890 3986 955 4033 tales
967 3984 1145 4048 efficerentum
1165 3989 1254 4052 quales
1270 3987 1299 4035 ill

128 4065 243 4127 frier-sut.
273 4066 297 4113 A
315 4073 442 4129 perpetuu
465 4081 527 4128 erpo
551 4067 712 4116 damnatione
734 4076 878 4117 asseruerunt
899 4071 994 4119 resolui
1010 4071 1162 4121 recedentes
1180 4079 1228 4123 rte.
1264 4066 1299 4120 ln

131 4146 159 4196 et
177 4144 308 4199 sincerior
327 4145 385 4198 visa
403 4148 446 4199 est
467 4147 563 4212 lectio,
586 4164 670 4215 quam
689 4146 760 4200 aliae
779 4147 914 4201 aditiones
932 4166 994 4202 cum
1011 4149 1048 4202 D⁹
1067 4154 1097 4204 et
1113 4158 1131 4204 4
1148 4169 1214 4205 mss.
1233 4150 1296 4205 s⁸D

131 4229 239 4296 hibent,
262 4228 316 4283 nisi
334 4230 406 4298 quod
426 4229 483 4283 sine
502 4230 544 4283 his
561 4239 709 4285 proruissent
731 4233 835 4300 legant.
872 4232 989 4287 Actione
1007 4239 1024 4286 4
1041 4233 1152 4288 concilii
1171 4234 1299 4289 Calcheds

131 4313 184 4375 (ed.
209 4313 293 4366 Hard.
314 4314 347 4378 ll,
366 4317 426 4379 383)
450 4314 571 4368 edictum
592 4316 697 4382 fuerat,
724 4318 756 4369 ut
777 4317 876 4370 eadem
896 4317 1077 4387 depositionis
1099 4335 1195 4388 poena
1215 4319 1299 4389 plecte

131 4396 291 4461 Dioscorus,
318 4398 471 4463 luvenalis,
498 4399 672 4466 Thalassius,
699 4400 848 4468 Eusebius,
874 4401 1036 4455 Euststhius
1062 4404 1092 4457 et
1113 4402 1246 4469 Basilius,
1271 4419 1299 4471 qr

131 4481 268 4549 llphesirro
281 4483 425 4537 latrocinio
438 4490 569 4552 principes
581 4491 681 4538 concilii
693 4484 871 4539 exstitissent.
898 4487 935 4539 At
945 4486 1127 4555 postmodum
1138 4488 1168 4540 in
1180 4488 1299 4542 meme

131 4565 158 4627 (l.
173 4581 195 4618 c.
210 4566 233 4617 ll
245 4570 305 4625 llll
324 4567 421 4619 iisdem
435 4567 571 4636 episeopis
582 4585 637 4621 uno
649 4568 783 4623 Dioscoro
797 4577 913 4640 excepto
927 4570 955 4624 in
969 4569 1116 4625 concilium
1135 4571 1259 4627 intrandi
1274 4588 1299 4641 ps

130 4649 206 4701 facta
223 4652 272 4704 est.
312 4650 350 4703 no
369 4651 488 4704 maxime
507 4670 579 4706 nunc
595 4656 704 4723 spectat
722 4656 855 4709 Gelasius.

198 4733 229 4799 47)
248 4734 275 4786 d*
295 4741 393 4788 (aridam
411 4743 598 4803 prueJ‘udr'curi.

198 4818 230 4885 ⁴⁶)
249 4839 267 4871 α
283 4825 366 4887 possit
384 4840 439 4874 esse
456 4828 564 4885 solutus,
584 4822 620 4875 0²
637 4843 693 4878 esse
710 4831 793 4893 possit
810 4833 918 4893 solinus,
937 4826 973 4879 I)l
990 4831 1074 4894 possit
1091 4832 1200 4886 solutus.
1233 4824 1299 4879 laxs

130 4903 329 4973 Nomadumque.
541 4979 558 5006 .
