3224 5506
452 376 647 426 amsuchan
670 368 817 427 20-23.

510 547 694 649 Epistola
719 550 774 633 22.

313 698 465 765 Enncdii
489 699 532 764 ad
555 697 804 781 Symmachum
828 720 964 786 papam.

109 838 203 887 doram
220 853 321 888 suoram
337 841 478 890 memoriam
495 856 633 900 reuocans,
657 842 821 892 Parthenium
837 857 973 906 germanae
987 844 1065 906 filiam
1082 845 1220 894 stadiorum

234 925 375 973 litterarum
392 940 471 974 caasa
487 925 590 975 Romam
604 933 731 990 petentem
749 928 864 992 pontefici
880 929 1043 980 commendat.

158 1055 389 1140 Symmacho
410 1078 536 1141 papae
557 1057 777 1123 Enrcodius.

113 1225 121 1238 .
157 1175 244 1239 Dum
266 1176 373 1240 sedem
395 1177 604 1260 apostolicam
627 1199 762 1241 coronae
784 1181 908 1242 vestrae
937 1199 1013 1242 cura
1034 1180 1217 1245 moderatur
1239 1184 1272 1245 et

109 1277 151 1340 tis
183 1277 310 1362 imperii
343 1278 466 1363 apicem
499 1280 626 1364 regitis,
664 1280 828 1343 blanditur
862 1281 1058 1364 profectibus
1087 1286 1270 1366 parentum,

110 1380 189 1444 meis
212 1380 402 1463 promissum
430 1384 559 1445 tenetur
586 1382 745 1467 officiis¹).
790 1381 886 1467 Spem
914 1384 984 1447 sine
1010 1383 1118 1448 labore
1146 1385 1272 1448 obtinet

114 1486 316 1547 constantem
337 1483 442 1546 vimm
464 1483 600 1548 fideliter
621 1483 806 1566 obsecutus3
828 1483 961 1569 grandis
984 1486 1034 1548 est
1048 1507 1166 1569 pompa
1181 1507 1271 1568 prae-

109 1605 133 1665 s,
157 1585 305 1669 quotiens
327 1586 411 1670 quod
432 1607 515 1649 unus
531 1586 657 1669 meruit,
681 1585 824 1670 pluribus
845 1589 1050 1671 repensatur:
1072 1587 1270 1671 superiorum

109 1688 154 1749 ita
181 1690 362 1770 sectantur,
400 1709 457 1772 per
484 1710 562 1772 quos
585 1688 751 1773 generatio
772 1687 903 1772 recipit,
934 1688 1016 1773 quod
1037 1710 1175 1774 persona
1198 1711 1271 1753 cou-

108 1790 142 1869 t.‚
170 1786 224 1852 Sic
246 1788 412 1852 israelitici
437 1788 553 1852 delicta
574 1790 684 1874 populi
704 1792 836 1875 propter
858 1788 963 1853 David
984 1811 1089 1873 poena
1110 1812 1176 1859 non
1198 1791 1270 1854 teti-
1288 1794 1343 1846 les.

109 1889 168 1952 lum
191 1890 282 1974 genti
304 1890 462 1973 opitulata
484 1895 533 1954 est
553 1894 765 1974 praecessoris
780 1892 968 1976 integritas,
992 1893 1025 1955 et
1038 1891 1117 1954 fides
1132 1891 1270 1956 hominis
1283 1867 1369 1927 37‘35‘

109 1991 200 2075 ripnit
222 1991 261 2055 de
283 2014 388 2055 errore
410 1993 562 2076 populum
585 1996 641 2056 aut
659 1994 743 2077 juvit
765 1994 799 2056 iu
821 1994 938 2078 gratia.

109 2102 122 2157 ⁸.
156 2093 351 2157 Parthenius
374 2093 474 2178 igitur
494 2095 712 2180 praesentium
725 2095 872 2180 portitor,
895 2115 1068 2179 germanae
1089 2095 1185 2179 filius,
1208 2094 1269 2160 hac

109 2217 217 2258 ronam
238 2200 377 2259 vestram
399 2196 515 2259 fiducia
537 2197 701 2261 animante
723 2197 862 2261 directus
884 2199 942 2280 est,
972 2219 1066 2281 quem
1088 2197 1268 2262 sollicitudo

110 2296 147 2360 lis
169 2296 304 2361 Romam
327 2298 433 2382 coegit
454 2304 612 2381 expetere.
647 2298 767 2364 Sancta
789 2302 865 2363 sunt
887 2299 992 2363 studia
1014 2298 1209 2383 litterarum,
1233 2299 1266 2363 iu

109 2421 119 2461 s
140 2402 216 2463 ante
237 2399 436 2463 incrementa
458 2400 591 2482 peritiae
613 2401 693 2464 vitia
708 2401 921 2465 dediscuntur.
955 2399 1026 2465 Hoc
1048 2400 1163 2465 itinere
1187 2423 1269 2465 cana

109 2523 169 2565 mos
191 2501 328 2584 pueriles
356 2502 460 2565 solent
486 2501 596 2565 venire
624 2503 773 2586 consilia,
808 2504 882 2566 dum
908 2503 991 2587 quod
1020 2505 1108 2566 aetas
1135 2503 1267 2588 refugit,

109 2605 125 2665 t
145 2603 293 2666 instituta
315 2608 490 2688 praestare.
525 2603 641 2668 b'cvete
664 2626 757 2689 ergo,
779 2604 961 2690 veniendil)
978 2625 1090 2667 causas
1104 2605 1269 2689 patefacta

109 2704 287 2788 nguinitate
314 2704 480 2770 didicistis.
524 2706 661 2771 Habetis
689 2707 846 2789 obsidem,
876 2707 911 2770 in
933 2727 995 2791 quo
1017 2705 1153 2770 dilucide
1175 2708 1268 2771 meri-

109 2832 112 2868 l
134 2806 216 2889 apud
243 2828 299 2870 vos
327 2829 468 2871 meorum
500 2808 637 2892 qualitas
665 2810 858 2873 innotescat.
913 2807 1067 2890 Domine,
1095 2812 1132 2871 ut
1159 2830 1266 2892 supra,

109 2909 205 2972 ‚horus
227 2911 439 2973 reverentiam
461 2910 681 2994 obsequiorum
704 2910 870 2974 devotione
893 2911 1065 2974 restituens
1087 2931 1208 2994 precor,
1233 2915 1269 2974 ut

109 3030 144 3072 ur
165 3011 382 3093 praesentium
402 3009 541 3075 famulus
568 3015 673 3075 vester
699 3012 784 3077 felici
813 3015 898 3076 sorte
921 3010 1083 3096 peregrini
1105 3013 1189 3096 apud
1213 3034 1268 3075 vos

109 3134 123 3174 u
144 3112 298 3196 excipiat:
321 3114 395 3197 quia
416 3113 500 3198 quod
522 3114 714 3178 attributum
735 3114 834 3177 fuerit
850 3115 997 3199 precibus
1013 3113 1102 3195 meis,
1127 3115 1265 3177 vestrum

125 3214 211 3278 dotes
234 3217 424 3279 suas'oruat
445 3216 597 3280 officium.

505 3401 687 3505 Epistola
712 3403 769 3486 23.

305 3554 459 3621 Enuodii
482 3555 525 3621 ml
549 3554 800 3637 Symmachum
822 3573 958 3640 papam.

148 3694 267 3745 «iuvenem
285 3696 389 3746 nobilem
406 3697 491 3746 stadia
508 3697 623 3747 Romana
639 3698 808 3763 requirentem
824 3697 939 3760 pontifici
956 3672 1117 3746 commendat.

153 3827 358 3892 Ennodius
380 3827 618 3912 Symmacho.

109 3945 168 4012 lem
194 3948 409 4012 necessariam
434 3949 596 4034 providet,
630 3950 685 4034 qui
717 3950 877 4033 parenti¹)
910 3948 1052 4013 omnium
1079 3948 1207 4013 orbatos
1234 3952 1268 4013 ct

109 4049 188 4114 riuos
210 4050 363 4114 insinuat.
397 4050 502 4116 Unica
524 4053 577 4117 via
599 4054 648 4115 est
670 4052 867 4136 apostolatus
890 4050 987 4116 vestri
1002 4050 1161 4135 solatium,
1184 4073 1265 4136 quae

109 4183 303 4193 ——-—..--—

111 4237 208 4292 Officia
228 4238 277 4293 illa
298 4255 349 4293 sua
374 4237 454 4304 dicit,
481 4255 552 4306 quae
573 4238 602 4292 in
626 4255 709 4292 causa
732 4237 890 4307 Symmachi
911 4237 1092 4307 praestiterat
1110 4237 1167 4292 sive
1185 4238 1266 4291 factis

109 4340 172 4377 num
194 4323 335 4377 variarum
358 4323 485 4393 expensis
507 4324 589 4392 (conf.
608 4323 715 4377 Ennoct
739 4323 819 4392 epist.
832 4323 879 4389 ΙΠ,
893 4328 932 4377 10.
959 4322 993 4390 V,
1007 4328 1047 4378 13.
1070 4322 1161 4390 V1,1s
1179 4324 1264 4390 et33)

109 4408 236 4478 ·nscripta
253 4407 351 4477 synodi
368 4408 394 4462 V
412 4409 551 4478 apologia.

109 4491 215 4549 Schotti
233 4492 276 4547 ed.
296 4492 375 4547 addit
392 4500 474 4561 majac

109 4578 167 4633 Hoc
183 4577 295 4632 nomine
313 4578 473 4648 pontificem
490 4579 674 4633 universalem
692 4579 822 4646 honorat,
847 4579 908 4646 J'am
929 4580 996 4633 tnnc
1017 4578 1091 4634 inter
1107 4580 1265 4649 temporum

109 4682 126 4717 a
143 4664 202 4719 fere
219 4662 331 4716 unicum
348 4663 540 4718 fluctuantium
557 4666 724 4734 populorum
742 4665 771 4717 et
782 4662 936 4717 studiorum
947 4663 1104 4717 liberalium
1116 4663 1263 4733 refugium.

109 4765 139 4802 cx
156 4748 231 4803 hisce
249 4748 350 4803 litteris
373 4749 515 4816 discimus,
543 4751 661 4805 Romam
681 4751 742 4802 tum
759 4749 939 4820 praecipuam
956 4748 1093 4817 ejusmodi
1109 4748 1265 4803 studiorum

112 4835 274 4905 reputatam
292 4850 363 4901 esse,
389 4852 474 4904 quam
496 4834 616 4904 undique
635 4834 753 4903 juvenes
774 4832 883 4888 nobiles
905 4850 1002 4888 earum
1024 4852 1118 4889 rerum
1139 4833 1266 4889 sollertes

109 4922 143 4975 ut.
