3224 5506
81 191 143 257 758
520 202 548 250 s.
566 198 772 249 uosmsoaa
795 196 909 245 aaran

44 376 66 424 5,
82 334 164 426 esse
180 359 336 424 credimus
364 378 421 440 per
447 354 621 420 Dominum
649 355 794 417 nostrum
825 350 970 416 eruditae
1004 350 1195 417 clementiae
1224 355 1414 418 veum

44 507 49 518 ·
81 463 202 528 strictis
224 459 404 544 supplicare
428 455 705 542 suggestionibus,
735 455 918 538 sperantes,
952 456 990 517 ut
1015 452 1160 520 laborem
1181 474 1414 541 cannaque

80 562 252 650 pastoralis
279 560 396 643 officii,
429 557 659 623 venerabilium
695 557 896 620 decessorum
928 557 1108 621 vestrorum
1134 555 1291 622 Marciani
1314 583 1414 629 q

82 665 198 731 Leonis
225 663 362 727 formam
394 661 511 742 secuti,
551 659 649 723 etiam
683 658 872 743 principalis
906 658 1072 744 potentiae
1105 659 1414 744 participatiom

82 766 234 832 fulciatis.
280 763 451 829 Habebitis
474 762 542 826 Deo
570 761 709 845 propitio
737 782 828 845 spem
855 760 893 824 de
915 760 1059 825 victoriis
1086 782 1153 826 non
1178 761 1414 846 jacentem

83 870 109 933 si
132 866 397 953 pontificalenifl)
421 866 536 929 contra
558 863 676 927 diaboli
699 862 922 946 subreptiones
937 861 1200 949 congressionem
1221 863 1414 948 pacifiq

84 970 125 1035 ad
139 968 368 1034 decertandum
390 965 602 1030 instructione
618 965 781 1029 muniatis.
816 964 990 1049 Nunquam
1005 964 1041 1028 in
1056 967 1244 1030 sanctarum
1258 965 1414 1044 ecc..

85 1072 205 1137 siarum
234 1069 387 1133 memoria
409 1066 554 1130 Dioscori
582 1067 748 1150 participis
777 1065 983 1150 Eutychetis,
1012 1065 1174 1131 Timothei
1203 1070 1237 1132 et
1258 1065 1414 1143 Pet-u·

85 1172 316 1258 parricidarum
340 1168 597 1233 commemoratio
625 1168 809 1232 reviviscat:
841 1171 985 1233 servetur
1013 1169 1054 1232 ab
1082 1168 1233 1233 omnibus
1260 1191 1321 1233 sus
1342 1203 1410 1246 (3

85 1273 223 1360 piendae
251 1270 521 1337 Calchodonensis
549 1269 677 1354 synodi,
708 1268 776 1333 Deo
807 1274 976 1355 operante,
1011 1270 1167 1336 definitio.
1220 1270 1414 1350 Acaciu

87 1375 175 1440 Petri
197 1374 402 1438 tenebrarum
412 1373 449 1456 12)
465 1372 522 1435 filii
539 1372 762 1436 communione
777 1371 918 1455 pollutus
935 1371 1055 1437 habeat
1069 1371 1258 1458 participes,
1280 1394 1414 1457 quq

87 1477 222 1561 delegit:
250 1476 303 1559 qui
327 1475 424 1538 etiam
445 1473 531 1537 inter
554 1496 627 1537 suos
654 1496 801 1538 excessus
830 1497 890 1539 nec
917 1474 955 1538 de
977 1473 1075 1539 Petro
1098 1473 1306 1539 Antiocheno
1384 1509 1414 1552 ε

88 1577 294 1662 complicibus
317 1577 386 1659 ejus
408 1575 546 1639 nitidum
573 1597 606 1639 sc
634 1597 703 1639 esse
725 1597 893 1660 perpessus
916 1579 975 1640 cst.
1021 1575 1157 1643 Cessent
1188 1576 1309 1641 maledi
1323 1590 1414 1654 (214

88 1682 150 1766 piis
178 1683 310 1744 sanctae
338 1677 567 1742 recordationis
595 1699 698 1761 papae
720 1678 836 1742 Leonis
864 1679 992 1762 ingesta
1022 1678 1246 1762 dogmatibus,
1279 1700 1414 1762 qum

89 1783 171 1847 solos
194 1781 321 1865 quidem
344 1780 399 1843 illo
421 1780 454 1843 in
479 1779 544 1843 suis
567 1783 718 1844 manente
741 1781 882 1864 puniunt
903 1781 1097 1865 irrogantes.

172 1886 203 1947 3.
241 1883 280 1946 ln
303 1882 363 1965 his,
388 1904 468 1966 quae
491 1881 629 1966 praefati
645 1904 764 1966 sumus,
788 1881 1037 1952 sollicitudinem
1052 1882 1150 1947 vestri
1170 1883 1405 1957 advocamus

89 1985 231 2071 imperii:
254 1985 372 2069 poterit
395 1984 481 2047 enim
503 1984 606 2068 pictas
628 1987 745 2067 vestra,
768 1984 829 2048 hoc
846 1984 1038 2068 custodiens,
1063 1985 1172 2069 apices
1187 1988 1221 2049 et
1235 1993 1400 2071 sceptra

80 2097 148 2153 'sua
169 2091 243 2172 post
263 2087 381 2151 multos
403 2108 505 2150 anuos
528 2086 568 2149 ad
591 2085 677 2150 aliud
700 2086 861 2151 saeculum
876 2085 1038 2171 possidere
1052 2086 1224 2151 translata.
1258 2086 1394 2159 Susci-

90 2191 157 2276 pite
180 2210 289 2274 preces
305 2191 432 2252 nostras
447 2210 504 2272 per
520 2188 704 2252 Ennodium
719 2192 815 2272 alque
827 2187 1039 2253 Fortunatum
1061 2188 1181 2253 fratres
1204 2191 1238 2253 et
1258 2197 1389 2278 coepi-

92 2313 204 2375 scopos
227 2293 363 2373 nostros,
387 2312 448 2354 neo
470 2312 536 2354 non
558 2289 756 2354 Venantium
778 2290 998 2374 presbyterum
1023 2290 1270 2375 atqueVitalem
1302 2294 1384 2359 dia-

93 2415 207 2458 conum
231 2391 280 2456 vel
303 2391 449 2455 Hilarum
473 2392 643 2474 notarium,
667 2391 749 2456 filios
772 2395 908 2476 nostros,
937 2414 1073 2477 quorum
1095 2392 1180 2477 apud
1202 2413 1260 2456 nos
1284 2394 1380 2458 fides

92 2496 125 2559 in
149 2495 209 2558 Dei
232 2494 345 2557 timore
367 2493 569 2577 studiumque
591 2494 775 2578 perclaruit,
804 2517 862 2578 pro
883 2498 989 2558 restro
1012 2516 1120 2559 amore
1143 2493 1379 2571 transmissas,

93 2600 126 2662 et
157 2595 316 2679 placidam
348 2595 417 2658 vice
450 2599 561 2659 nostra
593 2596 849 2680 supplicantibus
884 2596 1115 2662 conscientiam
1149 2591 1382 2662 commodate*-

94 2698 264 2783 Speremus
292 2697 394 2779 enim,
429 2699 461 2760 et
488 2696 526 2759 de
553 2696 621 2761 Deo
649 2698 804 2761 habentes
835 2698 983 2762 fiduciam
1010 2699 1214 2783 pollicemur,
1242 2693 1391 2761 studia,

93 2821 175 2884 quae
198 2822 217 2861 a
239 2799 328 2862 vobis
350 2821 443 2863 verae
473 2799 619 2882 religioni
648 2801 795 2883 impensa
821 2799 960 2883 fuerint,
991 2801 1062 2864 sine
1090 2800 1289 2865 retributione
1342 2780 1399 2842 θ’

94 2902 235 2986 praemio
257 2923 321 2964 non
345 2900 463 2964 futura.
510 2900 594 2963 Data
617 2900 665 2964 lll
687 2901 762 2965 ldus
786 2902 942 2984 Augusti,
972 2901 1137 2968 Florentio
1165 2903 1229 2967 viro
1250 2887 1393 2965 carie

95 3004 174 3068 simo
197 3002 334 3067 consule.

607 3189 788 3292 Epistola
814 3192 848 3274 a

6 3351 41 3467 18ῗέ
42 3345 81 3482 it?
268 3323 478 3410 Hormisdae
500 3362 611 3427 papae
633 3343 676 3408 ad
700 3343 906 3410 Caesarium
929 3342 1192 3411 arelatensem.

132 3487 224 3544 Docet,
246 3485 395 3542 Dardanos,
414 3483 535 3545 Illyricos
552 3483 709 3549 Scythaeque
728 3485 864 3547 epmcopor
877 3483 1038 3548 Eutychiana
1056 3482 1314 3535 denominarentur

130 3572 249 3619 decimata
267 3570 387 3618 adradis
405 3570 562 3633 apostolicae
580 3570 771 3619 communionem
793 3571 913 3627 rediisse,
932 3567 974 3619 'ec
996 3571 1029 3620 de
1052 3573 1147 3620 ceteris
1163 3569 1314 3620 munnae
1344 3574 1349 3581 ‘

450 3656 548 3717 legator
566 3671 583 3702 a
600 3671 628 3702 sc
646 3657 671 3702 in
690 3653 817 3704 (trientem
834 3657 922 3705 rnissor
940 3671 1004 3706 esre.

250 3786 527 3851 Dilectissimo
549 3787 669 3850 fratri
692 3786 881 3852 Caesario
908 3787 968 3851 vel
990 3787 1197 3873 his1)„qui
1217 3783 1333 3851 subd.

342 3888 532 3953 lectionis
564 3891 656 3952 tuac
689 3888 947 3953 ordinatione
981 3891 1227 3970 consistunt,
1262 3884 1309 3951 Ho

342 3991 476 4054 misda.

187 4114 211 4175 l.
249 4110 379 4175 Justum
402 4113 465 4193 est,
491 4113 525 4173 ut
548 4111 601 4194 qui
624 4109 782 4175 catholica
805 4110 1026 4174 communione
1049 4110 1229 4193 laetamini,
1254 4104 1313 4173 nob·

100 4237 171 4277 cum
193 4212 232 4277 de
255 4213 418 4276 Ecclesiae
425 4262 434 4294 ,
465 4212 491 4274 si
514 4234 576 4296 qua
598 4212 761 4296 provenit,
793 4212 961 4276 concordia
983 4211 1168 4297 gaudeatis:
1201 4214 1236 4274 ut
1253 4227 1303 4293 que-

99 4315 267 4379 admodum
290 4337 373 4378 rurus
394 4314 488 4377 nobis
512 4335 685 4377 consensus
708 4317 756 4377 est
778 4314 862 4396 fidoi,
887 4314 933 4377 ita
955 4314 998 4377 sit
1011 4313 1177 4379 individua
1191 4308 1299 4399 gratrlfl

168 4505 199 4570 11)
217 4503 266 4555 nd.
283 4507 426 4570 pontificali
483 4506 664 4569 congressione
738 4507 927 4556 instructionem
1000 4506 1057 4555 Deo
1072 4521 1124 4570 per
1140 4521 1183 4556 ror
1198 4502 1289 4568 opem!

168 4589 200 4651 ¹²)
218 4585 323 4640 Alludit
340 4585 489 4640 Hormisda
511 4586 547 4639 ad
569 4585 689 4655 ipsamet
705 4585 799 4640 Aeacii
821 4586 920 4652 verba,
943 4585 1045 4654 quibus
1069 4585 1148 4656 epist
1166 4591 1182 4640 8
1203 4576 1284 4638 addit

100 4671 171 4724 cium
189 4688 216 4723 n.
237 4677 249 4724 1
269 4671 367 4724 Petrus
385 4677 465 4725 noctis
480 4676 547 4738 fitius
565 4670 729 4740 appellatur.

117 4762 133 4809 9
148 4784 153 4792 ·
170 4757 189 4822 1)
207 4754 240 4806 Li
258 4772 310 4808 om.
329 4760 373 4808 liin.
411 4755 516 4810 Deinde
533 4757 611 4810 ΙιῖΙι3
629 4760 773 4810 secretana.
