3204 5506
232 99 294 162 248
682 118 710 160 s.
730 113 863 161 ramms
887 114 912 159 n
936 112 1048 159 ranan

121 283 216 333 asse.
314 268 345 331 2.
390 266 514 331 Deinde
536 267 698 352 legatione
721 265 912 349 submota²)‚
939 288 1020 349 quae
1043 267 1127 350 apud
1150 288 1216 349 vos,
1239 270 1277 330 ut
1297 267 1421 337 dictum
1440 254 1562 332 &²

230 391 291 434 nec
313 368 398 432 beati
421 352 509 433 Petri
538 367 673 453 apostoli
697 367 851 431 inviolato
877 390 945 433 esse
964 369 1033 451 jam
1060 369 1175 452 potuit,
1204 368 1428 453 tranquillitas
1447 362 1562 435 tufi

231 473 410 536 litterarum
433 471 547 535 saltem
569 474 680 534 tenore
704 473 888 554 cognoscat,
918 470 1024 533 sedem
1047 470 1132 534 beati
1157 469 1293 554 apostoli
1318 470 1411 534 Petri
1434 470 1542 534 Ale-

232 574 388 638 xandrino
411 573 516 654 Petro,
546 573 621 636 olim
645 572 793 655 justeque
816 573 969 635 damnato
997 596 1034 636 ac.
1058 571 1266 635 nihilominus
1296 592 1357 656 per
1380 576 1514 637 senten·

232 676 310 739 tiam
333 674 518 758 synodalem
527 676 551 751 ΙΙ
575 696 676 756 nuper
699 673 786 756 eliso,
812 674 1043 738 communionis
1065 696 1230 757 nimquam
1252 674 1304 738 vel
1320 674 1510 757 praebuisse

230 778 281 841 rel
304 778 520 861 praebiturum
543 797 611 838 esse
635 798 840 840 consensum:
868 777 953 859 quia,
983 780 1019 840 ut
1042 778 1148 839 cetera
1169 798 1257 840 mme
1278 776 1447 859 omittam,
1470 775 1502 839 al

231 880 401 943 haereticis
424 879 590 942 institutus
614 881 725 940 eontra
746 876 797 940 fas
819 899 912 941 omne
936 875 1111 942 catholicae
1126 877 1309 962 praesidere
1325 899 1396 941 non
1410 877 1504 962 possit

232 981 395 1045 eeclesiae.
445 980 538 1044 lfnde
568 981 718 1063 quonimn
746 979 1002 1043 adhortationem
1029 1001 1133 1043 meam
1160 979 1296 1043 duxistis
1327 1002 1507 1063 onerosam,
1556 972 1562 1043 l

232 1083 265 1146 in
291 1086 394 1146 vestro
416 1082 561 1166 relinquo
583 1081 822 1145 deliberationis
845 1082 987 1163 arbitrio,
1017 1084 1123 1145 utrum
1145 1082 1231 1146 beati
1256 1083 1401 1166 apostoli
1425 1082 1508 1147 Petri

233 1206 276 1247 an
299 1184 510 1248 Alexandrini
535 1183 620 1247 Petri
645 1184 791 1267 cuiquam
815 1183 858 1246 sit
880 1183 1028 1277 eligenda
1051 1183 1241 1247 communio.

317 1287 348 1349 3.
398 1285 506 1360 Qumis
540 1289 647 1348 autern
674 1285 911 1349 Alexandrinus
945 1285 1119 1369 exstiterit,
1155 1287 1204 1349 vel
1238 1286 1513 1369 quemadmodum

232 1387 305 1450 falsi
330 1388 467 1451 nominis
490 1387 700 1451 sacerdotium
724 1409 780 1470 per
803 1390 934 1472 llllulrrl)
959 1388 1010 1450 vix
1034 1409 1109 1451 suae
1133 1387 1322 1471 complicem
1338 1388 1515 1472 pravitatis

232 1490 420 1554 temerarius
447 1489 619 1572 usurparit,
651 1493 745 1572 atquc
772 1489 807 1552 in
835 1489 1058 1553 ‹larunatorum
1087 1489 1184 1553 fuerit
1213 1489 1313 1553 etiam
1342 1489 1435 1574 apud
1459 1511 1515 1555 ros

233 1591 350 1654 dudum
372 1595 456 1656 sorte
479 1594 674 1670 numeratae,
704 1590 923 1673 suffragatoris
947 1590 1014 1674 ejus
1037 1591 1147 1654 Aeacii
1170 1590 1288 1655 litteris
1312 1592 1353 1656 ad
1379 1597 1517 1659 sanctae

233 1693 403 1757 memoriae
435 1695 632 1757 decessorem
655 1714 760 1755 meum
783 1692 876 1774 elatis,
906 1714 1038 1777 quarum
1067 1691 1262 1776 exemplaria
1288 1693 1426 1758 subdita
1449 1716 1517 1760 cer·

232 1796 326 1875 nitis,
357 1797 542 1878 approbate.
588 1794 704 1858 Utrrmr
732 1794 781 1857 vel
810 1795 977 1878 episcopus
1014 1794 1077 1858 dici
1114 1795 1229 1877 valcat,
1268 1796 1353 1879 quod
1395 1818 1518 1862 nomen

233 1897 358 1960 etiamsi
381 1920 400 1960 a
422 1897 565 1981 pluribus
588 1895 745 1978 episcopis
768 1896 953 1978 accepisset,
978 1896 1095 1959 habere
1110 1918 1175 1959 non
1191 1901 1312 1979 posset,
1336 1896 1391 1961 vel
1408 1900 1517 1963 ortho-

233 1999 322 2063 doxis
345 1999 490 2082 plebibus
515 2002 626 2061 cont-ra
641 1996 818 2061 Nieacnam
839 1997 1005 2080 synodum,
1031 2002 1143 2061 contra
1164 1998 1412 2062 observantiam
1435 2000 1518 2065 sin·¹

233 2101 445 2185 gularem³l
469 2102 628 2163 mereat-ur
650 2099 782 2181 imponi,
806 2102 955 2182 prompta
978 2099 1012 2162 in
1034 2098 1138 2162 Deum
1161 2099 1283 2183 pietate
1306 2101 1517 2185 perpendite.

300 2288 321 2341 Ἰ
339 2285 365 2338 h.
381 2302 403 2338 c.
417 2285 545 2338 submoto
564 2301 690 2339 sermone
704 2284 904 2352 delegatione,
923 2302 994 2353 quac
1013 2283 1122 2339 ctiriursi
1139 2284 1216 2338 beuti
1229 2284 1306 2339 Petri
1326 2288 1459 2356 apostoli
1471 2290 1519 2353 sit,

233 2372 331 2439 utpote
350 2370 385 2424 ab
405 2369 464 2437 ejus
482 2369 584 2424 vicario
602 2370 741 2439 prolecta,
760 2386 810 2422 uec
828 2370 871 2421 vel
890 2371 970 2422 tanto
989 2369 1113 2435 nominc,
1131 2371 1162 2422 ut
1175 2368 1311 2423 inviolata
1324 2371 1520 2443 exciperetur,

233 2455 342 2509 meruit.

301 2542 322 2595 ΙΙ
340 2537 475 2607 Evagrius
494 2540 520 2592 h.
536 2557 558 2591 c.
572 2540 623 2604 ΙΙΙ,
636 2547 667 2592 ‘31
686 2541 819 2607 testatur,
840 2540 996 2593 universam
1009 2538 1145 2607 synodum
1158 2534 1316 2593 ltomanarir
1329 2540 1361 2594 in
1375 2544 1522 2599 sententie

232 2623 364 2677 adversus
381 2622 517 2677 Misenum
540 2626 568 2677 et
586 2623 706 2678 Vitaleru
730 2631 766 2677 od
788 2629 886 2677 oei-brun
909 2623 1115 2693 pronuntiasse:
1144 2628 1246 2676 Petrum
1269 2628 1452 2688 haereticum,
1477 2632 1523 2697 qus*

232 2714 289 2761 olim
310 2729 402 2761 sacrae
424 2715 494 2761 sedis
515 2715 618 2762 decreto
641 2715 773 2762 ‹luoruutus
791 2715 1018 2762 carc-ouuuuaieatus
1036 2719 1061 2763 et
1079 2713 1307 2763 ‹rrrattemutizertus
1326 2720 1381 2772 eet,
1408 2718 1522 2766 eeclesia

232 2798 346 2847 Itoruuua
365 2815 414 2848 uou
427 2800 529 2862 recipit.
561 2800 608 2847 Cur·
619 2800 718 2847 etiamsi
736 2799 797 2848 nibil
813 2799 884 2847 ‹elirrd
900 2799 1069 2861 objiceretur,
1088 2800 1127 2847 nel
1138 2798 1185 2847 doc
1196 2813 1268 2846 auam
1279 2798 1433 2862 errfflceret,
1452 2800 1523 2867 qnod

189 2904 193 2911 <
232 2882 264 2930 ab
282 2884 419 2932 dircreticr's
437 2884 571 2932 ordinatus
589 2884 740 2933 orthodoxis
761 2899 884 2947 processe
904 2900 952 2932 uou
975 2885 1066 2947 pertrait.
1103 2877 1192 2943 Quam
1210 2878 1360 2934 Romanae
1381 2880 1521 2937 ecclesiae

234 2963 407 3032 disciplinam
426 2981 489 3017 mox
509 2964 594 3018 etism
613 2964 723 3018 aliunde
742 2964 906 3017 illustratori
925 2981 1025 3016 sunaus

300 3050 322 3115 ⁴)
342 3048 456 3102 litiamsi
479 3050 531 3102 hoc
554 3049 651 3102 Felicis
674 3048 863 3102 testimonium
887 3048 981 3101 Aeacii
1003 3047 1113 3117 seriptis
1135 3047 1268 3117 (Simplic.
1296 3048 1385 3117 epist.
1403 3056 1466 3107 811.
1484 3058 1520 3121 2),

235 3132 334 3198 quilurs
358 3135 386 3184 et
409 3133 593 3201 'l'lumplrancs
611 3134 627 3186 l.
648 3152 670 3185 c.
690 3151 754 3202 pig.
776 3140 822 3186 lsst
847 3132 979 3197 concinit,
1003 3132 1040 3185 sit
1061 3132 1161 3186 fultum
1184 3132 1213 3185 ct
1235 3131 1263 3185 in
1287 3135 1364 3200 gest.
1387 3136 1426 3191 de
1444 3152 1517 3191 nom

234 3219 314 3269 heere.
337 3235 362 3268 n.
379 3223 393 3269 7
412 3218 567 3286 repetatur,
591 3220 685 3270 turneu
704 3217 839 3283 llsrrgrius
858 3218 883 3269 lr.
899 3236 921 3269 c.
937 3218 988 3281 ΙΙΙ,
1006 3224 1038 3271 20
1058 3234 1090 3270 ex
1109 3216 1210 3270 litteris
1228 3217 1445 3287 Aegyptiorum
1463 3220 1519 3291 epi·

234 3318 380 3369 scoparum
403 3303 431 3353 et
454 3301 614 3354 clericorum
639 3301 674 3355 ad
692 3301 812 3355 Felicem
837 3301 945 3370 seriptis
963 3302 1078 3355 Petrum
1096 3323 1112 3353 a
1130 3306 1226 3355 duobus
1244 3308 1383 3371 episeopis
1407 3312 1519 3361 eamden

233 3390 360 3438 diaeresim
379 3390 558 3452 profitentibus
577 3389 768 3439 eonem-ratum
787 3385 869 3456 luisse
888 3389 982 3440 rel'ert.
1019 3386 1073 3440 Sed
1092 3386 1159 3440 nihil
1183 3385 1247 3439 indo
1265 3389 1402 3443 inritatur
1419 3389 1520 3446 Felicis

234 3469 384 3534 sentent-ia,
414 3487 470 3537 qua
491 3487 553 3523 curu
577 3488 594 3523 u
617 3469 784 3523 sacerdotali
813 3470 918 3525 honore
946 3471 1096 3524 arccndmu
1119 3486 1178 3524 csse
1202 3472 1306 3525 censet.
1357 3474 1518 3531 Nicaeum

235 3554 338 3622 quippo
357 3553 502 3607 concilium
522 3561 610 3608 cant
629 3554 728 3608 saltem
746 3554 830 3607 trium
850 3555 1042 3624 episcoporum
1060 3554 1248 3625 praesentium
1265 3554 1297 3608 in
1310 3557 1444 3631 episcopi
1456 3578 1518 3615 con·

234 3638 389 3691 secrutionc
407 3639 530 3705 requirit.
569 3639 618 3693 Cui
637 3639 784 3692 concinens
801 3639 975 3693 Antiocheno
992 3639 1113 3708 synodus
1131 3656 1191 3694 cau.
1206 3646 1237 3694 19
1256 3660 1344 3695 ocrim
1364 3651 1519 3711 procinctae

233 3731 368 3790 episcopor
386 3731 534 3777 (rictrudem
552 3731 687 3792 plerosque
706 3723 795 3776 eidem
814 3730 905 3777 adesse
923 3725 994 3777 vult:
1013 3724 1136 3792 alioquin
1155 3730 1314 3778 ordinationi
1325 3735 1401 3783 nuda
1414 3735 1454 3784 vis
1465 3738 1518 3785 bre·

234 3816 280 3867 rit,
303 3808 350 3861 ait.
387 3807 498 3861 Siricius
520 3825 595 3876 puna
618 3810 710 3861 autem
733 3808 813 3877 epist.
833 3816 892 3859 511.
912 3814 927 3860 ’ὲ
946 3810 974 3861 ct
998 3808 1077 3878 epist.
1106 3818 1136 3864 10
1154 3827 1179 3862 n.
1200 3814 1231 3862 18
1253 3826 1377 3878 prorsus
1400 3812 1519 3869 Nicaeni

234 3890 342 3944 concilii
360 3891 479 3960 vestigia
496 3892 610 3961 premit,
630 3912 659 3944 uc
676 3897 796 3958 sterlinum
814 3897 956 3958 beneficiam
973 3903 1124 3960 praestitum
1142 3899 1267 3947 uideatur.
1305 3892 1450 3953 Similiter
1467 3898 1519 3953 Be·

234 3975 328 4044 gicnse
341 3975 488 4030 concilium
507 3995 541 4041 ca,
556 3982 617 4043 439)
635 3976 663 4028 in
682 3978 798 4045 praelat.
819 3984 848 4029 ct
860 3984 948 4029 canl
969 3981 1063 4047 ubsque
1082 3984 1155 4031 triam
1167 3984 1348 4047 episcoporum
1361 3988 1518 4049 praesencia

288 4067 387 4115 irritum
409 4067 580 4116 ordiuou'ouis
596 4068 705 4129 speeiem
723 4082 739 4114 u
757 4066 853 4114 elreobus
871 4073 964 4116 temere
983 4067 1185 4117 eorroeur'eutr'bas
1207 4076 1408 4132 praesumptam
1426 4066 1519 4123 (lech-

234 4148 285 4198 rat.
323 4145 418 4203 cllard.
441 4147 463 4209 Ι,
485 4152 567 4211 1747).

301 4232 321 4289 ⁵)
339 4229 500 4298 legendum
519 4233 648 4299 putamus
667 4236 851 4284 observantium
869 4239 1017 4300 reputarem.
1048 4233 1119 4287 lline
1137 4231 1264 4287 oboritur
1277 4235 1426 4303 quaestio,
1445 4254 1519 4307 quae

234 4312 269 4365 sit·
287 4313 332 4365 illu
352 4321 477 4381 reputo-is
489 4320 666 4381 oouroouu'u,
685 4315 746 4383 quis
764 4316 902 4370 Nieacuus
920 4335 1020 4382 canon,
1040 4317 1141 4386 quihus
1153 4317 1252 4370 Petrus
1264 4318 1420 4375 catholicis
1438 4340 1519 4393 prae

234 4397 324 4449 sidere
342 4414 397 4449 uon
414 4399 601 4466 permittat-ur.
641 4402 814 4454 lnnoecutius
835 4402 844 4452 l
864 4402 943 4470 rurist.
960 4408 988 4454 ll
1008 4409 1060 4455 nl
1080 4401 1125 4461 iis,
1144 4400 1192 4469 qui
1210 4403 1246 4456 ab
1264 4402 1425 4460 haereticis
1443 4406 1519 4462 ordi·

234 4481 293 4534 nati
311 4483 386 4547 sunt,
405 4483 585 4537 ordinationis
603 4485 736 4538 honorem
755 4487 920 4539 seruandum
940 4504 1056 4555 negans,
1075 4494 1146 4540 u.10
1163 4486 1321 4564 Nicaenum
1338 4489 1398 4543 sibi
1417 4491 1519 4561 objicit

234 4582 367 4619 canonem
386 4572 414 4627 S,
438 4584 492 4635 quo
511 4567 674 4622 Norat-lauis
692 4570 719 4622 iu
738 4572 811 4624 clero
834 4589 998 4640 permanere
1016 4570 1195 4640 permit-titur.
1233 4568 1290 4642 Sed
1309 4572 1463 4631 observat:
1486 4580 1519 4631 de

233 4656 294 4703 solis
316 4655 363 4703 doe
381 4655 530 4705 locutionis
555 4672 610 4706 csse
625 4667 807 4723 prueccpbuu,
832 4677 878 4710 uec
900 4662 936 4709 ad
957 4662 1063 4709 alteram
1081 4660 1213 4710 haeresum
1235 4662 1348 4713 clericor
1369 4666 1517 4730 pertinere.
