3204 5506
251 320 314 386 318
724 336 750 383 e.
769 335 909 383 cssasn
931 334 1046 382 arran

121 502 156 566 (a.
167 502 238 568 aaa.)
250 513 357 556 rerum
380 490 531 555 claruerit
553 489 823 554 demonstratione
847 489 1039 572 convictum,
1067 486 1176 572 palam
1199 489 1373 573 aperteque
1393 509 1455 573 post

251 593 425 676 advertere,
450 598 506 658 ant
527 615 583 657 vos
605 593 719 657 debere
743 592 853 657 cedere
876 592 1015 674 veritati,
1047 594 1103 655 aut
1131 590 1283 655 adversus
1310 590 1397 656 hanc
1419 612 1455 657 uu

250 696 334 760 festa
348 695 555 761 dimicatione
571 694 754 781 confligere.
779 693 809 758 N
812 716 848 759 ec
864 694 952 759 vobis
967 693 1191 776 blandiamini,
1215 693 1291 778 quia
1305 692 1401 758 fidem
1415 696 1455 759 cai

250 798 344 862 licam
377 798 572 880 profitemini
602 820 658 862 vos
692 800 818 880 tenere,
853 797 929 880 quia
956 795 1113 879 Eutychis
1146 817 1265 861 nomen
1299 795 1455 861 abnuistis

36 932 39 937 ·
250 900 325 985 quia
348 921 385 964 ea
407 899 507 965 veluti
529 900 715 983 praedicare
738 899 921 981 videamini,
944 920 1026 983 quae
1047 897 1226 963 orthodoxa
1246 899 1444 982 praedicarit

128 976 235 1110 iffi}
249 1001 392 1085 tiquitas.
438 1001 566 1067 tismat
592 1002 679 1067 enim
712 1001 801 1065 vobis
829 994 1100 1086 illa‘evangeliea
1128 1002 1307 1065 sententia:
1338 1007 1398 1066 Aut
1422 1004 1455 1079 se

250 1109 389 1169 arborem
417 1110 526 1169 bonam
553 1115 582 1168 et
607 1107 730 1180 fruetus
757 1110 824 1183 ejm
851 1109 958 1183 bonos,
987 1115 1041 1167 out
1064 1106 1164 1181 suade
1189 1108 1331 1169 arborem
1357 1109 1455 1169 metm

245 1210 371 1283 fructus
391 1213 458 1286 ejus
478 1213 590 1278 motam
613 1228 633 1269 o
651 1210 805 1284 fructibus
826 1213 904 1270 enim
919 1209 1014 1269 arbor
1027 1213 1240 1285 capnoscitur:
1260 1206 1370 1287 idest,
1393 1205 1455 1269 sin

249 1309 276 1372 si
304 1308 382 1391 fide,
411 1310 438 1372 si
464 1307 661 1392 professione
689 1307 848 1372 catholica
875 1311 908 1372 et
935 1306 1111 1391 apostoliea
1136 1307 1276 1372 fideliter
1303 1307 1455 1373 veraciter

251 1411 445 1496 gloriamini,
475 1409 571 1494 hujus
596 1415 629 1474 et
651 1411 908 1475 communionem
929 1410 1073 1493 recipite.
1119 1408 1154 1475 si
1176 1431 1253 1475 vero
1274 1408 1455 1477 haereticos

251 1514 374 1579 seilicet
399 1514 624 1577 damnatorum
646 1512 697 1576 vel
724 1512 775 1577 bis
802 1516 858 1577 aut
885 1513 1120 1576 successoribus
1149 1534 1258 1577 eorum
1287 1512 1455 1577 communic

250 1616 348 1698 tium,
377 1616 557 1681 communio
592 1615 681 1679 vobis
710 1614 826 1698 placet,
856 1616 931 1699 quid
959 1616 1069 1698 statis,
1100 1615 1176 1699 quid
1204 1613 1455 1699 circumspicitis?

251 1716 352 1784 Simul
375 1721 408 1783 et
430 1739 539 1782 eorum
561 1720 671 1801 aperte
693 1717 937 1801 manifesteque,
961 1717 1091 1781 remotis
1115 1716 1302 1799 obstaculis,
1333 1717 1455 1802 dogmat

250 1820 383 1886 tendite.
429 1819 511 1895 Quid
539 1820 625 1884 enim
647 1819 763 1902 juvat?
797 1821 894 1883 immo
922 1822 955 1884 et
983 1821 1061 1884 satis
1089 1824 1221 1904 gravat,
1257 1819 1352 1884 dictis
1377 1817 1455 1904 pollio

250 1923 334 2008 quod
355 1923 452 1987 factis
480 1926 632 2006 negatur:
661 1924 696 1985 nt
718 1943 783 1985 non
805 1922 908 1986 solum
931 1923 1001 2006 ipsa
1023 1944 1081 2006 per
1103 1944 1137 1986 se
1159 1920 1302 1987 haeresis
1316 1920 1455 2006 Eutychis

251 2047 346 2111 quam
375 2025 418 2088 sit
452 2025 581 2089 funesta
615 2023 798 2089 Christiano
832 2028 1049 2108 sacramento,
1083 2023 1214 2108 possitis
1243 2043 1455 2109 agnoscere,s

250 2131 372 2208 quanta
395 2131 428 2192 et
449 2149 544 2211 quam
567 2148 681 2211 graves
704 2124 852 2191 haereses
874 2128 909 2190 in
932 2128 981 2191 sui
1004 2127 1189 2192 definitione
1212 2127 1386 2192 contineat.

336 2231 385 2295 12.
431 2229 515 2295 Ecce
548 2229 587 2294 ed
621 2251 703 2314 quae
736 2251 795 2292 nos
827 2228 1017 2313 praecipitia
1045 2229 1299 2294 condescendere
1331 2228 1455 2314 prorum

250 2337 346 2418 atque
373 2333 413 2398 ad
441 2353 521 2416 quae
549 2353 608 2397 nos
630 2331 715 2395 vitae
743 2334 894 2396 aeternae
920 2316 1209 2415 pericula⁸cupitis
1237 2330 1402 2397 inclinare.
1435 2327 1455 2393 Η

251 2435 406 2501 descensu
428 2433 551 2499 silvane
570 2437 618 2498 est
635 2437 868 2517 aegrotantem,
892 2456 934 2498 an
950 2434 1222 2519 conlanguentsm
1238 2432 1403 2499 consumi?
1422 2428 1455 2495 Hs

251 2538 313 2602 erit
333 2538 455 2620 optima
478 2535 644 2619 dispositio
673 2537 744 2619 illa,
775 2559 871 2621 quam
894 2558 1070 2619 memoras,
1100 2543 1301 2617 reparandae
1325 2537 1455 2601 commta*

251 2663 293 2704 an
316 2639 372 2703 illa
395 2640 512 2723 potina,
538 2641 572 2702 ut
594 2639 723 2721 rejectis
747 2640 905 2724 contagiis
927 2639 1119 2723 perfidonim
1141 2639 1272 2724 integra
1292 2638 1366 2721 tide,
1393 2637 1455 2703 anot

250 2743 299 2805 sui
323 2741 544 2807 communione
567 2743 709 2824 potiatur
725 2742 906 2806 communio
922 2741 1081 2806 catholica
1099 2746 1195 2826 atque
1209 2740 1393 2826 apostolica,
1407 2737 1455 2803 ha:

249 2844 385 2909 tioorum
394 2843 433 2927 ³⁰)
470 2844 545 2909 tabe
579 2844 710 2927 depulsa
744 2845 969 2909 intemeratam
998 2866 1075 2908 suae
1108 2843 1181 2908 fidei
1211 2843 1455 2909 confessionem:

249 2949 337 3011 tatur
364 2945 544 3027 adstruere,
575 2950 669 3029 atque
691 2946 828 3010 invicem
851 2946 980 3010 sibimet
1002 2946 1210 3031 congruentis
1231 2944 1455 3024 orthodoxus

248 3048 397 3115 fessionis
426 3048 720 3132 communionisque
748 3049 792 3114 sit
819 3047 949 3113 unitas?
993 3047 1104 3132 Hanc,
1128 3049 1213 3113 sicut
1240 3045 1455 3113 dilectioniuta

247 3150 374 3217 litterae
408 3150 631 3231 cohortantur,
666 3158 738 3215 meis
770 3172 887 3230 quoque
919 3157 1103 3230 temporibus
1136 3157 1302 3234 custodiri,
1335 3170 1395 3234 qua
1421 3141 1455 3211 vd

248 3274 341 3336 prece
363 3254 509 3336 deposco,
534 3275 614 3336 quae
637 3275 694 3335 per
715 3256 764 3316 tot
787 3273 888 3317 annos
911 3251 1037 3317 abillis
1060 3253 1206 3335 patribus
1228 3251 1376 3338 gloriosis
1390 3246 1455 3315 illibi

250 3355 465 3438 inviolataque
487 3358 613 3420 servata
629 3358 687 3418 est.
733 3353 873 3439 Haec³')
896 3354 983 3418 enim
1012 3358 1077 3437 est,
1106 3354 1282 3440 sicutipse
1304 3354 1396 3436 dicis,
1420 3369 1455 3431 tt

251 3460 331 3520 beas
352 3469 453 3520 noster
481 3463 519 3519 be
542 3462 675 3522 orum'bos
696 3462 771 3521 bene
788 3461 941 3534 sartrrram,
969 3467 1000 3521 et
1020 3461 1182 3523 secuudum
1204 3479 1293 3525 suam
1315 3463 1453 3522 aarum

250 3564 387 3635 repulam
408 3564 638 3636 pubemoadam
661 3571 690 3621 et
710 3566 868 3639 praescius
889 3569 960 3623 aute
981 3565 1144 3636 coustituit,
1168 3570 1199 3623 et
1216 3565 1343 3638 appuis
1356 3561 1455 3638 peribam

249 3664 432 3740 temporibus
445 3680 501 3724 suo
519 3667 713 3740 dispositione
724 3667 935 3726 eoauem'enter
949 3667 1075 3740 aptavit.
1100 3659 1192 3725 Haec
1214 3664 1265 3725 est
1280 3654 1455 3725 voluntati)

251 3761 341 3844 cujus
368 3763 405 3824 tu
437 3762 558 3846 ingeris
585 3763 797 3845 mentionem,
831 3785 927 3846 quam
955 3784 1017 3847 ego
1044 3785 1168 3846 quoque
1194 3784 1253 3847 pro
1281 3784 1352 3826 meo
1378 3757 1455 3825 modu

249 3866 404 3946 quantum
426 3862 582 3929 Dominus
604 3865 723 3929 donare
745 3865 908 3948 dignatur,
934 3865 1026 3947 cupio
1041 3867 1208 3948 promptus
1234 3865 1377 3949 implere,
1397 3864 1455 3927 utu

317 4053 349 4119 ²⁸)
368 4053 392 4105 θ’
406 4056 551 4119 adjuvistis,
570 4049 617 4104 alii
630 4049 698 4105 aditi
711 4057 840 4105 ademistis
851 4051 880 4104 in
893 4069 956 4105 iuss.
968 4057 1099 4112 aperuistis,
1119 4051 1197 4120 eiijus
1207 4050 1285 4106 verbi
1298 4052 1359 4106 loeo
1371 4046 1455 4105 ratu

249 4134 315 4191 dum
328 4135 454 4191 duximus
467 4140 598 4191 abacistis.
621 4135 686 4189 Mox
698 4135 732 4188 Fe
744 4135 784 4188 Fm
799 4136 888 4191 omitt.
899 4141 1026 4205 fideliter:
1044 4136 1144 4191 deiruie
1155 4141 1264 4207 recipite
1277 4141 1310 4192 ab
1321 4140 1455 4191 borretum

317 4225 349 4291 ²⁹)
366 4221 401 4277 K¹
421 4224 452 4276 ut
469 4237 554 4290 supra
571 4226 627 4275 nt
644 4227 714 4275 cirea
732 4227 867 4291 inspicitis.
896 4221 961 4275 Mox
980 4220 1023 4275 cd.
1042 4242 1114 4292 qurum
1131 4227 1223 4290 prusia
1240 4225 1355 4279 tuereris
1372 4224 1454 4277 suu

248 4329 302 4361 eum
319 4315 461 4377 laapueute.

317 4397 348 4461 ³⁰)
367 4394 456 4459 ltac¹;
475 4390 522 4448 alii
541 4389 608 4448 editi
627 4415 657 4448 ne
675 4397 866 4456 leneretieorum,
886 4392 1157 4458 &cohaereticorum
1171 4391 1252 4455 Μ’)
1264 4399 1455 4451 comumnes

317 4482 349 4548 ³¹)
367 4479 410 4534 lta
427 4479 511 4534 li³0²
529 4480 558 4531 et
575 4478 643 4533 editi
666 4498 770 4535 omnes.
805 4479 965 4534 Lectionum
983 4480 1027 4547 K',
1051 4496 1134 4550 quam
1154 4477 1247 4535 Coust
1270 4477 1455 4551 praeisrtipt

250 4563 387 4618 enrieleari
406 4582 459 4618 nou
478 4564 564 4633 potui.
589 4564 682 4618 innuit
698 4564 745 4618 ille
765 4582 826 4619 eam
845 4564 917 4619 infra
934 4565 987 4618 hoe
1004 4564 1100 4618 modo:
1120 4569 1191 4619 Hinc
1208 4569 1310 4621 redibat
1328 4563 1455 4636 (Euphw

249 4655 286 4703 ad
303 4656 398 4704 Gebasii
414 4655 514 4711 laudes,
538 4655 739 4720 memorabotqae
764 4654 854 4713 Deum,
878 4657 921 4719 qui
942 4656 1025 4703 omnia
1046 4655 1181 4705 seeundum
1198 4655 1332 4705 veritatem
1352 4670 1385 4705 oe
1403 4665 1455 4715 rm

249 4754 318 4787 suurn
334 4738 499 4802 puberaauda
517 4747 543 4789 et
564 4743 696 4804 praescias
714 4748 773 4790 onte
791 4742 919 4792 coustituit
938 4747 964 4790 et
980 4740 1079 4805 siaputa
1097 4739 1235 4805 quibusque
1256 4739 1410 4805 temporibus
1424 4750 1455 4789 w

250 4824 349 4872 unienter
361 4826 466 4888 optauit,
484 4826 550 4874 ittam
568 4825 606 4874 bis
624 4841 730 4875 ornasse
743 4825 851 4879 dotibus
870 4820 904 4874 1³*d
914 4820 953 4873 ΡΜ
965 4825 1039 4877 Ilaec
1056 4829 1120 4876 entra
1137 4827 1203 4875 sieut
1220 4827 1240 4880 i,
1250 4826 1277 4876 d.
1289 4822 1322 4877 di
1341 4829 1372 4875 fr
1388 4826 1419 4877 dt
1432 4836 1455 4873 α

249 4908 294 4957 bus
312 4925 376 4973 quoe
394 4910 456 4960 bene
471 4910 560 4973 futuro
577 4911 710 4960 seeundum
729 4917 777 4960 ete.
1292 4921 1294 4926 '
