3204 5506
634 351 805 402 EPISTOLA
831 341 901 398 141.

124 526 184 593 σης
199 504 413 593 ἀγαλλιῶμεν
430 508 468 573 ἑν
483 509 616 592 Κυρίῳ·
642 503 731 571 οὕτω

122 612 179 674 καλ
198 609 276 694 περὶ
292 614 351 694 τῆς
366 614 435 674 τῶν
458 612 599 691 λοιπῶν,
618 603 733 684 καθώς

123 712 329 788 ε’νδιαθίτως
348 721 534 795 παραινεῖς,
563 709 732 775 άποκατα-

122 814 272 891 στάσεως
313 817 550 898 φροντίσωμεν
584 814 732 895 πρῶτον,

120 917 178 980 ἵνα
190 913 252 1001 τὴν
264 919 378 981 πίστιν
393 915 449 981 καί
464 912 527 999 τὴν
540 914 731 997 τελειότητα

120 1016 218 1103 ἡμῶν
240 1016 386 1083 ἄσπιλον
401 1012 467 1083 άπὸ
489 1011 615 1092 παντός
630 1015 730 1101 μιάσ-

120 1144 224 1205 ματος
246 1118 457 1204 φυλάξωμεν.

163 1225 196 1288 3.
219 1223 286 1287 Καὶ
307 1218 373 1306 γάρ
396 1215 510 1304 οἶσθα,
534 1218 658 1303 άδελφὲ
681 1243 730 1283 τι-

120 1324 277 1409 μιύτατε,
300 1334 390 1388 ποῖοι
411 1324 474 1408 τήν
497 1322 731 1407 ἐκκλησιαστι-

120 1423 187 1510 κὴν
215 1423 376 1511 ὁμόνοιαν
410 1425 620 1509 φυλάττονται
647 1423 730 1488 σύν-

121 1529 251 1613 δεσμοι,
259 1530 334 1591 τίνα
346 1525 431 1612 ἡμᾶς
446 1523 510 1591 άπὸ
522 1530 591 1592 τῶν
606 1527 731 1610 αἱρετι-

120 1633 193 1694 κῶν
206 1628 437 1713 φυλάττουσιν
453 1629 658 1712 ἐπιβουλῶν,
674 1626 731 1691 καί

120 1728 178 1796 διά
191 1733 298 1795 ποίων
312 1729 333 1814 ἡ
349 1735 416 1796 τόν
432 1731 588 1795 κανόνων
600 1727 730 1813 φυλάτ-

119 1855 212 1899 τεται
224 1830 399 1898 αύθεντία.
413 1834 552 1898 Τούτων
559 1833 597 1898 ἐν
604 1836 644 1917 τῇ
662 1831 730 1916 raca

121 1935 217 2018 ίσχύι·
235 1934 325 2021 πάση
348 1939 499 2020 προσοχῇ
520 1934 730 2018 φυλαττομέ-

119 2061 204 2120 νων,
236 2042 323 2113 ίασις
344 2048 414 2113 τοῖς
437 2037 608 2116 ἐλπίζουσι
630 2052 729 2119 προσ-

120 2139 349 2223 ενεχθήσεται.
386 2136 477 2221 Ἔχει
498 2135 563 2221 γάρ
581 2141 649 2201 τόν
672 2135 729 2201 ε’κ-

119 2245 369 2326 κλησιαστικῶν
397 2239 553 2305 κανόνων
586 2236 606 2323 ἡ
639 2238 730 2316 τάξις

119 2345 177 2409 καί
199 2341 302 2427 αὐτῆς
323 2346 381 2426 τῆς
403 2341 621 2425 δικαιοσύνης
635 2338 653 2405 ὁ
669 2340 730 2405 τύ-

118 2466 193 2528 πος,
216 2442 306 2521 ὅπως
321 2442 461 2527 εὔλογος
480 2445 646 2527 θεραπεία
661 2452 731 2519 τοῖς

119 2550 316 2624 καλοθελῶς
341 2547 396 2611 καὶ
412 2550 537 2622 πιστῶς
559 2545 730 2625 ἐλπίζουσι

118 2646 164 2735 μὴ
202 2647 377 2733 άρνηθείη.
435 2644 527 2712 Ούδέ
559 2650 609 2724 τίς
637 2647 730 2712 ἐστιν

120 2749 230 2828 οὕτως
265 2748 333 2816 άπδ
375 2754 434 2833 τῆς
469 2753 730 2833 φιλανθρωπίας

120 2852 339 2938 διῃρημένος,
381 2847 422 2916 δν
458 2849 534 2935 ούχί
570 2849 635 2916 άπὸ
671 2855 729 2934 τῆς

121 2954 347 3038 σκληρότητος
366 2957 428 3019 τοῦ
444 2954 572 3037 δεσμοῦ
589 2952 730 3036 ἐπικάμ-

119 3070 176 3138 ψει
198 3054 218 3141 ἡ
241 3055 456 3139 ἀπάνουργος
477 3052 633 3138 ἁπλότης.

162 3160 193 3223 4.
216 3155 299 3222 Ἀλλ’
314 3158 371 3222 ἵνα
387 3154 548 3241 άσφαλώς
562 3156 730 3221 τοῦτοκαὶ

119 3261 222 3345 χωρὶς
243 3260 397 3345 μέμψεως
410 3257 432 3344 ἥ
447 3282 538 3336 τινος
552 3258 730 3342 νεφώδους

118 3363 249 3446 πλάνης
265 3361 412 3445 ίσχύσειε
427 3364 622 3444 προελθεῖν,
645 3357 729 3442 άγα-

118 3465 202 3549 πητὲ
225 3461 362 3548 άδελφὲ,
384 3460 421 3528 τὰ
446 3459 527 3547 ἐμὸν
544 3461 729 3546 πρόσωπόν

119 3584 159 3650 σε
182 3565 349 3653 ἐντούτῳ
382 3565 444 3650 χρὴ
467 3562 632 3629 ὑπελθεῖν
655 3564 729 3629 ε’πι-

824 1219 855 1285 3.
893 1218 988 1284 Nosti
1021 1218 1122 1303 enim,
1161 1219 1262 1284 frater
1296 1219 1390 1283 caris·

783 1322 876 1404 sime,
922 1343 1003 1406 quae
1039 1320 1289 1387 ecclesiasticam
1326 1344 1390 1386 ser·

783 1426 858 1488 vent
891 1423 1019 1488 vincula
1056 1424 1256 1488 concordiam
1263 1474 1272 1507 ,
1310 1445 1390 1509 quae

782 1547 841 1589 nos
865 1525 905 1589 ab
927 1525 1160 1590 haereticorum
1174 1529 1327 1591 tueantur
1341 1526 1389 1591 in-

782 1627 887 1710 sidiis,
925 1650 982 1711 per
1009 1650 1090 1713 quae
1112 1629 1209 1693 etiam
1232 1649 1390 1693 canonum

783 1730 979 1793 custodiatur
1016 1731 1199 1795 auctoritas.
1257 1730 1319 1795 His
1355 1731 1389 1795 in

782 1831 894 1895 robore
916 1854 972 1896 suo
994 1833 1081 1896 omni
1106 1832 1389 1917 circumspectione

781 1934 931 2017 servatis,
990 1934 1131 1998 remedia
1185 1934 1389 2018 sperantibus

782 2036 997 2100 conferentur.
1041 2035 1150 2100 Habet
1177 2036 1263 2101 enim
1286 2039 1318 2100 et
1340 2059 1388 2101 ec-

782 2137 1033 2202 clesiasticarum
1054 2138 1130 2201 crdo
1153 2137 1335 2223 regularum
1357 2141 1390 2202 et

780 2239 880 2322 ipsius
908 2239 1011 2304 forma
1030 2239 1191 2323 justitiae,
1229 2243 1266 2304 ut
1292 2240 1389 2304 medi-

782 2341 854 2404 cina
877 2341 1078 2406 rationabilis
1099 2341 1240 2427 benigne
1262 2345 1295 2407 et
1314 2343 1389 2407 fide-

780 2442 854 2506 liter
890 2444 1093 2527 sperantibus
1134 2466 1202 2508 non
1238 2448 1388 2529 negetur:

781 2567 841 2610 nec
871 2546 1040 2630 quisquam
1067 2547 1114 2610 ita
1141 2550 1190 2611 est
1217 2546 1257 2610 ab
1279 2545 1388 2611 huma-

780 2647 884 2711 nitate
920 2648 1093 2732 discretus,
1139 2670 1233 2733 quem
1268 2671 1333 2713 non
1370 2671 1389 2712 a

781 2749 886 2834 rigere
909 2749 1153 2834 districtionis9)
1184 2750 1320 2815 inclinet
1340 2751 1388 2815 in·

782 2854 876 2915 cauta
901 2851 1100 2936 simplicitas.
1144 2838 1153 2856 ’

822 3157 853 3220 4.
883 3157 944 3222 Sed
967 3161 1003 3221 ut
1025 3162 1117 3222 caute
1132 3160 1192 3223 hoc
1213 3161 1291 3246 et¹⁰)
1308 3163 1388 3226 citra

781 3259 942 3343 querelam
964 3263 1020 3324 aut
1034 3261 1149 3325 erroris
1165 3262 1299 3347 alicujus
1314 3285 1388 3328 nae-

781 3383 854 3425 vum
875 3361 982 3426 valeas
1000 3363 1158 3447 expedire,
1183 3365 1388 3431 dilectissima

779 3462 896 3547 frater,
919 3486 1090 3548 personam
1110 3487 1214 3531 meam
1230 3471 1263 3533 te
1277 3469 1312 3532 in
1326 3468 1387 3533 hoe

780 3569 906 3649 oportet
953 3566 1101 3651 induere,
1151 3568 1305 3634 scientem
1352 3572 1388 3634 in

119 3667 288 3752 στάμενον
312 3667 350 3732 ἐν
372 3677 444 3744 ταῖς
457 3666 629 3743 τοιαύταις
642 3662 728 3730 ὑπο·
778 3666 959 3752 hujusmodi
991 3671 1111 3755 causis,
1150 3672 1233 3736 sicut
1263 3673 1387 3756 praedi-

117 3769 253 3855 θέσεσι,
297 3766 411 3847 καθώς
447 3773 659 3853 προείρηται,
697 3771 731 3832 τί
780 3773 866 3834 ctum
900 3775 962 3854 est,
1000 3771 1075 3856 quid
1111 3772 1296 3838 faciendum
1331 3774 1385 3857 sit,

118 3872 276 3956 ποιητέον
300 3877 367 3956 είη,
390 3875 424 3937 τί
445 3870 649 3955 φυλακτέον,
673 3869 727 3935 ού·
778 3872 853 3956 quid
885 3873 1073 3938 cavendum:
1107 3875 1154 3939 ita
1182 3877 1290 3941 omnia
1316 3899 1387 3962 pro·

117 3998 167 4039 τω
177 3973 315 4039 πάντων
330 3973 598 4058 προνοούμενον,
621 3971 668 4050 οἱς
681 3972 726 4058 μη
777 3972 973 4061 vidend0¹¹)‚
996 3979 1033 4040 ut
1054 3999 1119 4042 non
1133 3979 1279 4064 ambigas
1291 3980 1387 4044 ratio·

119 4090 214 4097 ..—
224 4090 370 4096 ..um-,m

188 4130 209 4197 ⁹)
228 4131 252 4181 c¹
266 4130 293 4182 s¹
312 4143 369 4195 seq.
388 4133 562 4188 discretiones,-
581 4125 758 4195 corriguntur
774 4144 808 4182 ex
826 4126 860 4181 (δ’
873 4127 891 4180 J
902 4127 931 4181 i2.
961 4126 1068 4183 Deinde
1088 4132 1111 4184 οΙ
1126 4131 1152 4183 c¹
1170 4147 1232 4184 eum
1249 4132 1387 4186 nonnullis

118 4229 184 4266 mss.
204 4224 279 4266 career
296 4218 456 4281 simplicitas,
474 4212 554 4266 male.
594 4212 618 4264 li
640 4211 713 4265 enim
735 4212 780 4267 hic
797 4214 942 4279 notantur,
966 4212 1012 4282 qui
1029 4231 1097 4283 prae
1114 4214 1257 4284 imperitia
1273 4234 1307 4272 aa
1324 4218 1387 4270 sim·

117 4295 245 4368 plicitate
264 4313 361 4352 cavere
379 4296 505 4352 nesciunt
522 4298 596 4351 artes
613 4296 811 4351 seducentium.
842 4297 910 4351 Cum
927 4297 969 4351 his
981 4299 1076 4353 mitius
1089 4300 1229 4369 agendum
1241 4319 1302 4356 esse
1314 4320 1387 4357 nunc

118 4382 269 4437 Hormisda
286 4382 375 4437 docet.

157 4466 160 4470 ’
189 4470 221 4536 ¹⁰)
240 4470 263 4522 e¹
278 4471 303 4522 0¹
321 4479 347 4522 et
369 4480 487 4522 ταείτνατ
511 4474 645 4539 quaerelas
667 4479 712 4522 οιιι
730 4489 834 4523 errores
855 4474 963 4538 alicubus
982 4481 1006 4523 te
1024 4471 1060 4538 (0¹
1080 4473 1120 4539 eo)
1143 4477 1228 4526 valeas
1251 4478 1385 4541 expedire.

119 4552 155 4607 G¹
169 4554 195 4607 αλ
208 4553 227 4606 b
241 4570 276 4607 cc
293 4559 359 4607 eitra
377 4560 504 4624 querelam
522 4565 566 4608 aut
583 4560 682 4609 errores
693 4559 802 4621 alicujus
814 4574 915 4609 naevum
928 4562 1010 4609 νολεοί
1022 4562 1151 4624 expediri.
1174 4555 1288 4625 Legisse
1301 4558 1387 4612 etiam

118 4637 230 4692 videtur
246 4637 384 4708 interpres
403 4656 520 4708 graecus
537 4646 620 4693 valeat
637 4645 766 4708 eapediri.
802 4639 897 4694 Potior
914 4640 1009 4695 tamen
1028 4640 1071 4694 est
1092 4640 1174 4696 lectio
1193 4641 1242 4695 Ji¹
1260 4657 1329 4711 quos
1346 4660 1386 4697 se·

119 4723 238 4791 quimus.
276 4722 398 4779 Subinde
417 4725 475 4779 a¹b
494 4737 519 4778 et
536 4731 562 4779 in
579 4729 635 4778 λου.
1342 4721 1343 4724 ¹

187 4810 219 4878 ¹¹)
237 4810 261 4863 e¹
276 4811 302 4863 οἳ
311 4816 522 4879 praecidendum,
540 4812 565 4864 ε’
581 4810 598 4863 b
612 4827 667 4879 seq.
681 4815 852 4878 providenda,
868 4812 902 4866 G¹
914 4817 1081 4879 prouideadi;
1094 4811 1272 4885 corrigrmbur
1284 4831 1317 4868 ex
1328 4815 1345 4869 J
1357 4815 1385 4882 i¹,

119 4890 219 4962 quibus
238 4895 266 4947 ct
284 4911 415 4963 graecum
432 4895 609 4964 suffragatur.
