3224 5506
126 304 191 369 504
603 318 629 363 s.
646 314 786 362 aanasu
809 313 924 361 aaran

128 473 344 558 supradictam
372 470 568 555 processioni
596 468 708 533 solitae
736 468 862 532 noveris
891 489 959 532 esse
982 465 1192 549 reddendam,
1220 468 1254 531 et
1277 469 1312 532 ut
1336 490 1360 532 at

130 575 252 660 cessu⁴)
277 574 429 639 ecelesiae
452 576 485 638 et
506 572 730 657 mysteriorum
752 592 843 636 sacra
867 569 1091 636 communione
1112 569 1267 655 potiatur.

580 702 862 847 Fragmentum
889 741 948 824 39.

456 883 495 934 De
513 885 557 941 iis,
577 885 620 948 qui
636 883 798 933 ecclesiarum
815 883 888 945 asyla
906 886 1070 931 temerarant.

283 1000 469 1065 (talasius
492 998 719 1083 Epiphanio
742 997 940 1081 episcope.

215 1121 267 1184 Ad
290 1119 455 1203 episcopos
471 1118 627 1202 ceteros¹)
643 1117 815 1181 direximus
826 1117 1015 1200 jussionem,
1040 1119 1078 1181 ut
1092 1138 1156 1198 eos,
1180 1117 1234 1200 qui
1250 1115 1360 1181 ecclesi

131 1223 266 1286 violasse
288 1221 508 1305 perhibentur,
533 1241 663 1285 accessu
685 1240 794 1283 earum
812 1219 961 1302 judicent
982 1240 1051 1283 esse
1073 1240 1140 1284 non
1162 1218 1289 1302 dignos.

581 1389 863 1494 Fragmentum
888 1390 950 1474 40.

176 1533 209 1582 tlt
226 1532 258 1582 at
277 1533 439 1582 eeclesiarum
456 1532 528 1580 aditu
546 1538 695 1587 arceantur,
714 1531 758 1595 qai
775 1532 800 1579 r'n
818 1531 942 1579 ecclesiae
959 1531 1116 1580 sanctuariis
1134 1530 1296 1581 constituturus
1312 1546 1358 1595 per

638 1616 684 1665 airn
702 1615 893 1666 abstraxerunt.

286 1732 473 1796 Gelasius
495 1730 669 1813 Victori,
693 1729 975 1812 Constantino,
1000 1731 1212 1816 Martyria,
1236 1730 1358 1797 Felici

378 1834 490 1918 simo,
515 1832 662 1899 Sereno
685 1836 724 1896 et
745 1832 951 1898 Timotheo
974 1833 1184 1918 episcopis.

218 1952 331 2017 Frater
364 1956 397 2017 et
426 1955 630 2036 coepiscopus
658 1954 767 2016 noster
794 1951 998 2036 Epiphanius
1031 1974 1089 2016 sua
1121 1952 1216 2018 nobis
1249 1952 1360 2019 relatio

134 2054 307 2140 suggessit,
342 2053 545 2118 Benenatum
567 2057 600 2118 et
621 2054 769 2117 Maurum
792 2051 1041 2118 Beneventanae
1063 2054 1244 2138 municipes
1266 2055 1360 2120 civita

134 2159 169 2223 in
193 2156 417 2222 contumeliam
440 2156 605 2241 religionis
629 2156 745 2220 acerba
766 2156 862 2220 nimis
885 2158 918 2220 et
936 2155 1092 2240 plectibili
1108 2158 1314 2222 contumacia
1331 2180 1360 2242 p·

135 2259 276 2342 siluisse3
298 2259 353 2343 qui
376 2259 617 2342 confugientem
640 2258 681 2322 ad
703 2258 856 2322 ecclesiae
873 2261 970 2343 ,septa
992 2257 1144 2322 canalem
1167 2258 1360 2324 suum.ne[

135 2361 262 2446 quidem
283 2363 389 2424 tutum
412 2362 469 2423 aut
491 2360 529 2423 de
544 2360 664 2443 injuria
679 2381 826 2424 securum
847 2382 915 2424 esse
931 2361 1085 2444 sivenmt,
1109 2361 1178 2426 ausi
1189 2362 1213 2445 ¹)
1228 2361 1360 2447 irruptis:

135 2462 322 2527 temerariae
345 2462 463 2526 mentis
486 2462 665 2544 admittere,
689 2462 773 2546 quod
796 2484 856 2527 nec
870 2462 1084 2547 potestatibus
1103 2462 1233 2548 quidem
1254 2463 1304 2529 vel
1316 2485 1360 2550 pn

137 2564 261 2648 cipibus
282 2586 424 2647 unquam
446 2562 538 2628 licuit
559 2563 794 2649 perpetrare²):
816 2567 853 2628 ut
873 2564 1036 2629 hominem
1058 2565 1093 2629 in
1115 2565 1311 2631 sanctuariis
1331 2587 1360 2630 c:

137 2666 302 2748 st'tutum,
332 2667 462 2748 captata
483 2665 657 2730 sacerdotis
680 2665 841 2749 absentia,
873 2667 1086 2731 reluctantem
1113 2665 1360 2733 reclamantem·

137 2767 294 2832 violenter
316 2765 551 2831 abstraherent.
593 2766 688 2852 Quos,
713 2770 869 2853 quantum
891 2759 984 2833 nobis
1007 2791 1065 2833 sua
1087 2769 1297 2855 suggestione
1317 2792 1360 2856 ps

137 2870 226 2951 fecit,
250 2868 364 2932 merito
386 2868 537 2952 indignos
560 2890 628 2934 esse
650 2892 742 2934 sacra
758 2871 981 2935 communione
992 2870 1160 2954 judicavit.
1195 2871 1282 2937 Etsi
1296 2894 1360 2937 rer·

137 2971 222 3035 tanti
250 2970 404 3034 facinoris
433 2974 560 3035 constat
589 2971 778 3055 admissum,
816 2976 927 3036 nostra
955 2973 1052 3037 etiam
1080 2974 1257 3039 auctorims
1284 2973 1358 3040 inl

138 3076 230 3157 parte
263 3072 435 3137 consentit.
491 3070 560 3136 Nec
588 3072 674 3136 enim
697 3073 770 3157 jure
799 3074 839 3138 ad
867 3075 1113 3159 supplicandum
1141 3075 1239 3141 debet
1269 3075 1360 3141 admi

138 3175 226 3259 ubi³)
260 3173 430 3238 admittere
462 3173 668 3259 saerilegium
698 3197 765 3239 non
798 3175 1001 3263 dubitavit).
1053 3175 1170 3242 Nullus
1205 3177 1292 3243 enim
1319 3178 1360 3243 irt

139 3447 198 3484 mos
216 3432 285 3484 erat.
319 3430 384 3485 Jam
402 3430 469 3484 tuno
487 3430 581 3483 autem
600 3428 661 3484 aliis
678 3430 707 3483 in
723 3428 884 3499 regionibus
902 3430 1073 3485 consuetudo
1092 3431 1149 3487 slis
1166 3432 1293 3502 vigebat.
1319 3429 1360 3487 sn

139 3514 204 3569 dem
226 3514 371 3568 concilium
394 3513 613 3583 carthaginense
635 3513 673 3568 IV
696 3532 718 3568 c.
739 3519 788 3569 104
813 3519 869 3568 sine
892 3519 1094 3571 Gbaaanorurn
1116 3524 1286 3573 romanens
1306 3538 1357 3572 ssa

139 3598 276 3667 ejusmodi
293 3598 391 3654 viduas
408 3599 480 3666 vult,
499 3620 564 3669 quae
582 3604 618 3653 ad
634 3604 737 3668 nuptias
754 3605 902 3653 saeculares
918 3607 1080 3663 transierint,
1100 3600 1205 3673 quippe
1223 3608 1360 3657 mainan

140 3688 200 3736 terii
216 3687 378 3738 notabuntur.
412 3684 475 3739 Non
496 3685 579 3753 longe
597 3683 662 3753 post
679 3682 887 3740 etiam'ltomae
905 3683 1086 3754 Symmachus
1103 3684 1179 3761 idem
1197 3685 1334 3757 expressis

140 3767 184 3822 bis
200 3767 346 3839 prohibuit
363 3768 454 3838 (epist.
470 3774 501 3823 15
520 3786 541 3823 c.
556 3771 591 3837 5).

207 3855 228 3921 ⁴)
247 3855 273 3906 οο
291 3873 408 3907 arcessas
425 3861 547 3908 ecclesiae
565 3865 591 3906 et
611 3858 813 3913 saumariorum.
849 3853 989 3911 Orationis
1005 3855 1090 3911 series
1108 3877 1213 3912 accessa
1231 3859 1261 3913 et
1277 3866 1360 3928 sepite

140 3959 193 3992 run
211 3937 354 3993 cadentes
371 3939 502 4008 postulat.
538 3938 609 3992 Hinc
627 3939 656 3993 et
674 3937 827 4008 colligitur,
845 3938 995 3995 Antistium
1014 3940 1137 4012 episcopi
1154 3941 1198 3998 sui
1212 3941 1318 4011 judicio
1333 3958 1360 3997 a.

141 4041 189 4078 cra
207 4023 398 4078 communione
417 4025 447 4077 et
463 4022 590 4093 wesen
607 4022 740 4079 ecelesiae
758 4023 842 4080 fnisse
860 4024 1032 4093 submotam,
1051 4025 1169 4095 jamque
1187 4026 1257 4095 quid
1273 4024 1327 4081 sibi
1341 4042 1360 4079 1

138 4114 301 4177 praesuunt
315 4114 406 4163 solitae
423 4113 500 4162 reddi
515 4107 599 4178 plano
616 4108 791 4178 intelligitur.

141 4201 173 4249 39
210 4196 229 4262 ¹)
247 4192 384 4247 Nimirum
401 4192 431 4247 in
448 4193 600 4263 fragmenti
617 4194 757 4264 sequentis
773 4193 953 4265 inscriptione
971 4195 1150 4252 memoratos.

140 4284 174 4333 to
209 4281 229 4347 ¹)
248 4281 274 4334 c⁷
286 4280 324 4332 0¹⁰
343 4283 399 4332 arsi
415 4284 566 4333 temerariae
584 4285 672 4348 uenti,
689 4297 740 4350 per
759 4296 883 4335 errorem
898 4279 1015 4335 librarii.

208 4365 230 4430 ²)
247 4363 282 4417 θ’
296 4365 332 4419 Π1
352 4375 500 4431 penetrare.
529 4363 571 4418 De
588 4363 634 4432 iis,
656 4365 704 4435 qui
721 4365 758 4420 ad
776 4365 920 4421 ecclesiam
938 4365 1113 4437 confugiunt,
1132 4366 1196 4423 vide
1214 4366 1360 4425 Theodosi

143 4445 331 4502 Valentiniani
349 4446 559 4503 constitutiones
575 4449 623 4504 1.4
642 4451 671 4505 et
688 4456 704 4506 5
722 4449 789 4506 Cod.
809 4449 914 4505 Theod.
928 4450 975 4519 IX,
986 4455 1028 4518 40,
1045 4453 1078 4506 ut
1095 4452 1125 4507 et
1142 4450 1291 4508 eoneihmn
1301 4453 1360 4509 sn

144 4548 242 4585 canum
260 4533 272 4585 1
292 4549 313 4586 e.
328 4538 352 4598 a,
369 4533 567 4589 Aurelianense
585 4536 597 4589 Ι
616 4552 637 4590 c.
654 4541 680 4602 l,
698 4536 861 4590 Arelatense
878 4535 904 4590 11
923 4552 944 4590 o.
960 4542 1001 4604 30,
1018 4535 1220 4593 Aurelianense
1236 4536 1277 4593 IV
1293 4554 1316 4592 o.
1329 4541 1360 4593 21

210 4619 232 4685 ³)
250 4617 269 4671 Z
289 4623 345 4687 qai,
363 4617 464 4673 rectius
481 4618 531 4673 alii
547 4623 597 4676 att.
633 4619 712 4685 Quod
728 4619 844 4690 planum
861 4621 922 4688 fiet,
940 4620 964 4675 si
981 4622 1047 4678 ante
1063 4619 1254 4692 exprimamus
1270 4640 1314 4689 eo,
1335 4638 1360 4691 a

144 4699 320 4768 subauditur,
342 4720 375 4757 aa
395 4702 546 4773 legerimus
568 4709 641 4759 actct
664 4724 694 4759 ea
715 4710 823 4761 cantat.
862 4704 915 4760 Hie
936 4705 1013 4762 loeus
1033 4706 1063 4761 in
1084 4705 1230 4777 superiore
1250 4707 1360 4777 fragne

144 4786 265 4840 notatur.

213 4870 233 4937 ⁴)
251 4869 285 4924 X¹
299 4870 335 4925 D⁸
350 4875 385 4927 Π1
406 4879 511 4936 arturit,
528 4874 600 4928 forto
617 4891 669 4945 pro
686 4881 781 4931 atterit.
816 4875 937 4946 Moxque
955 4877 974 4931 Z
993 4887 1080 4932 tantas
1155 4880 1290 4934 mint.
