3204 5506
558 375 754 425 PRAEFATIO
777 375 954 426 EDITORIS.
1343 380 1394 430 v11

107 533 218 606 sibus
257 534 560 642 transcribendas
598 558 783 626 curarem,
825 537 902 630 ipse
934 537 982 609 ad
1013 537 1270 632 complendum
1302 563 1392 634 opus

108 658 153 724 et
181 654 405 746 praeprimis
432 653 550 725 dictas
576 654 728 727 lacunas
754 655 1005 728 resarciendas
1031 656 1171 729 codices
1196 657 1391 748 Romanoa,

108 773 253 865 quibus
273 772 513 845 Constantius
540 773 616 846 fere
643 795 790 867 prorsus
817 774 1019 847 destitutus
1046 775 1181 865 fuerat,
1208 779 1393 869 quantum

108 915 184 985 per
209 892 464 964 valetudinem
494 915 603 985 saepe
629 893 868 966 vacillantem
894 894 1009 988 potui,
1037 894 1287 967 intentissime
1313 919 1392 989 per-

108 1012 290 1082 lustravi.
326 1009 403 1084 Nec
420 1033 556 1105 negare
577 1033 738 1105 possum,
766 1012 837 1083 illis
855 1011 1038 1085 codicibus
1056 1013 1202 1085 circiter
1221 1014 1391 1107 triginta,

111 1153 210 1223 quos
230 1130 268 1201 in
286 1129 515 1201 bibliothecis
530 1127 766 1219 Vaticana,
788 1128 1103 1220 vallicellana,
1130 1129 1394 1205 Sessoriana

114 1252 158 1320 et
189 1247 459 1336 Barbcrina,
505 1248 706 1342 plurimum
746 1249 896 1342 adjutus
936 1274 1083 1322 summa
1122 1251 1393 1343 praefectorum

115 1367 337 1439 cammdem
368 1367 605 1440 humanitate
637 1372 676 1440 et
710 1368 940 1457 urbanitate,
983 1372 1021 1441 et
1054 1369 1132 1462 ipse
1167 1370 1329 1462 pervolui
1356 1373 1395 1442 et

116 1485 252 1558 deinde
279 1509 344 1580 per
360 1487 498 1559 amicos
516 1488 750 1559 conferendos
769 1488 908 1573 curavi,
937 1487 1028 1558 mihi
1046 1491 1198 1559 tantiun
1216 1488 1394 1559 submini-

117 1607 303 1693 stratum,
332 1607 465 1677 utnon
483 1606 602 1677 solum
620 1606 770 1679 lacunas
789 1607 871 1678 illas
897 1607 991 1679 satis
1018 1603 1162 1700 explere
1188 1607 1251 1679 sed
1278 1607 1394 1678 etiam

118 1727 271 1795 textum
289 1721 497 1796 Constantii
515 1725 555 1795 in
571 1725 766 1817 permultis
784 1748 996 1819 promovere
1023 1728 1062 1798 et
1088 1748 1178 1819 opus
1205 1725 1283 1818 ejus
1309 1748 1395 1797 vere

119 1841 297 1936 perficere
314 1843 509 1936 potuerim.
549 1842 772 1937 Praepn'mis
798 1843 976 1937 epistolae
994 1842 1183 1938 Simplicii,
1212 1843 1342 1916 Felicis
1360 1842 1395 1913 Π

119 1965 159 2033 et
172 1961 313 2034 Gelasii
332 1985 482 2034 causam
499 1960 723 2035 Acacianam
742 1965 953 2056 spectantes
971 1987 1014 2036 ac
1033 1961 1246 2057 Symmachi
1264 1961 1394 2056 synodi

118 2085 158 2152 et
176 2078 307 2175 Vigilii
332 2080 470 2174 scripta
502 2080 651 2153 demum
683 2083 815 2154 horum
842 2082 1006 2155 codiciun
1039 2105 1106 2175 ope
1135 2079 1394 2174 integritatem

118 2199 358 2292 aliquatenus
385 2204 612 2293 receperunt.
652 2199 719 2271 Cui
743 2200 862 2273 eidem
885 2201 939 2273 rei
963 2200 1092 2272 deinde
1119 2201 1393 2293 persequentes

117 2341 182 2390 sex
212 2340 329 2390 annos
355 2339 463 2390 omne
488 2319 609 2391 otium
635 2322 673 2391 et
691 2318 857 2390 studium
875 2342 1000 2391 meum
1019 2319 1145 2390 tribui.
1190 2317 1261 2390 Ubi
1279 2341 1394 2411 quum

119 2436 326 2509 identidem
344 2436 391 2508 ad
409 2437 548 2510 codices
562 2437 745 2510 Romanos
763 2437 1019 2511 recurrendem
1038 2441 1145 2527 esset,
1165 2437 1276 2509 amici
1294 2458 1394 2510 reve-

119 2556 343 2643 rendissimi,
363 2555 591 2629 fundationis
600 2556 853 2630 Preuckianae
871 2557 1011 2628 alumni
1025 2556 1247 2629 Adalbertus
1261 2553 1394 2646 Strehl,

120 2673 647 2765 FranciscusWeitzenmiller,
664 2675 844 2771 Iosephus
858 2676 1011 2764 Krause,
1027 2675 1284 2748 candidissime
1302 2674 1394 2746 mihi

119 2817 274 2888 operam
307 2816 413 2866 suam
439 2794 709 2889 impenderunt.
762 2794 928 2889 Denique
963 2794 1101 2868 codices
1132 2794 1310 2888 quosdam
1341 2794 1394 2866 rei

120 2935 228 2985 meae
261 2936 405 2986 summe
436 2914 659 2986 necessarios
693 2939 737 2987 ex
769 2914 908 2987 dissitis
944 2913 1173 2986 bibliothecis
1205 2913 1325 3007 ipsam
1356 2912 1396 2983 in

121 3031 276 3104 domum
308 3056 431 3104 meam
458 3033 733 3126 perlustrandos
766 3037 809 3104 ut
841 3034 1058 3126 reciperem,
1100 3035 1139 3104 et
1170 3032 1234 3125 qui
1266 3031 1396 3103 deinde

122 3151 223 3245 apud
242 3173 309 3222 nos
327 3151 435 3224 rebus
462 3152 575 3225 sacris
603 3156 641 3224 et
659 3152 884 3225 scholasticis
903 3152 1134 3246 praepositus
1152 3150 1208 3221 vir
1226 3149 1395 3221 illustris-

121 3270 240 3342 simus
259 3294 284 3341 a
300 3268 499 3343 Muehler
514 3270 770 3344 liberalissime
790 3271 935 3365 copiam
953 3269 1215 3364 suppeditavit,
1235 3272 1273 3341 et
1291 3291 1395 3362 prae·

122 3389 255 3483 primis
281 3388 327 3461 de
353 3388 575 3462 bibliotheca
600 3389 809 3463 Monacensi
844 3391 914 3461 viri
948 3389 1142 3462 clarissimi
1177 3387 1396 3482 professores

122 3507 200 3579 DD.
221 3507 456 3581 Giesebrecht
482 3512 521 3581 et
537 3508 651 3581 Halm
676 3510 941 3581 humanissime
967 3531 1074 3602 opem
1100 3508 1278 3579 tulerunt.
1320 3504 1397 3590 Quo

124 3628 245 3723 magis
271 3627 413 3700 factum
439 3650 516 3700 esse
543 3627 698 3718 confido,
726 3630 770 3698 ut
796 3651 891 3721 quae
915 3627 1067 3699 tandem
1084 3626 1283 3720 praebetur
1300 3647 1396 3696 nova

123 3747 217 3819 haec
249 3745 549 3819 lucubrationum
582 3745 791 3819 Constantii
826 3746 939 3818 editio
971 3748 1009 3817 et
1041 3745 1247 3839 prosecutio
1279 3743 1397 3816 doctis

123 3864 296 3937 omnibus
324 3888 389 3938 nec
415 3865 564 3960 ingrata
589 3889 657 3940 nec
683 3866 826 3939 inutilis
852 3865 981 3938 futura
1007 3864 1067 3936 sit.

741 4127 749 4142 .
778 4072 811 4141 2.

125 4198 177 4266 iic
201 4197 388 4282 prioribus
410 4199 540 4265 harum
562 4074 800 4283 epistolaium
822 4191 1054 4282 editionibus,
1077 4216 1168 4280 quae
1192 4196 1394 4264 coustantii

582 4319 687 4368 curas
709 4302 945 4384 exceperunt.

231 4466 265 4532 1.
308 4458 363 4533 De
389 4460 628 4554 epistolarum
654 4459 928 4554 pontificiarum
954 4459 1190 4548 editionibus,
1218 4481 1313 4551 quae
1337 4482 1395 4531 us-

126 4602 196 4673 que
222 4578 272 4651 ad
298 4578 411 4650 initia
437 4579 572 4652 saeculi
598 4576 718 4650 XVIII
752 4577 985 4673 prodierunt,
1017 4578 1307 4651 luculentissime
1338 4577 1396 4651 vir

127 4696 454 4770 reverendissimus
485 4697 718 4771 doctissimus
745 4697 877 4769 Petrus
903 4695 1141 4769 Constantius
1168 4698 1208 4768 in
1233 4697 1395 4791 prolego-

127 4817 244 4888 menis
271 4814 446 4888 editionis
472 4839 560 4888 suae
586 4816 769 4888 disseruit.
810 4815 953 4904 Restat,
982 4819 1025 4887 ut
1050 4839 1145 4909 quae
1171 4815 1255 4887 inde
1273 4838 1317 4886 ex
1335 4814 1397 4886 illo

127 4944 296 5030 tempore
323 4933 472 5007 additae
497 4938 585 5006 sunt
611 4935 824 5009 referamus.
865 4933 1033 5006 Primum
1050 4934 1166 5029 igItur
1183 4931 1396 5005 nominandi

1154 5048 1195 5110 ,s
