3224 5506
546 378 747 428 rnacrnnus
771 380 883 428 r-vr.
980 405 985 413 -
1306 367 1343 431 81

128 546 180 619 pult,
192 541 245 597 unde
256 539 419 614 divulgaret,
435 539 517 613 longe
533 541 617 595 satius
636 539 768 596 laetvtrum
787 541 869 596 luisse
885 540 1033 602 Gelasium,
1051 543 1073 596 si
1089 543 1115 598 iu
1132 542 1271 599 adulteriis
1288 561 1348 602 cor·

128 628 227 703 rigandis,
244 642 316 700 quam
338 627 365 680 in
388 623 520 681 abolendo
536 641 587 679 usu
603 641 617 679 a
634 633 675 681 tot
690 627 789 681 sanctis
804 625 877 681 illius
893 624 1079 682 decessoribus
1096 627 1211 684 tolerato
1227 629 1347 684 studium

127 722 150 768 et
164 728 245 786 operm
262 720 382 785 poneret.
424 710 509 765 Porro
535 710 640 765 inlamis
661 710 704 765 illa
726 709 944 784 Lupercaliorum
965 711 1131 767 sollemnitas
1152 712 1195 767 KV
1216 713 1347 769 Kalendas

128 797 205 853 Latias
215 795 328 852 celebrari
343 803 535 856 cousueverat,
558 796 596 850 uti
618 793 697 851 iidem
714 795 776 851 nen
791 805 868 850 vetus
883 795 1070 851 llalendariunr
1086 796 1234 854 llomanum
1249 797 1347 853 Liberii

128 898 189 956 papae
199 890 219 937 et
231 881 371 936 Corratantii
387 881 556 954 imperatoris
574 879 738 954 temporibus
755 880 856 936 editum
873 889 900 936 et
916 880 1073 937 aBucherio
1085 880 1232 957 vulgatum,
1249 884 1275 938 in
1292 901 1346 956 quo

127 975 148 1021 et
159 966 377 1040 ceteracgentilinm
389 965 585 1021 sollemnitates
600 982 651 1020 suo
668 982 789 1040 quaeque
805 965 848 1021 die
864 976 1049 1022 recensentur.
1071 966 1130 1023 Non
1145 969 1282 1023 consentit
1297 970 1347 1041 igi·

127 1061 161 1105 tur
172 1051 257 1107 hicdics
270 1068 329 1106 cum
346 1050 492 1106 testivitate
512 1050 655 1106 cathedrae
670 1052 755 1106 sancti
769 1050 855 1112 Petri,
877 1067 929 1125 qua
953 1052 1075 1106 nonnulli
1096 1053 1124 1107 in
1140 1052 1231 1108 Galliis
1253 1070 1347 1127 super-

126 1137 200 1191 stitiosi
215 1137 270 1193 ritus
289 1134 495 1191 celebrabantur
520 1154 533 1190 a
555 1136 708 1191 Turonensi
728 1136 750 1190 ll
782 1136 897 1192 concilio
924 1153 995 1191 anno
1015 1135 1115 1192 Christi
1136 1138 1198 1194 aot
1220 1137 1345 1193 damnati.

127 1220 182 1276 Sunt
196 1224 273 1291 elium,
295 1222 383 1294 inquit
399 1219 623 1277 illtulcourillum
640 1238 697 1276 ran.
712 1220 766 1282 22,
792 1225 842 1293 qui
862 1225 892 1276 in
905 1222 1065 1294 festivitate
1080 1224 1239 1279 cathedrae
1254 1225 1349 1279 dorrun'

127 1306 187 1360 Patri
197 1309 299 1377 aposloli
313 1307 393 1362 cibos
403 1309 523 1362 mortuis
537 1307 679 1378 offerunt,
698 1313 724 1361 et
744 1313 811 1378 pasl
826 1311 930 1362 rntssas
945 1308 1102 1364 redeuntes
1118 1310 1158 1363 ad
1170 1310 1268 1364 domos
1276 1326 1346 1379 pro·

126 1395 188 1461 prim
195 1393 347 1465 ad'pcalr'lce
361 1397 550 1447 reuertuntur
565 1407 691 1462 errores,
709 1399 737 1446 el
747 1398 814 1463 pasl
825 1408 933 1463 carpus
944 1390 1059 1448 Domini
1068 1400 1206 1449 sacratas
1216 1395 1349 1449 daemoni

127 1491 189 1531 rum
199 1480 336 1549 accipiunt.
364 1476 563 1533 Contestamur
577 1479 657 1533 illam
673 1478 891 1533 sollicitudinem
907 1484 963 1533 tam
977 1486 1113 1549 pastores
1127 1497 1212 1551 quam
1225 1479 1346 1550 presby-

128 1568 282 1634 trruagerere,
299 1569 329 1617 ut
344 1577 545 1635 quamcunque
559 1565 589 1617 in
603 1562 807 1618 hacsociclate
820 1566 980 1634 persistere
996 1565 1125 1633 uiderint,
1143 1567 1187 1619 cel
1202 1566 1242 1619 ael
1250 1568 1348 1619 risseio

127 1661 180 1717 quaa
189 1655 270 1717 petras
284 1653 335 1703 aul
351 1648 473 1703 arbores
488 1655 539 1703 aul
554 1648 593 1703 acl
603 1647 717 1719 sontes,
739 1649 889 1720 designata
904 1650 971 1704 loca
985 1651 1147 1720 gentilium,
1167 1656 1347 1720 perpetrare

127 1746 181 1801 quac
195 1735 225 1788 ad
240 1735 378 1789 ecclcsiae
394 1736 533 1789 rationem
548 1750 604 1789 raon
615 1736 775 1805 pertinent,
797 1749 846 1789 cos
861 1735 898 1789 ab
913 1735 1037 1789 ecclesia
1054 1741 1157 1789 scarleta
1174 1737 1348 1789 auctoritate

127 1818 239 1885 repellant.
265 1817 322 1873 Nou
338 1817 438 1872 desunt
453 1825 541 1873 tamen
557 1819 606 1873 viri
621 1817 773 1873 eruditione
788 1818 866 1879 clari,
889 1819 934 1892 qui
950 1817 1136 1891 Lupercalium
1152 1818 1279 1891 reliquias
1296 1818 1348 1873 lruc

127 1916 200 1956 raone
211 1902 335 1961 damnatas
351 1910 458 1977 putent.
489 1902 595 1965 Verum,
613 1911 641 1958 ut
658 1901 804 1965 observavi,
820 1902 977 1976 Lupercalia
988 1901 1087 1958 bornae
1105 1902 1288 1958 leehruarii
1305 1902 1348 1957 die

127 1983 299 2049 celebrabantur,
326 1987 372 2043 illa
398 1996 487 2043 autem
507 1989 534 2043 in
557 1987 647 2043 Galliis
667 1987 868 2063 peragebantur
888 1989 913 2043 in
936 1986 1080 2044 testivitate
1101 1987 1242 2043 cathedrae
1262 1989 1347 2043 sancti

127 2067 183 2133 l’elri
194 2072 235 2128 hoc
248 2081 288 2128 est
303 2071 343 2128 22
361 2071 404 2128 dic
418 2071 570 2134 Februarii,
593 2075 639 2147 qui
654 2073 712 2129 dies
733 2073 803 2146 apud
819 2071 967 2136 Romanos,
991 2083 1020 2129 ut
1042 2091 1073 2128 es
1095 2072 1202 2128 laudato
1225 2073 1346 2128 Ruclrerii

127 2151 243 2213 idendado
256 2158 450 2232 comperimus,
473 2157 611 2214 Charistiis
626 2175 702 2214 saveer
716 2166 788 2220 erat,
811 2160 847 2213 ita
869 2167 898 2212 ut
919 2160 989 2213 inter
1005 2157 1159 2232 Lupercalia
1175 2166 1202 2213 et
1218 2156 1348 2214 Cinaristia

126 2237 165 2295 dna
175 2241 227 2315 apud
240 2260 284 2299 eos
299 2242 493 2299 interciderent
509 2242 558 2298 alia
574 2243 657 2307 festa,
674 2241 818 2311 Quirinalia
833 2243 936 2299 scilieet
952 2242 1055 2307 lidie,
1078 2253 1105 2299 et
1122 2242 1224 2298 Feralia
1241 2243 1284 2298 die
1296 2242 1345 2297 21.

126 2322 212 2383 Sirtha
224 2328 426 2404 superstitiosos
442 2329 518 2392 ritus,
535 2345 604 2408 quos
620 2327 718 2385 llomae
733 2327 958 2402 inLupercalibus
974 2330 1067 2403 peragi
1079 2330 1252 2384 consuevisse
1265 2344 1347 2401 quum

126 2406 244 2469 Plutarchus
258 2420 314 2470 tum
329 2412 458 2470 ecclesiae
473 2421 581 2470 nostrae
601 2421 763 2476 memorant,
786 2430 846 2469 cum
868 2415 900 2469 iis
922 2413 1109 2476 conterantur,
1133 2431 1202 2488 quos
1223 2413 1349 2469 damnant

127 2492 284 2555 lucrensisll
304 2498 412 2555 concilii
432 2507 539 2573 patres,
566 2500 593 2554 in
614 2515 646 2554 ec
669 2499 783 2554 concilio
805 2500 1014 2573 superstitiones
1036 2517 1091 2555 ncn
1112 2516 1127 2554 e
1147 2497 1347 2573 Lupercalibus,

127 2579 186 2651 qualia
197 2582 389 2640 celebrabantur
403 2601 417 2638 a
432 2583 565 2647 Romanis,
587 2584 634 2639 sed
650 2583 757 2640 aliunde
773 2592 911 2639 manantes
927 2586 1015 2640 notari
1036 2592 1118 2657 atque
1134 2585 1252 2640 damnari
1274 2583 1349 2639 facilc

127 2663 240 2739 largiemur.
266 2668 396 2737 Quocirca
411 2669 476 2724 nihil
492 2679 547 2732 est,
563 2687 612 2725 cur
627 2669 733 2725 Gelasio
750 2667 829 2725 sidem
844 2686 976 2743 negemus
992 2670 1061 2726 inira
1077 2687 1103 2725 n.
1117 2670 1135 2726 9
1151 2670 1297 2725 asserenti:
1314 2670 1348 2724 ln

128 2749 200 2820 Africa
212 2757 250 2811 uel
264 2755 366 2811 Galliis
380 2770 434 2811 uec
446 2754 572 2826 suerunt
587 2756 742 2828 aliquando
757 2755 948 2826 Lupercalia,
971 2771 1025 2811 nec
1047 2763 1160 2812 constal
1172 2756 1268 2828 fuisse
1284 2755 1348 2811 sud·

127 2836 175 2891 lata.
201 2837 355 2914 Quamquam
370 2840 393 2895 si
408 2856 464 2895 rem
480 2840 560 2896 altius
576 2840 608 2895 ab
622 2841 707 2914 ipsius
723 2838 885 2895 celebritatis
901 2841 1007 2913 origine
1022 2849 1103 2914 atque
1118 2842 1290 2897 institutione
1307 2857 1348 2895 re-

127 2928 224 2991 petamus,
243 2925 370 3000 quasdam
393 2923 579 2999 lupercalium
595 2925 721 2998 reliquias
743 2925 920 2999 aTuronensi
936 2925 957 2980 ll
973 2925 1087 2981 concilio
1105 2925 1163 2981 tolli
1179 2943 1234 2981 non
1250 2923 1349 2982 inficia-

128 3002 193 3062 binur.
216 3008 314 3086 Quippe
329 3010 474 3080 Arcades,
498 3012 538 3066 uti
552 3011 695 3084 Dionysius
717 3009 786 3084 apud
801 3010 952 3066 iohannem
968 3008 1096 3067 ltosinum
1113 3009 1157 3066 lib.
1172 3010 1191 3067 3
1207 3011 1290 3084 antiq.
1298 3008 1350 3065 llo·

128 3104 176 3146 nan.
192 3095 232 3150 ui
246 3103 348 3159 narrat,
363 3098 393 3151 in
409 3097 481 3152 colle
496 3096 629 3152 Palatino
643 3098 754 3168 firmati
767 3114 854 3168 quum
869 3098 1003 3168 aedificia
1020 3099 1076 3152 alio
1090 3112 1169 3152 more
1182 3097 1281 3167 patrio
1296 3111 1349 3151 ea-

128 3189 248 3251 aurumi,
255 3183 388 3253 templum
395 3198 507 3255 quoque
514 3188 717 3251 construxere,
735 3198 771 3237 ac
781 3185 906 3253 primum
922 3182 1119 3254 quidemPani
1127 3181 1251 3253 Lycaeo,
1269 3196 1349 3253 quem

129 3263 208 3319 murno
219 3267 243 3321 in
257 3267 362 3323 horrore
376 3283 485 3340 semper
499 3265 664 3330 habuerunt,
686 3268 750 3322 loco
767 3283 894 3339 congruo
909 3271 1035 3336 inuento,
1057 3282 1140 3340 quem
1154 3266 1281 3322 Romani
1293 3265 1348 3321 lu-

127 3351 305 3423 percalroeaut,
320 3352 429 3407 Graeci
436 3353 581 3424 Lycaeum
596 3354 704 3408 dicunt.
727 3351 794 3406 Tum
810 3353 849 3407 sic
864 3351 1016 3425 allionysic
1029 3349 1190 3407 describitur
1201 3350 1245 3407 ille
1258 3348 1349 3406 locus:

132 3427 182 3486 Erat
192 3440 332 3511 antiquitus
347 3445 464 3493 antrum
479 3455 612 3510 mapnum
627 3438 679 3494 sub
695 3438 767 3493 colle
782 3438 901 3493 arbusto
916 3439 1004 3493 denso
1020 3443 1195 3506 contectum,
1213 3443 1240 3493 et
1252 3437 1350 3509 sorites

130 3514 165 3569 sni
173 3526 243 3588 patric
250 3522 394 3595 profundi
407 3523 628 3596 adhaerensque
643 3524 764 3595 rupibus
779 3523 892 3578 crebris
907 3524 1060 3579 arboribus
1076 3524 1226 3597 etquidem
1240 3524 1352 3594 mapula

130 3613 219 3671 ⁰ltrna,
237 3610 281 3665 ubi
294 3626 351 3663 aro
367 3607 429 3664 Dec
445 3615 611 3669 constructa
628 3610 890 3680 sacrificia'pairia
904 3609 1110 3680 perficiebant,
1132 3623 1208 3682 quae
1228 3607 1353 3664 Romani

128 3692 200 3751 litteo
215 3708 302 3749 uenae
316 3694 481 3749 Februario
498 3695 691 3766 perapebanl.
726 3690 868 3748 Enimvero
889 3694 979 3766 potuit
1000 3691 1071 3757 lieri,
1093 3701 1123 3749 ut
1144 3694 1351 3767 superstitiosus

131 3764 163 3821 illc
173 3769 262 3834 lontium
276 3789 303 3834 et
318 3777 447 3834 arborum
462 3778 550 3834 cultus
565 3779 594 3834 in
609 3777 699 3833 Galliis
715 3786 895 3852 propagatus,
917 3779 1001 3833 esitu
1017 3778 1124 3852 templi,
1146 3777 1219 3853 quod
1235 3777 1351 3832 Arcades

132 3847 177 3909 Pul
187 3854 268 3932 Lycaeo
281 3865 398 3938 primum
414 3871 626 3919 construxerunt
646 3871 673 3919 et
689 3861 759 3918 unde
774 3861 931 3938 Lupercalia
946 3872 1021 3927 nata,
1041 3863 1158 3919 [luxerit.
1199 3862 1284 3918 Porro
1300 3864 1352 3918 ista

133 3930 272 4011 liittttllum
286 3947 429 4004 celebritas
445 3946 478 4003 ad
493 3947 591 4004 Gelasii
605 3957 727 4022 tempora
742 3964 798 4003 non
819 3947 898 4022 plena
913 3955 941 4003 et
960 3949 1066 4023 integra
1088 3949 1282 4022 perseveravit,
1303 3946 1350 4002 sed

134 4018 280 4097 ’ltdnanae
294 4033 472 4090 institutionis
488 4034 705 4108 imaginationem
721 4031 886 4089 adumbrata.
922 4031 999 4101 Quod
1021 4035 1090 4090 enim
1108 4051 1122 4087 a
1138 4031 1272 4089 nobilibus
1288 4033 1351 4087 viris

134 4110 260 4172 ‘lathonis
279 4116 334 4174 lieri
355 4127 547 4181 consueverat,
568 4117 703 4192 perviles
724 4134 754 4173 ac
774 4117 885 4173 serviles
906 4132 1036 4192 personas
1058 4116 1247 4192 peragebatur.
1283 4116 1351 4172 ilinc

135 4192 224 4259 mribus
236 4202 347 4278 alioquin
362 4204 426 4259 viris
441 4203 569 4260 ferendus
585 4201 723 4258 videbatur
737 4219 818 4266 usus;
840 4202 888 4258 sed
903 4219 998 4258 eornm
1014 4204 1168 4259 auctoritati
1183 4219 1238 4258 non
1253 4201 1351 4258 cedens

136 4270 223 4338 beatu
234 4285 316 4344 lutilcs
332 4291 453 4365 ipsorum
469 4290 582 4363 ineptias
598 4288 696 4344 acriter
710 4286 790 4343 simul
806 4295 833 4343 et
848 4289 984 4362 sapienter
999 4289 1177 4363 propulsavit.

197 4365 218 4422 3.
232 4369 274 4428 llic
287 4381 417 4431 tractatus
433 4373 581 4429 ellaticano
596 4372 690 4429 codice
704 4373 776 4428 inter
791 4372 920 4447 epistolas
931 4371 1083 4448 pontificias
1099 4372 1196 4435 editus.
1213 4372 1351 4428 aBaronio

137 4440 244 4510 ²‘libitum
256 4457 312 4516 teo
327 4467 403 4514 totns
417 4475 530 4515 recusus
546 4466 600 4522 est,
623 4456 773 4521 erroribus,
797 4466 826 4513 ut
840 4458 976 4533 loquitur,
998 4467 1128 4533 quamtum
1143 4457 1193 4514 sibi
1209 4458 1298 4522 licuit,
1320 4474 1352 4513 ex

138 4535 384 4623 mpdhcoujecturis
403 4542 577 4600 emaculatus.
614 4542 747 4599 Nonnulla
769 4541 878 4618 quidem
898 4545 964 4599 satis
984 4543 1100 4599 feliciter
1119 4543 1283 4607 emendavit:
1305 4541 1352 4598 sed

140 4615 219 4684 turbu,
231 4623 285 4682 lum
298 4628 422 4685 medicam
436 4646 544 4685 manum
559 4628 653 4685 allerre
667 4630 772 4690 nititur,
800 4627 922 4684 morbum
938 4646 993 4684 non
1009 4638 1061 4685 tam
1076 4638 1152 4685 sanat
1168 4646 1246 4704 quam
1258 4637 1353 4692 mutat,

141 4694 200 4771 tique
211 4710 254 4781 agit
266 4719 371 4777 mutum,
388 4723 417 4771 ut
432 4714 496 4770 dum
508 4716 592 4790 magis
606 4714 671 4769 latet
687 4712 807 4776 nimbus,
823 4713 942 4770 remedio
958 4731 1040 4789 egere
1055 4712 1191 4771 dillrcilius
1205 4715 1354 4789 deprehen·

142 4777 206 4874 ¹datin.
228 4792 271 4850 Sed
284 4797 343 4853 hinc
356 4800 484 4875 comperit
502 4799 601 4864 lector,
623 4798 696 4874 quod
716 4799 859 4872 aliquoties
881 4798 1092 4862 observavimus,
1116 4802 1209 4874 quanti
1229 4801 1354 4855 nimirum

143 4874 228 4937 ruteni,
240 4895 268 4935 ue
280 4883 336 4955 quis
351 4882 394 4939 ubi
408 4885 441 4940 de
456 4885 624 4961 corrigendis
640 4886 813 4958 antiquorum
829 4886 935 4959 scriptis
948 4887 1045 4958 agitur,
1061 4888 1179 4961 propriis
1191 4884 1354 4955 conjecturis

170 4977 291 5027 seraranan
303 4993 400 5035 nnana.
413 4996 526 5033 resurr.
545 4982 566 5034 1.
1135 4989 1154 5047 6
