3204 5506
181 304 244 370 982
622 323 649 370 s.
666 323 873 371 normanna
895 322 1009 369 aaran

53 491 88 553 ia.
99 489 168 551 521.)
182 501 252 547 mus
275 478 313 541 de
336 476 401 558 his,
431 497 512 560 quae
539 476 671 539 fuerimt
697 474 848 559 dicenda,
879 476 1120 560 compendimn,
1150 476 1224 560 ipsa
1233 478 1260 562 ο’)
1288 478 1390 561 potius
1415 480 1446 543 ad

60 592 168 656 apter.
183 578 404 648 instruendam
426 577 577 641 notitiam
598 581 753 660 vestram,
784 578 900 662 qnae⁷l
928 600 947 640 a
975 577 1069 643 nobis
1096 582 1177 642 sunt
1205 601 1360 663 responsa
1385 580 1447 644 diri-

184 686 309 770 gentes
333 702 375 744 ne
397 679 472 763 quid
495 679 555 743 sibi
578 680 637 742 sub
659 681 764 764 spatio
786 679 992 763 prolixiorum
1009 684 1172 744 terrarum
1188 684 1248 744 aut
1262 681 1371 764 opinio
1391 683 1446 745 nin·

184 787 269 850 dicet
290 785 346 846 aut
369 803 456 844 error
478 784 630 863 assumat,
654 803 750 865 quum
773 780 933 845 adrerum
956 781 1050 845 fidem
1070 783 1176 866 ipsam
1192 787 1306 847 tenere
1321 783 1447 848 sufficiat

185 887 362 953 veritatem.

269 989 298 1051 3.
336 984 425 1060 Quod
448 988 555 1049 autom
578 985 617 1048 ad
641 985 873 1049 continentiam
895 988 1072 1049 vestrarum
1095 987 1241 1070 pertinet
1268 987 1445 1055 litterarum.

185 1084 327 1175 oportuit
349 1087 476 1170 quidem
499 1086 654 1151 desideria
676 1085 838 1170 planius⁸l
861 1087 1016 1170 expediri,
1049 1091 1085 1151 ut
1108 1089 1290 1152 aestimatis
1312 1090 1446 1152 omnibus

185 1212 372 1275 responsum
405 1189 522 1253 rationi
559 1209 735 1272 congruum
768 1189 960 1253 redderetur.
1013 1188 1075 1254 Sed
1109 1191 1186 1274 quia
1220 1190 1446 1276 privilegiorum

186 1297 328 1359 veterum
352 1295 384 1355 et
406 1293 597 1354 statutorum
627 1291 833 1372 paternorum
860 1291 1020 1355 indidistis
1043 1291 1157 1355 iisdem
1182 1291 1301 1355 litteris
1330 1293 1448 1355 mentio·

186 1418 275 1477 nem,
312 1394 351 1457 ad
380 1391 553 1458 Salustium
581 1392 714 1456 fratrem
742 1395 775 1455 ct
803 1393 1022 1477 coepiscopum
1057 1395 1205 1456 nostrum
1237 1395 1365 1476 supcrl)
1397 1396 1447 1458 hae

186 1501 278 1581 parte
317 1494 553 1577 rescripsimuS,
601 1493 691 1558 vobis
729 1516 851 1578 quoque
890 1493 1043 1575 strictim,
1083 1515 1167 1577 quae
1208 1493 1297 1558 dicta
1335 1498 1447 1559 sunt¹⁰i

187 1599 294 1679 latius,
318 1596 510 1678 iudicantes,
535 1617 593 1659 nec
615 1596 785 1680 privilegia
808 1617 865 1660 nos
887 1595 1013 1659 indulta
1037 1594 1218 1658 corinellere
1241 1599 1274 1659 et
1297 1597 1376 1660 nihil
1391 1602 1448 1660 tam

188 1702 381 1764 conveniens
404 1697 476 1761 fidei
495 1696 651 1780 judicare,
675 1719 770 1781 quam
792 1700 829 1760 ut
851 1697 885 1760 in
907 1696 1027 1760 honore
1050 1719 1108 1760 suo
1129 1721 1148 1760 a
1168 1697 1319 1782 patribus
1334 1698 1448 1762 decreta

188 1803 364 1865 serventur.
410 1798 495 1863 Deus
518 1802 624 1863 autem
647 1821 701 1863 vos
723 1799 897 1863 incolumes
921 1798 1088 1881 custodiat,
1113 1798 1235 1862 fratres
1261 1800 1424 1863 carissimi!

676 1968 857 2071 Epistola
884 1968 961 2051 144.

38 2124 176 2256 (a-Abptrlssp
246 2121 458 2189 Hormisdae
482 2138 591 2206 papae
613 2121 657 2186 ad
679 2120 922 2205 Epiphaniam
946 2120 1397 2204 Constantinopolimnum.

223 2264 257 2313 Ia
279 2264 366 2326 Eliae,
389 2262 496 2313 thomae
514 2270 539 2312 ct
557 2262 701 2312 Nicostrati
715 2261 878 2325 reincipiendo
896 2261 1064 2311 communione
1083 2277 1114 2310 ac
1132 2277 1229 2311 morani
1248 2264 1321 2310 uilem
1337 2271 1420 2326 minat.
1458 2269 1519 2332 pl!

341 2394 550 2458 Hormisda
586 2391 815 2477 Epiphanio
859 2392 1043 2477 episcopo
1080 2391 1453 2478 Constantinopoli-

276 2499 622 2681 Oportueriinqiiidem
656 2596 892 2660 fraternitatem
925 2600 1016 2660 tuam
1053 2595 1153 2660 divini
1189 2599 1456 2683 contemplatione

187 2698 301 2784 judicii
323 2702 418 2783 atque
442 2699 585 2763 caritatis
608 2703 737 2763 nostrae
759 2701 904 2783 respectu
926 2698 1043 2776 Eliam,
1070 2696 1229 2763 'l‘homam
1252 2705 1351 2784 atque
1372 2699 1456 2764 Nico

192 2804 328 2865 stratum
350 2799 466 2864 iratres
489 2804 521 2863 et
545 2800 746 2886 coepiscopos
768 2805 905 2883 nostros,
929 2804 1098 2885 postquam
1116 2800 1148 2863 in
1167 2802 1368 2866 consortium
1383 2824 1457 2865 eom-

193 2902 355 2967 munionis
371 2905 499 2966 nostrae
515 2903 702 2985 recepimus,
726 2903 766 2966 ad
782 2903 889 2967 divina
904 2907 1011 2967 tecum
1021 2903 1044 2987 ¹)
1068 2903 1222 2986 mysteria
1237 2903 1459 2967 incunctanter

193 3005 377 3087 admittere,
410 3008 505 3089 atque
535 3004 574 3068 ad
603 3004 752 3068 ecclesias
780 3025 870 3087 suas,
900 3026 919 3068 a
947 3004 1061 3088 quibus
1089 3025 1143 3067 eos
1171 3003 1353 3069 discordiae
1380 3027 1459 3069 ernu

175 3107 388 3190 'excluserat
412 3128 469 3189 pro
491 3106 580 3189 pacis
602 3109 729 3170 nostrae
751 3105 951 3191 plenitudine
973 3126 1136 3170 revocare:
1160 3109 1197 3168 ut
1219 3107 1348 3190 unitas,
1372 3129 1458 3190 qnam

194 3214 267 3294 post
289 3231 444 3272 annorum
467 3209 568 3270 multa
591 3207 747 3272 curricula
769 3230 826 3292 per
848 3210 951 3271 totum
974 3207 1082 3272 orbem
1104 3207 1170 3271 suis
1192 3207 1283 3271 Deus
1311 3213 1459 3272 restaura-

197 3311 242 3375 vit
264 3311 422 3391 ecclesiis,
452 3309 541 3374 nulla
563 3309 764 3373 voluntatum
786 3312 968 3374 nostrarum
990 3309 1144 3373 distantia
1166 3309 1361 3374 laederetur.
1405 3309 1458 3372 Sal

194 3413 269 3496 quia
291 3435 357 3476 rem
380 3417 447 3475 tam
469 3416 597 3496 gratam
620 3416 651 3475 et
673 3413 802 3494 patrum
824 3411 954 3475 statutis
977 3410 1213 3476 venerabilibus
1234 3416 1459 3497 congruentem

194 3514 382 3598 quibusdam
405 3513 610 3577 tarditatibus
634 3513 771 3597 contigit
792 3535 879 3576 nunc
901 3534 999 3597 usque
1021 3513 1157 3595 differri,
1186 3513 1273 3577 unde
1303 3515 1399 3578 etiam
1425 3512 1457 3576 ad

69 3649 112 3699 cp.
128 3635 184 3683 ruo.
198 3616 393 3678 decessorem
416 3615 629 3678 fraternitatis
657 3619 731 3678 tuae
760 3636 818 3678 nos
847 3614 1011 3698 scripsisse
1032 3614 1262 3679 meminimus:
1292 3616 1457 3679 hortamur.

263 3770 283 3834 ⁶)
302 3767 345 3820 Ita
361 3768 388 3820 J¹
400 3768 437 3821 Κ3
450 3772 476 3822 Γ
487 3766 533 3821 0¹⁰
545 3766 573 3820 i².
604 3769 621 3836 β
638 3774 732 3835 ipsam,
751 3767 778 3818 Ji
791 3783 826 3820 cc
843 3772 900 3834 ipsi.
931 3766 996 3821 Mox
1013 3766 1049 3819 K³
1064 3765 1146 3820 ΓΟιο
1163 3772 1200 3819 ad
1216 3773 1371 3821 struendam.

263 3855 283 3917 7)
302 3851 342 3904 Er
361 3851 488 3922 epistola,
513 3869 597 3920 quam
619 3850 740 3905 Isidorus
758 3850 911 3905 Marcellini
928 3851 1039 3905 nomine
1057 3850 1201 3913 confinxit,
1222 3868 1288 3905 eum
1305 3851 1350 3906 hic
1367 3851 1457 3921 legisse

197 3936 335 4006 colligitur
354 3957 418 4006 qaae
437 3941 520 3993 erotis,
544 3937 575 3989 ut
597 3934 625 3989 in
644 3938 660 4003 β
678 3936 769 4006 prima
786 3952 878 3990 manu.
915 3936 955 3989 Ex
976 3935 1116 3991 veteribus
1134 3936 1310 3991 collectionis
1328 3937 1458 4006 Hispanae

197 4027 227 4074 ut
244 4025 273 4076 et
290 4022 388 4076 Isidori
405 4021 494 4086 libris,
519 4020 546 4074 in
571 4021 670 4088 quibus
694 4019 819 4089 superior
836 4020 1001 4074 Hormisdae
1019 4020 1054 4074 ad
1071 4019 1262 4090 Epiphaniam
1284 4021 1399 4090 epistola
1419 4026 1456 4071 lit

196 4105 338 4173 proximae
358 4105 481 4173 ejusdem
500 4107 536 4159 ad
554 4106 704 4160 Salustium
721 4104 924 4174 praemittitur,
947 4105 1020 4159 hunc
1037 4121 1141 4174 papam
1163 4103 1193 4157 id
1218 4106 1295 4172 quod
1314 4103 1458 4175 Epiphanio

196 4189 252 4243 illic
270 4190 420 4258 respondet
437 4194 548 4255 notare,
570 4208 602 4245 ac
620 4190 781 4259 praedictae
804 4189 938 4258 epistolae
958 4196 1003 4242 141
1023 4189 1165 4258 exemplar
1185 4189 1222 4244 ad
1240 4189 1371 4244 Baeticos
1388 4188 1458 4242 desti·

196 4291 276 4328 nasso
299 4275 495 4343 conjectamus.
535 4275 615 4330 Unde
638 4292 807 4343 consequens
831 4277 885 4333 est.
909 4277 941 4327 ut
962 4275 1032 4328 haec
1049 4274 1084 4328 ad
1102 4274 1235 4329 Baeticos
1254 4276 1285 4329 et
1302 4275 1351 4329 illa
1368 4274 1403 4329 ad
1418 4274 1458 4326 Sa·

197 4359 309 4412 lastium
328 4378 384 4413 non
403 4358 482 4412 citius
501 4376 595 4413 monae
614 4360 703 4428 Aprili
721 4358 786 4414 anni
805 4366 851 4412 521
872 4358 1029 4429 conscripta
1046 4358 1108 4412 sint.

264 4447 284 4510 ‘)
303 4445 346 4497 lta
365 4446 421 4511 βΓ
431 4445 477 4496 0¹⁰
488 4443 516 4496 i².
547 4445 589 4497 Al.
608 4451 707 4512 plenius
725 4450 851 4513 expedire
869 4444 896 4511 (J
900 4447 905 4478 ¹
925 4447 1065 4513 expediri).

264 4531 284 4580 ⁹l
303 4529 328 4580 J¹
343 4529 370 4579 ,Ιξ
383 4532 406 4580 c'
427 4545 483 4595 seq.
503 4534 547 4582 sat
565 4535 613 4583 liar
629 4540 720 4598 parto
739 4528 918 4596 corriguntur
937 4546 970 4583 ex
987 4528 1085 4583 iisdem
1102 4545 1169 4581 mss.
1189 4531 1220 4582 et
1237 4528 1269 4584 i².

267 4616 297 4678 ¹⁰)
315 4614 359 4665 lta
376 4614 401 4664 J*
416 4615 433 4682 β
447 4613 515 4680 Pil,
534 4614 586 4667 nisi
605 4614 678 4681 quod
697 4614 717 4667 i*
735 4620 806 4668 arentia
824 4620 930 4667 indulta.
966 4612 1007 4666 Al.
1027 4618 1153 4666 curtidis
1171 4619 1252 4667 latias
1269 4621 1391 4670 inritent
1408 4620 1463 4682 prir.

198 4702 269 4750 notis
287 4697 325 4763 (J²
338 4700 394 4764 nos)
412 4703 465 4750 ind.
485 4707 661 4752 convellerent.
691 4703 730 4752 Ac
748 4716 814 4753 voro
833 4697 981 4752 Hormisda
999 4695 1027 4750 in
1039 4697 1160 4766 epistola
1179 4700 1324 4768 superiori
1341 4717 1395 4756 non
1412 4715 1463 4770 pro·

197 4783 258 4849 pria
276 4782 324 4834 sed
343 4781 461 4835 aliorum
479 4783 626 4852 privilegia
643 4783 747 4837 servari
766 4785 851 4838 curat.

199 4872 247 4920 144
286 4871 303 4934 ¹)
323 4867 389 4919 bcc
408 4866 496 4921 omitt.
517 4880 608 4938 leenae,
632 4884 750 4937 moxque
770 4869 802 4922 G'
827 4879 886 4938 post
910 4889 981 4937 paam
999 4887 1122 4922 anacreon
1210 4876 1283 4926 unde
1307 4893 1374 4928 nanc
1394 4878 1464 4926 etin
