3204 5506
578 375 670 424 vrrs.
696 398 732 407 -
758 377 927 425 nrrsrosa
952 368 980 424 1.
1348 361 1412 426 615

132 538 192 605 nus
215 539 409 595 nihilomnino
431 537 464 592 de
485 537 616 608 ejusmodi
640 537 771 611 palinodia
788 546 965 593 memorantes
982 537 1007 592 id
1024 546 1118 593 eontra
1134 537 1298 600 obtendunt,
1321 540 1410 612 ponti·

135 624 220 679 licem
238 624 313 680 illum
335 622 359 679 id
380 623 515 678 dumtaxat
531 624 662 696 exegisse,
686 631 714 677 nt
732 625 809 678 unius
827 623 922 684 Aeacii,
940 639 993 677 nou
1010 623 1087 677 etiarn
1103 631 1254 678 ceterorum
1271 622 1328 694 ejus
1344 640 1409 679 con-

134 711 259 764 sortium
280 709 388 763 nomina
411 715 562 763 tacerentur
582 707 665 778 (conl.
689 707 844 763 llormisdae
873 709 952 780 epist.
971 707 1032 764 120
1052 724 1078 762 n.
1096 706 1123 768 2,
1159 707 1217 764 129
1240 725 1266 762 u.
1284 708 1312 771 3,
1349 707 1407 764 lae

136 812 167 849 n.
188 793 227 863 2).
272 792 435 865 Quamquam
451 810 484 847 ne
500 793 551 848 lroc
567 792 674 865 quidem
691 809 781 847 rerum
797 809 865 853 esse,
887 793 983 865 cuique
1004 791 1144 863 epistolam
1167 793 1306 855 duastasii,
1329 810 1408 866 qrsam

136 878 182 934 illi
198 877 342 952 appellant,
359 877 459 950 legenti
474 879 537 932 satis
554 877 663 950 patebit.

229 963 257 1018 2.
289 961 458 1036 Quapropter
472 978 532 1017 eum
550 979 603 1017 nou
620 962 706 1017 divina
723 962 826 1017 ultione
847 978 1014 1035 percussum,
1033 970 1062 1017 nt
1076 962 1115 1017 illi
1131 962 1234 1024 volunt.
1256 962 1304 1017 sed
1321 965 1406 1036 pravis

138 1048 246 1104 artibus
267 1057 348 1121 atque
368 1046 469 1103 insidiis
486 1046 557 1102 Festi
579 1049 689 1120 patricii.
708 1049 752 1120 qni
766 1048 906 1102 Anastasio
922 1047 1046 1120 Augusto
1067 1049 1227 1120 promiserat
1239 1056 1320 1120 atque
1333 1066 1407 1104 rece·

138 1142 229 1207 perat.
246 1150 275 1188 se
291 1132 328 1188 illi
344 1140 374 1187 ut
390 1132 521 1187 llcnotico
537 1131 719 1187 subscriberet
735 1148 934 1205 persuasurum.
951 1149 1006 1187 non
1022 1133 1080 1187 siue
1096 1132 1140 1186 bei
1157 1142 1224 1188 nutu
1240 1131 1406 1188 subtractum

137 1218 311 1273 arbitramur.
343 1218 537 1273 Verumtamen·
556 1218 658 1290 patricii
679 1215 759 1286 liujus
785 1217 958 1290 pollicitatio,
984 1216 1060 1287 cujus
1083 1216 1241 1271 Theodorus
1268 1218 1353 1272 lector
1380 1227 1406 1274 et

137 1291 319 1376 'l'lseopbands
335 1304 487 1366 meminero,
510 1302 592 1357 inulta
612 1301 683 1356 illins
705 1303 804 1356 norrrini
819 1302 1013 1357 contumeliosa
1029 1302 1246 1358 comminiscendi
1268 1302 1356 1358 locum
1379 1311 1406 1358 et

137 1389 311 1444 occasionem
327 1386 409 1443 dedit.
439 1387 492 1442 Nee
507 1386 581 1442 abest
597 1388 724 1460 suspicio,
746 1389 819 1460 ipsos
833 1386 895 1442 illos
911 1387 1104 1448 schismaticos.
1121 1387 1166 1458 qui
1183 1397 1293 1442 auctore
1309 1387 1404 1443 eodem

137 1472 224 1528 l'esto
239 1479 333 1529 contra
349 1472 534 1546 Symmachum
551 1489 656 1527 ornnem
671 1471 784 1545 lapidem
801 1471 951 1533 movebant.
969 1488 1029 1526 mox
1045 1481 1195 1527 commenta
1216 1474 1267 1528 ista
1287 1469 1403 1543 desisse,

134 1558 239 1632 quibus
261 1565 290 1612 et
306 1557 382 1628 justo
403 1556 524 1630 pontifici
546 1557 729 1619 detraherent,
746 1566 772 1611 et
788 1557 863 1612 saulae
879 1557 1039 1630 Byzantinus
1055 1557 1173 1611 savorem
1197 1556 1247 1612 sibi
1268 1573 1404 1631 compara-

134 1652 209 1699 rent.
234 1642 312 1698 Certc
328 1643 422 1699 similis
437 1643 545 1716 generis
560 1641 669 1697 illorum
686 1640 814 1716 ligrneuta
829 1643 982 1697 etiamnunc
999 1635 1162 1712 recusuri),
1180 1650 1207 1696 et
1223 1658 1254 1697 es
1271 1641 1405 1711 ejusmodi

133 1726 262 1784 lontibus
279 1729 390 1783 vitarum
406 1726 601 1802 pontificiarum
618 1728 777 1800 compilator
793 1728 921 1782 transerit.
955 1725 1038 1781 Porro
1055 1725 1151 1782 Festus
1167 1725 1276 1782 Romam
1298 1726 1404 1782 rediens

131 1814 309 1869 Anastasium
330 1814 382 1867 vita
398 1812 518 1867 iunctum
541 1813 681 1885 eoruperit.
720 1812 831 1867 llortem
854 1811 911 1881 ejus
939 1829 1009 1866 asino
1036 1809 1097 1868 498
1119 1810 1161 1866 dic
1188 1811 1225 1867 17
1248 1811 1403 1866 Novembris

130 1907 229 1954 vetera
245 1907 417 1953 monrrmenta
433 1899 602 1971 consignant,
619 1898 644 1951 in
661 1896 758 1969 quibus
774 1906 800 1952 et
813 1898 942 1952 ‹rnrruml
961 1897 1117 1952 mensesll
1135 1896 1242 1951 dics2l
1259 1895 1402 1952 Ecclesiam

127 1983 339 2038 administrasse
366 1991 537 2038 memoratur.
569 1982 596 2037 ln
623 1981 729 2036 basilica
756 1981 825 2036 beati
852 1981 923 2043 Petri
949 1981 1065 2055 apostoli
1092 1997 1152 2035 eum
1178 1981 1315 2054 sepultum
1343 1999 1402 2037 esse

127 2067 190 2124 Xlll
207 2066 341 2123 Kalendas
367 2067 522 2124 Decembres
543 2077 570 2123 et
592 2084 710 2123 cessasse
733 2069 916 2140 episcopatum
932 2066 988 2122 dies
1006 2074 1129 2138 natatum,
1152 2065 1219 2121 liber
1240 2064 1402 2140 pontificalis

650 2434 831 2536 Epistola
859 2436 888 2517 1.

118 2593 255 2676 Papae
278 2587 458 2654 Anastasii
481 2587 519 2652 ll
544 2587 646 2651 tarbis
669 2587 797 2651 Romae
826 2586 870 2651 ad
893 2585 1122 2652 briastasinm
1145 2587 1400 2669 imperatorem
1413 2605 1525 2674 (caes.)

548 2706 613 2772 pro
635 2706 720 2770 pum
743 2689 989 2754 ecclesiarum.

78 2840 107 2888 2.
175 2836 200 2884 1.
220 2833 291 2889 Quod
307 2844 351 2894 pre
370 2831 468 2879 christe
485 2831 609 2891 mugetus
626 2829 764 2890 legatione,
782 2830 842 2877 dnm
859 2841 902 2890 pre
921 2843 984 2890 paee
1002 2835 1121 2891 precatur
1138 2831 1276 2879 Ecclesiae.

164 2921 204 2969 11.
223 2918 294 2973 Quod
310 2929 358 2965 nen
377 2917 412 2964 sit
429 2920 525 2963 temere
540 2915 706 2976 judicandum
723 2915 754 2962 ‹le
771 2916 813 2973 iis,
831 2912 902 2978 quit)
917 2915 973 2975 jem
990 2915 1022 2962 ed
1040 2916 1121 2963 Deum
1138 2916 1323 2976 migraverunt.

150 3005 204 3053 ΠΙ.
223 3004 257 3051 ut
274 3002 420 3062 specialiter
437 3002 463 3048 in
480 3001 597 3049 Ecclesia
614 3012 703 3048 nemen
720 3004 839 3047 taceatur
856 3000 959 3046 Aeacii·

152 3089 204 3138 tv.
223 3088 293 3142 Queri
310 3098 463 3148 magnopere
482 3086 609 3134 contemto
627 3086 662 3133 sit
679 3085 798 3132 cavenda.

169 3173 206 3221 V.
224 3173 259 3220 Ut
275 3171 461 3219 Alexandrinos
483 3172 622 3231 imperator
645 3170 779 3217 mmeneet
801 3170 833 3216 ed
855 3169 929 3216 fldem
952 3171 1077 3218 sincerem
1100 3176 1126 3218 et
1149 3173 1181 3218 esi
1204 3184 1292 3232 pacem
1314 3173 1398 3221 redire

219 3257 378 3305 athonem.
534 3258 548 3291 t

148 3344 200 3392 VI.
218 3341 374 3389 admonetur
391 3341 536 3402 imperator,
553 3345 582 3388 ut
600 3340 746 3388 constitutis
764 3340 919 3400 apostelicae
937 3340 1006 3387 sedis
1024 3341 1186 3400 obtemperet.

132 3429 198 3478 vn.
216 3426 287 3482 once
305 3439 360 3484 ees,
382 3439 444 3487 qnos
465 3430 523 3487 pest
540 3426 727 3473 damnationem
750 3438 823 3472 suem
846 3424 888 3471 vel
906 3426 1051 3486 baptisavit
1073 3426 1115 3473 vel
1133 3427 1397 3489 cressementum,

216 3511 289 3560 nulls
305 3511 387 3571 portic
404 3511 526 3559 laesionis
543 3511 664 3571 setiam.

120 3597 198 3648 Vm.
217 3596 289 3652 Quod
310 3596 373 3644 mali
394 3597 459 3644 bene
481 3594 648 3643 ministrando
671 3593 721 3640 sibi
742 3595 913 3643 tantammodo
940 3599 1059 3653 noceant,
1086 3609 1132 3643 nec
1154 3597 1286 3646 Ecclesiae
1310 3613 1396 3648 seers-

215 3684 305 3728 ments
322 3681 511 3729 commaculent.

287 3812 585 3877 Gloriosissimo
619 3816 656 3875 et
686 3812 1033 3887 clesrrcrrtissirrrrr'2)
1063 3813 1151 3877 silio
1179 3814 1395 3882 Antistasio

379 3915 556 3998 Augusto
579 3914 820 3977 Anastasius
844 3915 1063 3997 episcopus.

217 4037 247 4098 l.
286 4032 461 4096 Exordium
483 4033 689 4116 pontificatus
712 4033 773 4096 mei
797 4033 942 4116 primitus
959 4033 1067 4096 oblata
1082 4035 1208 4117 populis
1224 4059 1301 4119 pace
1324 4060 1394 4121 pro-

194 4275 217 4342 ⁴)
238 4271 436 4339 Fragmentum
454 4271 521 4323 illud
540 4271 609 4332 dice,
628 4271 702 4338 quod
715 4288 747 4324 ex
760 4271 920 4340 pervetusto
934 4269 1028 4323 codiee
1038 4270 1189 4324 Veronensi
1202 4273 1236 4326 de
1248 4275 1394 4328 Arrastasio

121 4345 154 4398 et
173 4340 193 4395 S
246 4338 494 4417 macho-vulgarit
510 4339 756 4416 Blnncbinuslnot.
776 4339 914 4416 vadorum
941 4338 977 4392 ed
994 4338 1170 4416 Anastasiurn
1192 4342 1259 4394 tom.
1280 4343 1393 4409 libant),

120 4430 162 4482 qu
204 4425 260 4478 que
275 4406 382 4475 Judlcto
401 4407 452 4460 vrri
470 4407 621 4461 doctissimi
639 4408 724 4476 ipsius
742 4407 898 4475 Symmachi
917 4408 1038 4459 aetatem
1057 4407 1178 4474 attingit.

193 4498 216 4563 ¹)
235 4494 281 4547 lta
302 4509 367 4544 mss.
386 4491 419 4544 H.
455 4491 509 4545 Alii
532 4493 627 4559 (etiam
646 4492 737 4559 help)
758 4498 800 4560 qui
821 4497 856 4543 od
878 4497 1007 4545 Dorticum
1029 4498 1205 4559 asiprecerunt.
1247 4495 1325 4558 Quod
1348 4496 1394 4549 ob·

119 4597 220 4645 servo,
245 4576 315 4647 quia
337 4576 462 4629 nonnulli
483 4579 578 4645 patres
601 4576 819 4644 norninatimqne
838 4575 958 4628 Hilarius
976 4597 1077 4644 reperim
1096 4583 1146 4630 Dei
1162 4594 1179 4631 a
1197 4598 1275 4644 reparo
1296 4584 1395 4633 Domini

119 4665 335 4736 distinguentes
352 4658 473 4728 primum
491 4661 526 4714 ad
545 4661 773 4714 resurrectionem
792 4677 877 4728 usque
895 4661 1064 4726 nrriversam,
1082 4662 1200 4715 alteriue
1218 4665 1282 4732 post
1293 4663 1393 4733 spiriti·

118 4754 172 4809 bus
192 4747 287 4806 beatis
307 4744 471 4800 concedunt.
509 4745 563 4799 Sed
580 4746 717 4799 Anastasii
741 4747 832 4799 textus
850 4752 992 4815 nequead
1009 4751 1087 4799 Derras
1105 4763 1193 4814 neque
1212 4755 1248 4801 ad
1265 4754 1393 4802 bornicum

116 4837 256 4910 posterlat.

185 4926 207 4994 r)
226 4920 281 4975 ΗΜ
299 4918 523 4970 excellentissimo.
