3204 5506
231 329 293 393 922
672 343 699 391 s.
716 341 923 391 noeumane
945 343 1059 391 rarae

124 515 217 566 atro.
231 499 322 584 rique
344 497 510 584 praedicti.
555 497 630 562 Non
652 499 702 561 est
723 518 800 582 ergo
822 518 929 582 grave,
954 497 1037 581 quod
1059 497 1162 562 suasit
1171 498 1198 585 6)
1222 500 1332 563 vestra
1353 498 1448 584 sedes,
1469 504 1498 566 ut

140 1181 196 1240 ar.

229 603 381 688 praestet.

316 704 347 768 3.
387 703 472 768 illud
501 703 599 767 etiarn
626 702 729 787 magis
756 703 921 788 magisque
949 702 1168 786 deposcimus,
1205 707 1243 768 ut
1271 706 1329 768 tua
1357 706 1497 770 sanctitas

233 809 388 890 concepta
403 806 507 891 gratia
522 804 662 887 coelesti,
679 805 762 889 quod
777 805 991 889 praetendunt
1003 804 1186 871 Orientales
1200 806 1355 891 episcopi,
1371 811 1497 873 uacua

232 909 399 992 dignetur,
429 929 600 992 eorumque
622 906 696 970 fidei
720 909 955 990 competentem
976 908 1129 991 praebere
1157 929 1363 974 consensum.
1407 908 1496 975 Nobis

232 1010 352 1074 etenim
375 1010 508 1092 videtur,
533 1009 682 1094 quoniam
704 1007 804 1072 Filias
827 1008 887 1072 Dei
910 1008 972 1072 vivi
995 1008 1151 1073 Dominus
1175 1013 1287 1076 noster
1308 1010 1403 1076 Jesus
1418 1011 1496 1078 Chri·

120 1106 218 1161 1Petr.
232 1115 300 1176 stus
322 1132 361 1175 ex
389 1111 515 1196 virgine
537 1110 640 1174 Maria
667 1114 778 1194 natus,
810 1133 904 1195 quem
930 1111 1093 1195 praedicat
1121 1134 1266 1176 summus
1294 1113 1496 1197 apostolorum

232 1234 328 1279 carne
347 1234 487 1296 passam,
516 1214 602 1276 recte
625 1212 742 1277 dieitur
764 1234 846 1277 unus
869 1212 904 1276 in
926 1212 1084 1278 Trinitate
1108 1235 1180 1278 cum
1202 1213 1301 1278 Patre
1325 1214 1495 1300 Spirituque

232 1319 343 1380 sancto
375 1337 521 1400 regnare.
572 1312 662 1379 Sicut
689 1320 775 1382 enim
803 1319 928 1383 videtur
960 1315 1147 1401 ambiguum
1180 1317 1287 1381 dicere
1320 1316 1495 1401 simpliciter

232 1439 324 1483 renum
347 1424 385 1482 de
409 1422 567 1495 Triniiaic,
592 1439 657 1481 nan
673 1421 847 1506 praemisso
862 1418 992 1485 nomine
1007 1417 1138 1482 Domini
1160 1419 1267 1483 nostri
1281 1418 1304 1483 J
1306 1441 1362 1484 esu
1377 1419 1492 1501 Christi,

232 1521 279 1584 sic
301 1520 369 1603 ejus
391 1530 560 1603 personam
582 1519 616 1583 in
631 1521 790 1587 Trinitnte
812 1544 884 1587 cum
899 1521 1005 1587 Patris
1020 1518 1222 1605 spiritusque
1243 1521 1350 1586 sancti
1364 1523 1493 1606 personis

232 1644 298 1686 non
321 1621 502 1686 dubitamus
525 1643 607 1706 esse3
631 1624 699 1688 sine
715 1624 834 1690 Christi
856 1645 993 1709 namque
1014 1644 1150 1707 persona
1171 1644 1234 1688 nee
1257 1623 1346 1689 credi
1367 1624 1493 1688 Trinitas

232 1723 381 1808 religiose
402 1726 509 1808 potest
537 1747 597 1790 nee
619 1727 742 1791 edormi
769 1726 922 1809 fideliter,
952 1724 1218 1811 quemadmodum
1241 1730 1373 1790 sanctus
1394 1726 1490 1810 Augu-

234 1826 337 1890 stinus
360 1825 455 1909 ait⁷):
482 1832 531 1891 An
553 1836 657 1908 aliqua
679 1851 719 1894 ex
744 1833 893 1894 Trinitaie
910 1848 1065 1909 perseum·
1094 1826 1211 1892 etalio
1241 1827 1330 1893 loco:
1360 1832 1444 1893 Solus
1466 1835 1490 1892 ir

236 1932 384 1997 Trinitate
404 1949 516 2008 eorpus
537 1938 670 2011 aceepii;
694 1933 727 1995 et
747 1930 912 2016 iarumsp
938 1936 1021 1996 Unus
1043 1936 1143 1994 iriam.

317 2028 348 2094 4.
381 2028 544 2115 Rogamus
566 2033 667 2117 igitur
687 2033 950 2099 reverendissime
978 2033 1153 2096 salutantes
1160 2081 1169 2114 ,
1198 2034 1236 2096 ut
1263 2032 1365 2096 futuri
1392 2032 1489 2116 judieii

233 2154 405 2214 memores,
436 2155 561 2197 causam
583 2134 691 2200 taliter
712 2136 884 2218 ordinetis,
915 2157 956 2200 ne
979 2134 1053 2218 quid
1076 2133 1286 2198 dubitationis
1309 2134 1489 2219 relinquatur

233 2234 267 2299 in
295 2237 472 2319 posterum:
504 2241 661 2321 quatenus
689 2240 777 2302 omni
804 2237 953 2322 scrupulo
983 2236 1210 2300 discordiarum
1243 2235 1384 2327 sublato,
1415 2236 1488 2320 pacis

234 2336 430 2401 desideratae
457 2359 515 2421 per
542 2341 651 2405 orbem
679 2344 782 2406 totum
804 2339 932 2404 vincula
953 2341 1165 2421 renoventur,
1195 2342 1229 2402 et
1255 2338 1487 2404 venerandarum

233 2439 346 2503 floreat
367 2439 571 2505 ecelesiarum
593 2443 771 2526 concordia,
796 2442 998 2526 corporisque
1020 2441 1115 2504 unius
1136 2440 1171 2505 in
1193 2440 1368 2524 pristinum
1387 2443 1486 2505 statum

233 2542 376 2605 membra
390 2542 628 2626 recolligantur.
659 2545 718 2610 Ille
734 2566 871 2629 namque
886 2543 1026 2609 medicus
1045 2544 1118 2627 jure
1133 2543 1293 2622 laudatur,
1316 2543 1369 2628 qui
1383 2546 1485 2608 veteres

234 2643 452 2728 aegritudines
475 2645 521 2709 ita
543 2668 654 2712 sanare
678 2647 882 2732 deproperat,
912 2649 949 2710 ut
970 2668 1008 2709 ex
1030 2645 1081 2709 his
1103 2666 1186 2710 nova
1209 2645 1343 2710 vulnera
1364 2667 1425 2711 non
1443 2667 1484 2709 ua·

234 2748 372 2810 scantin.
419 2745 607 2830 Specialiter
637 2772 713 2834 ergo
744 2750 917 2833 eognoscat
944 2750 1048 2811 vester
1077 2747 1293 2831 aposmatus,
1324 2746 1484 2833 compositis

234 2848 353 2912 eisdem
369 2848 491 2913 duobus
508 2851 666 2934 capitulis
683 2851 848 2916 universos
864 2850 1043 2915 sacerdotes
1058 2850 1150 2914 istius
1162 2849 1358 2934 reipublicae
1369 2850 1484 2914 libenter

234 2949 385 3034 amplecti
418 2955 557 3015 vestram
590 2955 854 3018 communionem.
900 2954 1044 3036 Accepta
1071 2949 1133 3015 XV
1159 2950 1317 3017 Calendas
1345 2951 1482 3032 Octobris,

234 3053 366 3119 Rustico
389 3054 456 3118 viro
479 3053 652 3120 clarissimo
675 3056 815 3120 consule.

302 3295 323 3360 ⁶)
341 3292 401 3346 Hoc
419 3295 473 3361 est,
492 3293 523 3347 ut
538 3294 568 3347 id
585 3296 679 3349 restra
696 3293 774 3349 sedes
791 3293 929 3364 praestet,
952 3292 1027 3362 quod
1044 3291 1107 3362 ipsa
1124 3291 1222 3359 suasit,
1245 3291 1303 3346 scil.
1322 3289 1484 3346 Anmtasiiii

235 3377 353 3446 epistola
372 3384 384 3430 l
403 3395 552 3447 perperam
569 3379 720 3434 intellecta.

205 3520 210 3527 ,
302 3466 323 3529 ⁷)
342 3461 404 3516 Scit.
425 3464 459 3517 de
478 3463 575 3517 Trinit.
595 3465 632 3530 ΙΙ,
651 3471 711 3519 911.
732 3470 776 3531 lo,
795 3464 872 3533 cqjus
891 3462 976 3520 etiam
994 3463 1081 3517 verba
1098 3429 1296 3517 anticedentis
1313 3464 1343 3517 et
1360 3459 1485 3529 ecquem

235 3547 374 3602 Johannes
392 3547 547 3603 Maxentius
570 3549 599 3602 in
623 3549 795 3619 professione
814 3549 848 3604 de
867 3549 976 3604 Christo
993 3549 1101 3619 profert
1118 3546 1146 3600 in
1163 3547 1238 3600 huno
1254 3547 1380 3602 modum:
1414 3550 1484 3601 iim

234 3639 372 3686 indisereta
391 3637 460 3686 Deus
477 3642 629 3703 opprimeris
646 3638 762 3703 patribus
780 3642 887 3697 nostrie,
911 3647 1045 3704 antequam
1063 3636 1179 3685 ciricius
1197 3639 1295 3686 evenerit
1312 3638 1338 3686 ia
1355 3651 1438 3693 earne,
1455 3650 1484 3682 οι

235 3723 343 3786 aliqua
362 3738 400 3771 erc
419 3722 579 3774 Triniiuie
594 3739 747 3788 persone,
768 3741 801 3772 aa
819 3725 963 3788 sinpiiiaiim
982 3726 1056 3790 quasi
1070 3738 1120 3787 per
1131 3723 1213 3775 vicere
1231 3716 1299 3771 item
1317 3716 1385 3770 illud
1397 3733 1449 3786 cap.
1461 3721 1485 3768 1⁰

235 3821 261 3856 11.
277 3809 321 3857 19:
341 3806 430 3871 Neque
442 3808 481 3856 iic
494 3825 555 3871 erpo
568 3812 697 3858 euidenter
709 3815 834 3873 apparet,
853 3818 934 3858 uirrrm
953 3812 1038 3874 aliqua
1050 3824 1085 3858 ex
1101 3807 1228 3856 Triniioie
1244 3822 1371 3870 parona,
1389 3822 1420 3854 aa
1431 3804 1485 3853 Bere

235 3895 290 3956 ipse
311 3892 425 3942 Trinitas
495 3896 561 3943 visio
580 3896 669 3957 faerit.
705 3889 808 3944 Verum
827 3890 881 3943 duo
898 3889 940 3943 illi
957 3888 1010 3944 loci
1027 3888 1062 3941 iis
1079 3888 1173 3959 potius
1190 3887 1340 3953 favebant,
1357 3885 1403 3955 qai
1412 3885 1485 3938 nem

234 3975 357 4029 Verbum
376 3995 448 4027 unam
467 3994 501 4028 ea
523 3978 646 4029 Triniiuie
662 3995 798 4043 personam
816 3975 959 4030 malebant
976 3971 1145 4044 praedicari3
1165 3988 1199 4025 ex
1215 3969 1304 4040 iisque
1317 3970 1385 4025 nihil
1396 3966 1486 4024 confici

234 4062 280 4113 tur
298 4060 429 4114 adversus
447 4075 506 4124 eos,
526 4075 594 4127 quos
613 4060 767 4114 Maxentius
785 4078 907 4131 respons.
927 4060 963 4114 ad
981 4058 1158 4114 Hormisdam
1177 4055 1306 4125 sugillat,
1326 4055 1372 4125 qui
1385 4073 1487 4109 umes

239 4150 363 4199 Trinitate
380 4144 487 4214 pariter
504 4161 627 4199 asserere
645 4145 842 4200 formidabant.

303 4234 323 4298 ⁵)
343 4229 420 4283 Idem
437 4228 593 4284 Maxentius
610 4231 671 4284 loco
690 4231 776 4285 citato
793 4232 944 4301 postquam
962 4229 1117 4301 praemisit:
1136 4248 1183 4282 nec
1200 4234 1265 4282 enim
1283 4231 1388 4282 eeneii
1402 4229 1486 4281 nuri.

235 4323 278 4385 qai
295 4336 341 4370 nos
358 4319 548 4383 reprehendere
565 4325 674 4378 tentant,
695 4320 808 4370 dicentes
825 4336 855 4370 eo
874 4323 941 4385 qnod
957 4321 1105 4370 Trinitatem
1122 4319 1238 4368 dividere
1257 4324 1307 4373 esi,
1328 4316 1443 4366 Cier'sirn
1457 4313 1488 4362 ii

234 4421 293 4455 cere
305 4422 381 4455 unam
393 4421 428 4455 ex
444 4404 584 4460 Triniiaie:
603 4422 674 4470 quam
687 4414 711 4454 ei
729 4422 769 4455 esc
789 4406 844 4455 Tri
849 4409 880 4455 ni
886 4413 963 4464 ieie,
982 4412 1007 4455 ei
1019 4406 1088 4470 qnod
1098 4405 1205 4468 amplius
1217 4410 1267 4457 eat.
1287 4417 1363 4452 unas
1380 4401 1487 4450 trisne

234 4491 308 4540 becio
327 4491 468 4555 Aupresiino
492 4491 583 4539 dietum
600 4493 647 4540 sii:
670 4487 742 4541 hanc
760 4487 853 4541 subdit
871 4485 1024 4541 Enchiridii
1041 4503 1063 4539 c.
1082 4489 1115 4540 38
1133 4481 1314 4538 sentcntiam:
1345 4485 1418 4546 Quum
1433 4485 1487 4532 idn

235 4582 390 4632 mentorem,
410 4592 482 4641 qaam
505 4576 584 4641 Virpo
603 4579 718 4639 coacepit
736 4585 761 4626 ei
776 4578 892 4641 peperit,
917 4577 1026 4641 queraris
1044 4576 1079 4623 ad
1095 4576 1174 4623 seiani
1191 4573 1254 4622 Filii
1267 4587 1404 4636 perronam
1418 4568 1485 4634 perii·

235 4667 344 4715 aerriem.
364 4668 419 4710 ecia
435 4661 548 4710 Trinitas
559 4662 665 4723 fecerit:
683 4665 840 4727 nequeenim
857 4662 1014 4725 separabilia
1031 4667 1089 4709 sard
1107 4674 1188 4723 opera
1205 4657 1355 4714 itinieaiiu
1371 4671 1415 4704 eur
1429 4656 1485 4702 ire·

232 4746 355 4804 ferienda
375 4747 576 4795 solaecismus
598 4742 661 4811 (leg.
682 4746 794 4810 Spiritus
817 4747 929 4810 sanctos)
952 4748 1092 4796 nonrinaias
1110 4746 1168 4794 esi?
1202 4744 1248 4794 Aa
1265 4750 1292 4793 ei
1309 4743 1407 4808 quando
1423 4750 1485 4788 ιω

236 4830 325 4876 iriam
344 4831 368 4877 in
386 4832 470 4895 aliquo
489 4846 568 4893 opere
587 4834 739 4892 nominatur,
759 4835 891 4883 universae
903 4848 984 4898 opera
996 4832 1143 4894 inieiir'piiur
1158 4829 1293 4880 trinitatis
1311 4823 1374 4894 (leg.
1385 4825 1485 4875 urium

235 4917 342 4977 operari
358 4915 504 4977 inieiirpr'iur
526 4915 666 4980 Triariam?
