3204 5506
196 351 259 416 200
658 370 686 417 s.
701 368 868 417 sxnrurcn
891 369 1005 416 aaran

90 534 184 583 aare
197 522 306 608 ordo²)
328 525 485 605 constare,
515 522 643 607 longius
666 546 685 586 a
707 527 773 587 tam
797 523 962 606 praeclara
986 524 1115 588 civitate
1138 524 1289 608 relegari,
1314 544 1359 588 ne
1389 523 1479 589 infir·

197 624 340 703 miorisll
364 624 437 687 fidei
461 625 583 708 aliquos
605 624 689 688 forle
712 625 853 707 seducat,
878 629 910 689 et
926 626 960 689 iu
976 626 1086 689 eadem
1102 626 1247 711 ecelesia,
1271 626 1363 711 quod
1379 625 1479 709 absit,

196 748 277 810 quae
300 728 429 810 sopistis
458 726 609 790 scandala
638 748 745 789 rursus
773 727 926 812 exagitet.
972 728 1137 793 Probastis
1164 728 1198 792 in
1223 749 1361 814 corpore
1385 728 1478 793 illum

198 829 287 892 vobis
309 829 459 893 dexterae
482 851 556 892 sarae
579 829 702 892 dedisse
725 829 929 913 praesidium,
954 832 1005 914 qui
1030 829 1070 894 ad
1092 830 1191 895 totius
1214 830 1302 894 orbis
1318 829 1480 916 gandium

198 936 230 993 et
252 932 285 994 in
309 930 473 994 Ecclesiae
496 930 685 1003 universalis
708 931 954 996 exsultationem
977 934 1010 996 in
1033 936 1139 998 vestra
1161 932 1337 997 clementia
1360 931 1480 997 Roma·

197 1029 274 1097 rium
302 1038 409 1097 servat
435 1034 614 1117 imperium.
665 1033 785 1118 Datal)
808 1033 885 1098 XVI
909 1035 1066 1101 Calendas
1094 1034 1286 1099 Novembris
1320 1035 1389 1099 Illo
1411 1035 1481 1099 viro

198 1135 373 1200 clarissimo
396 1136 535 1200 consule.

694 1322 876 1426 Epistola
904 1323 958 1406 13.

63 1454 145 1503 a478
158 1448 184 1501 d.

71 1515 173 1572 ΠΜ
311 1473 488 1558 Simplicii
515 1493 624 1559 [rapae
647 1476 689 1541 ad
713 1475 881 1577 leucium
906 1477 1364 1559 Constantinopolitanum.

251 1616 284 1667 Ut
304 1617 413 1665 Aeacius
432 1616 535 1665 Petrum
553 1616 671 1679 Monpam
688 1616 829 1681 proculab
849 1618 1030 1667 Alexandrian
1047 1619 1151 1681 regione
1167 1632 1218 1681 per
1235 1618 1425 1680 imperatorem
1487 1637 1522 1701 ps

717 1702 851 1750 amandari
868 1708 949 1750 curet.

353 1834 590 1918 Simplicius
624 1818 1013 1917 episcopusAeacio
1047 1834 1234 1918 episcopo
1271 1834 1480 1900 Constan-

365 1971 369 1979 ·
444 1936 731 2019 tinopolitano

286 2056 434 2120 Proxime
465 2054 591 2138 quidem
620 2055 783 2118 dilectioni
813 2046 897 2137 tuae,
932 2055 1115 2139 petentibus
1137 2055 1198 2137 his,
1227 2055 1282 2139 qui
1312 2055 1355 2119 ad
1380 2077 1482 2121 noss

200 2159 299 2223 fratre
323 2163 355 2223 et
380 2159 566 2241 coepiscopo
588 2160 698 2220 nostro
719 2156 886 2220 Timotheo
903 2157 1141 2221 Alexandrinae
1157 2156 1312 2221 ecelesiae
1330 2157 1482 2223 antistite

200 2261 314 2325 directi
341 2261 487 2342 fuerant,
526 2280 691 2324 commune
720 2258 871 2343 gaudium
900 2257 1018 2322 litteris
1046 2258 1202 2340 indicavi,
1238 2262 1272 2322 et
1299 2258 1342 2323 de
1371 2259 1482 2325 fructu

199 2362 334 2446 piissimi
364 2363 485 2445 operis,
526 2361 608 2445 quod
637 2359 813 2424 catholicus
842 2364 1036 2424 memoratae
1070 2360 1222 2424 ecelesiae
1250 2363 1405 2425 sacerdos
1434 2364 1483 2426 est

200 2463 380 2545 restitutus,
416 2463 539 2547 pariter
561 2485 619 2526 nos
642 2461 781 2547 gaudere
803 2462 991 2544 memoravi3
1014 2462 1094 2546 quod
1119 2483 1357 2546 huncquoque
1380 2463 1482 2549 signi·

200 2566 297 2629 ficare
325 2565 582 2649 properavimus,
617 2568 652 2627 ut
680 2584 872 2647 agnosceres
903 2563 1021 2647 gaudia
1054 2564 1217 2627 silentium
1250 2585 1319 2630 non
1358 2586 1481 2631 amare.

200 2666 294 2731 Unde
318 2688 442 2750 semper
471 2667 634 2730 exsultans
667 2669 699 2728 et
727 2664 907 2729 orationum
937 2665 1150 2729 communium
1173 2665 1307 2750 cupiens
1332 2669 1413 2731 vota
1435 2689 1484 2731 so·

202 2768 290 2850 ciari,
315 2768 434 2850 hortor,
458 2768 560 2832 frater
583 2768 756 2850 carissime,
780 2771 817 2831 ut
839 2768 932 2831 rebus
955 2788 1012 2851 per·
1036 2765 1323 2831 clementissimum
1339 2772 1375 2833 ct
1389 2767 1484 2835 Chn'·

202 2871 438 2934 stianissimum
466 2870 646 2954 principem
674 2868 743 2933 Deo
772 2874 900 2933 auctore
929 2870 1112 2953 compositis
1144 2868 1336 2953 diligentiae
1365 2870 1485 2937 sollici·

202 2973 278 3037 tudo
300 2995 364 3036 non
388 2972 484 3054 desit,
508 2971 562 3035 sed
586 2971 700 3035 Petrus
724 2972 765 3034 ab
787 2971 931 3035 indebito
954 2971 1014 3035 sibi
1037 2971 1157 3034 honore
1172 2970 1329 3053 dejectus,
1354 2971 1392 3036 in
1408 2972 1484 3038 Ala

201 3074 360 3138 xandrina
387 3075 519 3159 regione
549 3095 612 3137 non
643 3073 769 3136 sinatur
791 3071 954 3155 habitare,
984 3072 1039 3136 sed
1067 3056 1176 3156 procul
1205 3074 1299 3136 extra
1323 3074 1485 3140 terminos

201 3176 337 3260 patriae,
361 3175 445 3240 sicut
468 3176 565 3240 etiam
588 3197 646 3238 nos
669 3175 881 3258 poposcimus,
911 3174 1072 3258 frequenti
1099 3195 1169 3237 eum
1193 3173 1339 3258 postules
1363 3197 1484 3265 sugge-

203 3278 306 3342 stione
334 3277 481 3362 relegari‚
512 3300 552 3341 ne
581 3299 658 3361 quos
688 3277 942 3363 imperitorum¹)
971 3276 1142 3361 pravitatis
1170 3297 1247 3340 suae
1268 3279 1485 3361 persuasione

203 3380 335 3444 seducat
368 3385 401 3443 et
428 3402 447 3442 a
476 3379 653 3443 catholicae
682 3378 812 3443 tramite
835 3379 980 3442 veritatis
1004 3380 1139 3442 invertat.
1185 3376 1350 3463 Quidquid
1374 3384 1485 3447 autem

271 3568 291 3631 ²)
311 3565 386 3618 Haec
408 3566 495 3618 rerba
518 3565 653 3619 Baronius
681 3565 722 3618 ita
747 3563 961 3633 interpretatur:
989 3568 1064 3617 Inter
1087 3569 1223 3635 aliuy'dad
1240 3563 1432 3636 (Simplicius)
1454 3573 1486 3623 de

203 3658 310 3705 scelesto
329 3655 425 3703 luendae
443 3656 544 3718 prodit,
568 3656 636 3719 quod
653 3661 809 3718 arroquuter
827 3655 971 3717 episcopum
993 3660 1083 3718 opere!
1101 3653 1321 3715 Alexandrinum,
1346 3672 1422 3721 quen
1441 3672 1486 3709 nee

203 3747 322 3789 constare
340 3746 427 3802 posset
445 3741 588 3788 ordinatum
606 3741 743 3804 aliquando
760 3740 840 3798 firmae
859 3740 999 3788 diaconion.
1019 3732 1072 3787 Sed
1087 3751 1120 3788 ex
1131 3739 1210 3801 pestis
1222 3739 1255 3787 de
1268 3741 1372 3791 ποικίησ
1383 3742 1485 3798 Aeaeae

203 3820 232 3873 in
251 3819 350 3887 quibus
368 3822 397 3873 et
414 3820 486 3872 hune
499 3820 620 3879 Petrum,
640 3820 706 3872 dum
719 3818 809 3872 adhuc
822 3820 896 3873 esset
909 3819 1050 3883 diaconus,
1068 3834 1199 3872 unacum
1211 3817 1367 3874 Timotheo
1380 3821 1486 3877 Aeluro

203 3923 221 3959 a
233 3904 358 3958 Proterio
378 3904 540 3958 damnatum
559 3920 617 3958 esse
636 3904 765 3969 traditur,
783 3904 875 3957 verior
894 3902 999 3957 eruitur
1018 3902 1180 3957 eorumdem
1198 3903 1355 3958 verborum
1374 3922 1486 3961 sensus

204 4007 304 4059 nempe
323 4008 403 4042 suum
422 3997 447 4042 in
466 3996 603 4044 dissecrata
622 3995 735 4042 ordinem
753 3989 837 4042 Petro
861 3999 909 4042 aaa
932 3994 1082 4050 construere,
1107 4002 1162 4041 non
1184 3987 1260 4056 quod
1279 3987 1396 4046 incerte
1413 3993 1488 4047 esset

205 4075 264 4143 ejus
283 4074 429 4138 ordinatio,
453 4074 502 4127 sed
521 4074 596 4142 quod
614 4073 761 4126 damnatus
785 4090 799 4126 c
819 4073 907 4141 gradu
927 4088 976 4124 suo
995 4072 1145 4126 deciderat.
1182 4072 1226 4125 ne
1243 4072 1390 4129 intellexit
1407 4076 1487 4132 lube

204 4163 280 4213 ratus
298 4159 417 4214 breviar.
438 4177 452 4212 c
474 4165 512 4221 16,
531 4157 577 4212 ubi
597 4157 768 4226 Simplicium
787 4157 956 4226 significasse
975 4157 1022 4222 ait,
1043 4163 1145 4210 Petram
1158 4161 1277 4227 Mouguar
1295 4163 1327 4212 ia
1346 4165 1487 4216 nimam

205 4266 261 4299 esse
280 4251 431 4298 denariatam.

272 4332 293 4396 ⁸)
312 4330 345 4383 G'
367 4331 395 4383 et
412 4327 486 4395 vulg.
500 4334 657 4394 infirmiores.
684 4327 844 4393 Lugendum
864 4344 921 4381 esse
940 4333 1092 4394 infirmioris.
1110 4325 1198 4394 liquet
1216 4343 1250 4380 ex
1268 4328 1417 4398 superiori
1434 4330 1489 4402 epi-

206 4415 278 4468 stola
298 4421 337 4480 ll,
357 4413 405 4466 uhi
423 4413 497 4465 idem
516 4410 672 4466 haeret-icus
684 4411 868 4466 Alexandriae
887 4419 985 4481 aliquos
1002 4418 1115 4466 nzodr'coe
1129 4417 1194 4477 fidei
1210 4410 1327 4468 inlicere
1346 4415 1489 4471 scribitur.

272 4501 293 4563 ⁴)
313 4499 346 4551 (3¹
366 4505 430 4552 data
448 4502 523 4553 irth'
544 4502 601 4552 lilr.
622 4495 739 4552 navent.
764 4503 819 4550 illus
838 4499 868 4551 uc*
888 4500 944 4563 ess,
966 4496 1072 4566 vulgati
1090 4502 1153 4550 data
1173 4500 1197 4549 Χ
1217 4501 1306 4550 Cae...
1345 4498 1489 4555 Ominum

207 4583 289 4637 fuisse
312 4588 353 4636 VI
370 4582 457 4637 suasit
475 4582 599 4635 subnexa
617 4581 737 4651 epistola
757 4588 799 4646 133
819 4584 965 4650 utramque
985 4582 1058 4635 enim
1076 4580 1157 4634 simul
1176 4581 1337 4650 eodemque
1354 4585 1489 4657 tempore

207 4669 301 4721 datam
320 4684 379 4721 esse
397 4667 493 4735 liquet.
531 4667 612 4720 Certe
631 4667 653 4719 si
672 4667 845 4721 retinendum
870 4668 941 4720 esset
961 4672 997 4728 X,
1025 4668 1095 4721 haec
1117 4665 1238 4735 epistola
1259 4670 1397 4737 sequenti
1414 4674 1490 4742 post·

206 4753 338 4822 ponenda
356 4755 437 4806 esset.

277 4839 294 4902 ¹)
314 4837 339 4890 h.
354 4854 376 4890 e.
397 4858 427 4891 ne
446 4858 508 4908 quos·
524 4843 708 4906 n'ruplict'orum,
737 4854 785 4891 seu
804 4839 833 4891 ut
851 4838 879 4891 in
897 4836 1024 4908 proxima
1042 4835 1161 4907 epistola
1178 4835 1350 4908 legebamus
1374 4862 1409 4897 ne
1427 4860 1489 4914 qm

208 4929 352 4992 infimioris
367 4929 437 4992 fidei.
