3204 5506
383 364 555 415 nrrsronr
578 354 629 415 40.
1079 341 1142 416 823

100 542 116 583 ν
144 517 200 584 καὶ
227 523 286 602 τῆς
308 514 481 603 ὑπομονῆς
532 522 616 584 tutes
645 521 677 583 ct
703 518 828 584 labores
855 518 982 584 lancem
1008 521 1139 607 retinet,
1153 544 1177 581 ο.
1190 531 1247 582 518.

100 625 219 698 σκαλος
240 620 407 704 ἀνῆλθεν,
442 622 480 686 ἐν
531 624 621 686 stans
655 623 767 686 contra
798 643 923 686 venena
954 621 1140 712 furentium,

100 727 139 787 ὃν
154 720 374 806 ὑποδείγματι
392 722 480 789 ἐκεί·
530 726 568 787 ut
599 723 775 787 secundum
809 724 1040 807 persecutionis
1076 727 1142 794 iras

100 828 170 890 ελλε
183 827 336 908 βοηθεῖν.
369 821 481 901 Αάτδς
531 825 596 889 illis
618 825 740 891 aeterni
762 826 889 909 imperii
917 825 972 891 det
995 849 1138 896 coronas.

106 924 238 1009 ἀρετῶν
260 926 407 991 καὶτῶν
422 926 481 991 αό-
532 925 714 1011 Revolvitc,
738 928 850 1012 quau)
872 927 1141 998 Machabaeorum

100 1027 150 1093 ιόν
171 1027 311 1111 κατέχει,
346 1027 478 1114 ἱστάμε-
532 1030 635 1094 exitus
668 1030 848 1114 pertinaces
881 1033 971 1095 vetus
1006 1033 1141 1099 historia

100 1134 134 1194 iv
167 1132 378 1214 δηλητηρίων
412 1135 480 1195 τῶν
531 1132 625 1196 lende
668 1133 884 1217 persequitur,
935 1155 997 1217 quo
1040 1134 1140 1201 Judas

101 1232 159 1296 ἵνα
181 1230 264 1296 κατά
287 1229 349 1316 την
372 1228 480 1316 ἀργήν
533 1234 613 1320 ct¹⁵)
642 1233 699 1298 ille
726 1256 874 1320 suprema
900 1234 1041 1300 fidelium
1062 1237 1141 1322 pha-

100 1338 104 1386 i
126 1330 227 1411 αὐτὸς
249 1333 307 1421 οιαὶΙ
326 1338 384 1418 τῆς
399 1334 481 1398 αίω-
531 1335 608 1400 lanx
629 1337 742 1401 mortis
770 1336 890 1403 honore
911 1337 1079 1423 referatur,
1106 1341 1141 1405 in

100 1439 147 1513 ίας
179 1433 258 1513 τούς
291 1435 481 1520 στεφάνους
531 1441 652 1523 quanto
679 1460 733 1503 ore
760 1439 804 1503 sit
825 1442 975 1504 constans
1005 1441 1141 1525 populus

100 1542 363 1621 ἀναλογίσασθε,
400 1541 480 1603 ποία
530 1540 565 1604 in
586 1545 696 1605 monte
719 1544 937 1626 consumptus.
972 1541 1063 1627 nte)
1079 1541 1140 1608 hae

100 1643 174 1705 τίων
202 1638 222 1724 ἡ
251 1640 381 1722 ἔξοδος,
410 1651 480 1717 τοῖς
531 1664 641 1707 omnes
668 1665 726 1727 pro
749 1643 956 1709 custodienda
985 1642 1057 1729 lege
1080 1645 1140 1709 vir-

100 1739 241 1827 ἡπάλη,
266 1743 395 1823 ίστορία
410 1746 479 1807 τῶν
530 1748 631 1828 tutcs3
665 1745 787 1829 species
820 1749 854 1811 et
879 1745 993 1809 umbre
1018 1747 1139 1812 futuro·

100 1844 223 1926 εἰιεται,
251 1847 331 1930 τιοίηι
350 1842 479 1921 Ἰούδας
529 1867 601 1911 rum
633 1850 726 1911 tante
762 1849 907 1932 exempla
939 1854 1139 1914 meruerunt:

121 1943 281 2028 ἀδελφῶν
303 1942 323 2030 ἡ
347 1945 477 2029 φάλαγξ
529 1969 588 2012 nos
614 1949 649 2013 in
670 1949 815 2034 patribus
842 1949 995 2033 vidimus,
1029 1951 1140 2036 palpu-

100 2052 127 2133 p}
150 2046 409 2131 ἀναγορεύεται,
439 2047 477 2112 ἐν
529 2050 648 2134 vimus,
671 2051 890 2134 probavimus,
914 2073 1008 2136 quem
1029 2074 1139 2138 sequa·

100 2150 256 2233 πόμασιν
276 2146 390 2226 ὁλαδς
405 2146 422 2213 δ
439 2148 478 2214 ἐν
528 2173 609 2216 mur.
655 2151 737 2228 Quid
765 2175 831 2217 non
859 2153 1065 2219 deferendum
1090 2158 1140 2220 est

100 2255 243 2328 ιλωθείς.
289 2252 356 2315 Καὶ
379 2242 477 2315 αὗται
529 2253 599 2317 rei?
638 2254 719 2330 Quid
742 2255 966 2342 denegandum
988 2259 1037 2321 cst
1058 2258 1138 2321 veri-

100 2353 213 2437 νάμεις
234 2351 320 2437 ὑπὲρ
343 2356 401 2436 τῆς
417 2356 479 2417 τοῦ
528 2357 614 2420 tati?
643 2357 725 2434 Quid
747 2379 814 2422 non
839 2357 982 2423 debitum
1004 2358 1138 2423 Redem-

100 2460 169 2539 ιῆς,
203 2453 394 2540 ὁμοιώματα
422 2455 478 2519 καὶ
530 2458 638 2542 ptori?

100 2558 244 2622 λλόντων
255 2548 366 2640 οὖσαι,
378 2554 479 2641 ἠξιώ-

100 2660 274 2745 λειγμάτων
289 2658 476 2725 τοσούτων·

100 2786 113 2838 ς
135 2761 302 2846 πατράσιν
326 2761 478 2846 ἑωράιια-

100 2863 244 2948 η’σαμεν,
274 2863 476 2949 ἐδοκιμάσα-

109 2964 399 3051 ἀκολουθήσομεν.
440 2971 483 3031 Τί

100 3082 134 3144 ζει
156 3071 197 3153 τῇ
219 3064 398 3141 incoctam
440 3071 483 3132 Τί

113 3166 289 3254 ἀληθείας;
344 3172 387 3247 Τι’
417 3167 480 3234 οὐκ

100 3274 301 3357 ἔλυτρωτῇ;

100 3476 139 3531 [δ’.
170 3478 197 3530 a¹
217 3495 280 3545 quas
341 3481 435 3530 laudes.
466 3476 538 3530 Hinc
556 3475 585 3529 et
601 3473 804 3541 restituendum
820 3473 849 3527 in
868 3489 969 3542 graeco
987 3477 1060 3545 ποίῳ
1073 3483 1138 3539 ταῖς

100 3582 127 3615 ον
150 3556 261 3627 ἐξόδοις
284 3567 465 3630 ααρτεριααῖς
487 3557 505 3631 ἡ
529 3562 641 3613 ιιαλαία
664 3556 776 3626 ἱστορία
798 3561 836 3632 τῷ
858 3555 966 3632 ἐπαίνῳ
986 3554 1136 3627 ἕφέτιεται.

100 3645 232 3716 iptionem
255 3648 364 3699 secutus
382 3645 519 3716 interpres
541 3644 627 3699 latine
644 3645 674 3697 in
692 3643 757 3697 edit.
778 3642 873 3698 concil.
899 3642 938 3698 sic
961 3661 1023 3699 eam
1047 3645 1137 3699 reddi-

100 3737 259 3785 thebaeorum
281 3737 377 3791 exitus,
403 3752 466 3801 quae
490 3735 593 3784 luctatio
616 3732 796 3791 tolerantibus,
821 3750 885 3798 qnae
907 3733 1015 3783 historia
1038 3736 1137 3784 ίαιιιίαιιι

100 3834 113 3871 ο
132 3815 270 3870 consentit
287 3815 314 3881 b,
332 3814 384 3869 nisi
402 3815 477 3884 quod
494 3816 654 3885 postremae
671 3813 753 3882 hujus
772 3813 925 3871 sentcntiae
938 3813 1000 3868 loco
1011 3815 1138 3884 reposuit

100 3909 128 3956 ιίι
146 3922 190 3956 eos
207 3907 283 3955 laude
301 3911 439 3969 prosecuta
457 3912 503 3955 est.

100 3988 218 4057 placeret
236 3987 311 4055 quod
329 3987 403 4055 apud
421 3985 488 4039 bcc
506 4001 540 4038 ex
557 3999 659 4054 graeco
677 3999 837 4053 expressum
849 3985 903 4038 cst:
922 3994 948 4038 et
965 3991 1009 4038 ἰίία
1024 3989 1137 4052 fratrraem

100 4080 275 4141 praedicatur.
305 4072 370 4125 Mox
381 4072 400 4125 b
413 4082 437 4125 ct
457 4080 550 4140 quanto
567 4076 593 4124 in
604 4074 699 4124 λοοοντ
711 4075 758 4130 ἀι,
779 4086 814 4122 cc
831 4085 934 4138 graeco
946 4069 1135 4125 consentiente

102 4179 130 4211 uc
148 4168 195 4211 est.

100 4264 137 4297 rec
159 4264 206 4312 qro
228 4247 343 4297 custodia
366 4248 428 4311 lepis
450 4252 476 4294 et
498 4247 609 4304 virtutis,
634 4261 697 4310 quac
715 4245 815 4309 species
837 4251 862 4293 et
884 4244 970 4293 remora
990 4245 1136 4306 futurorum

108 4331 208 4382 Etenim
226 4333 298 4395 ipsae
316 4332 422 4380 virtutes
445 4347 528 4381 omnes
545 4346 595 4394 pro
614 4331 728 4380 marocia
747 4331 897 4394 lopiacum,
917 4336 942 4378 τί
959 4346 1032 4394 quum
1048 4331 1134 4379 simili·

100 4433 134 4467 οε
144 4419 288 4480 futurorum
302 4418 365 4475 sint,
384 4418 476 4481 dipnac
485 4416 591 4479 fuerunt
604 4421 729 4466 tantorum
742 4416 921 4480 exemplorum.
941 4413 1003 4464 Nos.
1028 4410 1136 4466 Graeca

100 4499 141 4552 at:
174 4502 209 4552 Et
232 4503 280 4551 λοι
298 4517 382 4551 omnes
399 4517 448 4565 pro
466 4503 528 4565 lepis
546 4502 662 4551 custodia
679 4501 785 4550 virtuter
802 4516 875 4565 quum
889 4501 989 4564 γίγνοιτ
1007 4507 1091 4552 esseut
1109 4509 1135 4551 τί

100 4605 140 4646 rm,
160 4595 231 4637 touta
250 4589 367 4651 exempla
385 4593 536 4635 meruerunt.
564 4586 626 4635 Noc.
662 4580 785 4635 G¹G³a¹
805 4585 841 4634 Εί
858 4585 905 4634 Irae
923 4601 1008 4634 omnen
1022 4601 1073 4649 pro
1091 4601 1135 4634 cu-

100 4679 196 4722 u'rtutes
215 4670 251 4734 (a¹
271 4670 380 4736 virturis)
398 4673 498 4736 species
515 4677 540 4720 ct
558 4670 645 4721 umbra
660 4671 805 4732 futurorum
823 4675 896 4719 tanta
908 4672 1026 4735 exempla
1038 4686 1135 4721 merrte-

100 4753 203 4808 estituto
226 4759 331 4807 virtutes
352 4753 413 4806 loco
431 4758 531 4806 οἰνιιαίε
549 4753 578 4806 ct
599 4749 823 4822 interpunctione
841 4751 952 4805 mutatu
969 4751 1084 4805 sanetur
1102 4769 1135 4806 ac

100 4838 139 4893 nic
152 4838 240 4904 locus,
259 4838 336 4906 cujus
354 4837 540 4907 intelligentie
558 4837 587 4891 et
604 4853 735 4906 graecum
753 4835 937 4906 interpretem
949 4836 978 4891 et
989 4835 1058 4892 alios
1071 4838 1134 4892 sub-

100 4922 206 4977 Deindc
224 4940 259 4976 cc
277 4928 438 4992 referendum
507 4927 676 4993 redemptoris
749 4927 984 4978 communicavimus.
