3224 5506
608 114 808 166 raacrarns
832 119 879 164 vr.
1308 102 1371 167 603

10 254 29 329 ‚ss
110 264 285 333 devotione.
302 289 340 332 ea
366 267 483 333 ducitis
505 269 711 352 celebranda,
741 293 836 355 quarn
858 271 1064 355 profanitatis
1086 274 1210 336 vestrae
1234 272 1371 336 celebra·

108 385 179 433 rere
202 369 349 454 majores.
386 370 482 456 Apud
504 370 575 435 illos
598 372 685 436 enim
707 373 829 438 nobiles
851 374 961 461 ipsi²¹)
985 376 1173 457 currebant,
1201 377 1234 438 et
1254 377 1372 438 matro-

105 488 165 532 nae
189 472 310 536 nudato
332 472 459 557 publice
482 494 612 557 corpore
634 474 842 558 vapulabant.
885 475 951 539 Vos
975 498 1050 561 ergo
1079 477 1174 560 primi
1196 477 1231 539 in
1253 476 1371 561 Luper-

23 575 42 633 :1
105 569 188 636 ralia
205 574 424 639 commisistis:
447 575 547 639 satius
569 576 675 640 fuerat
697 598 763 640 11011
779 599 885 661 agere,
910 600 1004 662 quam
1028 601 1065 642 ea
1088 601 1159 643 eum
1181 579 1300 662 injuria
1323 601 1371 643 00-

10 670 41 732 1-
103 665 245 758 lebrare;
277 675 333 740 sed
366 674 542 741 deduxistis
575 679 792 743 venerandum
822 679 911 743 vobis
946 680 1065 744 cultum
1098 680 1370 764 salutiferumque,

102 787 200 850 quern
226 778 363 862 putatis,
393 779 433 843 ad
460 778 538 842 viles
565 779 769 864 trivialesque
797 803 965 865 personae,
1001 782 1142 864 abjectos
1170 785 1202 845 et
1234 783 1370 847 infimos.

10 863 38 906 ³¹²*
103 863 135 932 Si
168 898 241 943 vere
269 902 346 965 ergo
373 880 584 965 profitemini,
620 884 679 945 hoe
707 904 849 965 sacrum,
884 905 922 947 ac
949 884 1055 968 potius
1085 889 1369 968 exsecramentum,

18 965 48 1079 ’ζ
104 971 450 1065 γῡ111101101111111110,
473 982 536 1066 ipsi
553 983 710 1048 celebrate
725 1007 811 1048 more
826 985 999 1068 majorum,
1024 986 1084 1069 ipsi
1101 1007 1172 1049 cum
1188 988 1371 1072 amiculo²²)

33 1103 47 1173 ,j
106 1077 188 1145 lludi
205 1084 387 1167 discurrite,
411 1089 448 1149 ut
469 1085 530 1148 rite
552 1088 676 1149 vestrae
691 1086 804 1150 salutis
827 1086 964 1150 ludibria
986 1087 1160 1171 peragatis
1198 1087 1231 1153 Si
1253 1110 1372 1173 magna

14 1171 51 1267 J
109 1184 201 1268 lunt,
221 1186 247 1250 si
271 1186 397 1268 divina,
421 1187 449 1250 si
472 1185 653 1269 salutifera,
678 1187 703 1250 si
727 1188 761 1251 in
783 1187 834 1251 his
852 1189 936 1252 vitae
951 1192 1076 1253 vestrae
1098 1189 1217 1273 pendet
1239 1190 1371 1274 integri-

112 1264 181 1367 lQ,
199 1309 251 1352 eur
272 1310 328 1353 vos
352 1289 452 1372 pudet
473 1310 530 1372 per
552 1310 607 1351 vos
630 1289 714 1373 ipsos
737 1290 816 1353 talia
839 1290 1022 1354 celebrare?
1059 1290 1093 1355 Si
1114 1291 1212 1375 pudet
1228 1295 1260 1355 et
1280 1292 1372 1355 dede·

10 1411 48 1477 'p-
117 1385 173 1478 {¹¹8
190 1393 247 1473 est,
276 1391 366 1455 itane
389 1390 590 1454 salutiferum
613 1394 661 1454 est
684 1394 716 1453 et
738 1391 880 1455 divinum
905 1397 938 1455 et
966 1393 1182 1476 profuturum,
1211 1392 1294 1477 quod
1317 1415 1372 1457 vos

27 1520 50 1545 -·»
121 1487 178 1560 l1¹⁸5
194 1492 325 1557 dedecus
340 1514 409 1556 esse
431 1492 622 1556 fateamini?
658 1491 760 1556 Nemo
778 1494 966 1577 religionem
989 1495 1173 1578 profitetur,
1197 1516 1293 1579 quam
1315 1517 1373 1579 per

10 1613 49 1673 τῇ.
127 1592 155 1645 ⁸0
172 1595 289 1680 exsequi
316 1616 445 1679 prorsus
468 1595 626 1659 crubescit
653 1598 686 1658 et
712 1595 846 1679 refugit3
875 1597 945 1678 ipsa
975 1596 1165 1660 verecundia
1188 1600 1295 1660 vestra
1316 1619 1372 1660 vos

10 1714 21 1760 t
128 1680 353 1760 1111111111
369 1696 626 1779 essepublicum,
651 1718 716 1777 non
739 1697 875 1760 salutem
898 1702 931 1760 et
952 1720 1018 1760 non
1034 1697 1222 1761 Divinitatis
1239 1697 1370 1781 cultum,

10 1816 25 1869 1
127 1789 221 1882 dequo
235 1798 365 1883 sapiens
386 1798 493 1862 nullus
516 1798 689 1880 erubescit,
713 1798 768 1861 sed
790 1799 1004 1862 instnrmenta
1026 1799 1233 1883 pravitatum,
1258 1799 1371 1883 quibus

10 1934 26 1961 s
113 1917 196 1964 urens
218 1902 326 1965 vestra
350 1903 461 1965 contra
483 1901 686 1984 semetipsam
709 1900 928 1964 testimonium
944 1900 1066 1984 ferens,
1090 1900 1173 1984 quod
1196 1901 1371 1985 gerendum

103 2001 288 2089 profitetur,
313 2003 471 2067 embsscit
492 2003 634 2086 implere.

10 2087 14 2095 i
186 2103 218 2168 8.
265 2103 581 2190 011111ομ1111
605 2107 705 2186 certe,
731 2127 749 2168 a
771 2126 903 2189 quorum
927 2105 1014 2168 cultu
1037 2104 1189 2168 desistere
1211 2105 1369 2183 noluistis,

89 2228 157 2274 cur
186 2206 280 2271 vobis
309 2209 489 2292 opportuna
515 2206 617 2269 maria
650 2207 780 2270 minime
813 2207 1044 2290 praebuerunt,
1079 2210 1114 2269 ut
1147 2205 1260 2270 hiemis
1293 2209 1371 2270 tem-

79 2331 175 2399 pore
207 2309 357 2373 venirent
386 2307 449 2372 huc
482 2310 614 2393 navigia
643 2331 714 2372 cum
741 2309 927 2390 frumentis,
963 2312 995 2371 et
1029 2308 1141 2372 civitas
1176 2308 1286 2391 inopia
1314 2307 1371 2370 1111-

79 2413 187 2480 nime
213 2409 398 2474 laboraret?
441 2410 495 2474 An
522 2411 631 2474 diebus
660 2410 864 2495 sequentibus
894 2411 953 2474 1100
980 2413 1124 2473 futurum
1146 2413 1195 2473 est
1217 2409 1372 2474 aestatis?

75 2517 116 2582 A
142 2512 226 2579 Deo
254 2512 464 2576 constitutum
490 2512 680 2577 beneficium
703 2518 767 2596 est,
796 2535 863 2576 11011
891 2511 1058 2577 Castorum
1086 2534 1170 2576 vana
1197 2512 1370 2595 persuasio

72 2616 209 2685 Dicite
232 2613 344 2697 nobis,
371 2602 432 2678 nee
454 2613 628 2680 Christiani
656 2637 716 2679 nec
743 2615 881 2698 pagani,
911 2615 1028 2699 ubique
1056 2613 1186 2697 perfidi,
1215 2636 1373 2698 nusquam

70 2718 229 2800 fideles,
264 2716 381 2801 ubique
409 2718 563 2800 corrupti,
599 2739 754 2800 nusquam
784 2716 919 2800 integri,
952 2717 1006 2799 qui
1034 2719 1102 2780 tam
1130 2718 1299 2798 utrumque
1325 2719 1372 2778 te·

70 2843 168 2891 nere
196 2839 272 2884 non
292 2816 440 2902 potestis,
470 2841 566 2903 quam
588 2819 648 2882 sibi
677 2822 845 2901 utrumque
869 2817 1062 2882 contrarium
1085 2819 1147 2880 est:
1181 2816 1294 2897 dicite,
1323 2816 1372 2879 in-

70 2944 193 3014 quam
203 2971 215 3005 ,
245 2918 505 3004 Lupercaliomm
537 2921 682 3006 patroni,
714 2923 746 2984 et
779 2942 889 2982 revera
916 2918 1155 3001 Divinitatisll)
1183 2916 1312 2980 ludibrii
1340 2920 1372 2980 et

71 3023 344 3094 cantilenarum
371 3022 514 3106 turpium
542 3023 741 3105 defensores,
770 3021 860 3106 digni
889 3020 1036 3106 magistri
1064 3019 1228 3101 vesaniae,
1258 3021 1291 3081 et
1317 3018 1372 3103 qui

69 3151 155 3198 non
190 3126 271 3189 sine
293 3145 388 3188 causa
410 3146 489 3188 sana
512 3125 618 3208 capita
640 3147 706 3188 non
729 3123 869 3204 1111110111,
894 3123 984 3206 digni
1007 3122 1068 3184 hae
1091 3121 1261 3205 religione,
1290 3142 1372 3205 quae

71 3227 343 3299 obsoenitatum
370 3230 402 3290 et
428 3225 624 3311 flagitiorum
652 3226 781 3289 vocibus
805 3224 1008 3288 celebraturi
1026 3223 1168 3287 videritis
1190 3222 1268 3307 ipsi,
1296 3222 1372 3306 quid

69 3333 185 3401 vobis
218 3327 336 3394 salutis
362 3327 528 3413 impendat
535 3379 543 3412 ,
576 3349 656 3412 quae
681 3330 807 3391 tantam
835 3327 975 3390 moribus
1005 3325 1108 3388 labem
1136 3325 1373 3410 perniciemque

69 3570 211 3647 publice
229 3581 333 3620 manns
348 3566 493 3633 tamqnam
511 3565 562 3619 sub
584 3566 767 3634 praeceptore
786 3564 824 3618 cis
847 3564 1008 3633 praebuisse
1026 3563 1165 3617 feriendas
1183 3562 1292 3625 tradat,
1314 3578 1372 3617 eas-

71 3660 153 3714 dam
166 3656 279 3709 tamen
296 3656 390 3705 nudato
409 3667 524 3720 corpore
536 3649 681 3719 vapulasse
699 3666 834 3716 nusquam
848 3648 981 3715 meminit,
1000 3647 1048 3703 sed
1067 3648 1119 3702 hoc
1132 3647 1273 3701 Gelasium
1285 3664 1318 3700 ex
1330 3646 1373 3700 Li·

70 3743 120 3799 vii
139 3736 250 3803 libris,
271 3734 319 3805 qui
335 3734 512 3801 interierunt,
531 3735 670 3804 accepisse
689 3734 843 3804 opinamur.

153 3827 199 3891 ²¹)
218 3819 302 3876 Adeo
320 3820 351 3874 ut
368 3821 453 3874 etiam
470 3820 564 3873 consul
581 3819 717 3872 Antonius
735 3836 845 3873 currere
864 3821 893 3872 et
910 3820 1049 3889 Lupercus
1075 3816 1111 3871 ad
1134 3819 1262 3871 senatum
1279 3816 1372 3871 venire

70 3930 142 3970 non
163 3904 331 3964 erubuerit.
366 3905 426 3958 Hoc
447 3906 542 3958 tamen
563 3907 676 3975 praeter
694 3904 787 3958 decori
807 3904 942 3958 rationem
961 3905 996 3958 ab
1015 3902 1136 3957 Antonio
1154 3904 1257 3955 factum
1276 3900 1372 3955 Cicero
1463 3908 1469 3913 '

70 3996 199 4066 Plfilip.
221 3997 239 4045 2
258 4007 286 4044 n.
299 3995 333 4044 34
349 3991 431 4044 notat
447 3989 490 4042 his
507 3989 612 4055 verbis,
631 3989 731 4058 quibus
749 3989 839 4059 ipsum
852 3989 956 4058 arguit:
977 3993 1021 4041 Ad
1033 3992 1189 4054 Lupercalia
1202 3992 1327 4040 veniamus

71 4083 215 4139 &debat
233 4081 263 4129 in
280 4080 376 4129 nustria
393 4080 490 4142 collega
507 4086 563 4128 tuas
581 4073 705 4142 (Caesar)
724 4081 828 4128 amicius
841 4087 899 4143 rapu
911 4094 1054 4142 purpurea,
1075 4077 1099 4124 in
1111 4078 1175 4125 sella
1187 4091 1281 4132 aurea,
1299 4089 1373 4124 eoro-

21 4172 26 4177 '
71 4179 179 4225 mu.
220 4164 361 4218 1000111111,
385 4165 486 4213 accedia
509 4166 545 4214 ud
559 4166 646 4213 sedam
664 4163 711 4227 (ila
729 4179 789 4213 erus
807 4161 964 4227 Lupercus),
988 4169 1014 4210 ut
1033 4168 1057 4210 tc
1075 4164 1199 4210 consitium
1217 4174 1272 4209 esse
1290 4159 1372 4208 merni-

72 4258 159 4309 nim
180 4248 308 4313 mera)
326 4249 445 4299 diadema
463 4250 576 4300 ostendis
594 4255 641 4299 etc.

157 4335 201 4401 ¹¹)
220 4331 394 4387 6111111011Ιο-
428 4328 493 4383 Mox
511 4328 559 4383 alii
577 4329 666 4384 omitt.
685 4342 711 4384 el
728 4330 803 4396 (ante
819 4328 1000 4397 prosunrrurn).

158 4419 202 4487 ὓ)
219 4414 261 4471 Et
275 4414 322 4470 hie
340 4418 465 4468 Parium
483 4415 512 4468 et
532 4413 606 4468 infra
625 4427 756 4483 pastorum
779 4416 839 4468 loco
859 4418 989 4465 (lariorum
1011 4410 1161 4478 legendum
1179 4427 1238 4464 esse
1262 4427 1373 4479 persua·

76 4508 162 4565 dent
180 4503 249 4558 cum
266 4499 448 4565 Plutarchus,
471 4516 525 4567 quo
547 4500 632 4565 teste,
656 4502 688 4554 ut
709 4517 793 4569 supra
819 4496 1038 4564 observavimus,
1061 4502 1130 4548 millii
1150 4502 1292 4563 scriptores
1313 4515 1373 4563 prc-

77 4598 189 4652 Μαι
208 4607 266 4643 em
281 4590 475 4642 sollemnitatem
493 4589 603 4652 sanquis
620 4590 772 4653 temporibus
788 4589 869 4650 fnisse
887 4593 1028 4650 puriorum,
1050 4584 1109 4635 tum
1127 4580 1219 4634 Livius
1239 4587 1262 4646 l,
1280 4585 1303 4633 5.

161 4673 202 4741 ι5)
220 4671 258 4727 (1ι
275 4674 401 4740 dignum
418 4671 533 4732 ludibrii,
552 4671 689 4738 corrupte.
