3204 5506
202 390 264 452 110
643 406 671 452 s.
688 403 894 451 noamsona
917 403 1030 449 aaran

202 576 324 639 tempore
346 565 490 620 orthodoxi
512 566 631 638 episerrpi
653 582 683 618 cx
706 567 782 618 variis
799 563 915 618 Orientis
939 562 1097 637 regionibus
1119 560 1200 617 tidem
1227 558 1254 618 dt
1277 565 1422 637 martyriam

202 651 345 706 troico-sati
362 652 429 723 patri
446 649 614 722 erponelrant
630 658 656 704 ct
673 668 751 722 opem
768 648 923 722 tlagitabant
935 648 1017 719 (conl.
1028 647 1121 703 llorru.
1137 647 1358 721 emnild-32).
1379 647 1426 702 idun

201 735 421 791 :archimamlritae
443 744 468 788 et
491 735 613 788 rrrormclri
635 734 766 789 seenmlac
783 735 874 807 Syriae
890 751 914 789 a.
927 733 987 789 :317
1012 733 1152 795 lecerunt,
1178 749 1262 806 quum
1282 734 1431 807 persenam

201 821 398 875 dntioclunnnn
415 829 441 873 et
458 819 566 873 Petrum
584 823 774 891 ¹tparnecnsem
797 818 973 873 intolerabilia
996 820 1068 891 passi
1089 827 1183 873 esseut
1198 818 1245 887 (cl.
1263 818 1281 874 1.
1297 838 1320 873 c.
1336 820 1399 892 epist.
1407 816 1435 874 31

201 914 228 960 et
244 905 303 968 tot.
342 903 443 970 Quibus
460 904 582 958 arrrrnilrus
604 905 664 976 pins
681 921 748 976 papa
764 904 891 958 auxilium
912 911 958 957 aaut
973 903 1068 957 saltem
1085 904 1300 959 consolationem
1316 904 1379 958 ierre
1390 900 1442 957 nand

202 991 301 1044 omisit.

286 1074 314 1130 3.
346 1073 461 1127 Tarulem
474 1074 579 1128 tustino
596 1073 637 1128 die
654 1074 865 1129 ,1111115111
882 1074 985 1145 imperii
1001 1082 1106 1147 sceptra
1123 1072 1224 1146 atlepto
1241 1072 1452 1129 ecclesiaenrtea

204 1159 246 1214 tali
275 1159 379 1214 lclicior
406 1159 450 1212 lux
471 1158 579 1213 atlrrlsit.
625 1158 684 1231 lpse
706 1157 766 1212 tidei
788 1159 935 1213 catholicae
956 1157 1154 1212 addictissimus
1177 1166 1246 1219 crat,
1274 1156 1457 1232 populusCoa·

201 1243 457 1316 stantinopolitauns
479 1254 581 1311 aunem,
607 1243 764 1298 llormisdae
786 1243 917 1297 imlnstria
938 1245 965 1298 in
987 1241 1078 1298 staulio
1094 1244 1166 1316 pacis
1183 1243 1384 1299 ecclesiasticae
1397 1245 1463 1298 etiam

201 1330 377 1391 contutatus,
397 1327 483 1382 electo
500 1331 523 1382 ei
540 1346 601 1400 prae
618 1329 740 1383 numitius
757 1328 914 1383 acclaumsse
932 1336 1067 1382 narratur:
1085 1327 1234 1401 Synodion
1248 1329 1385 1385 Romane
1398 1330 1467 1383 uodo

203 1417 334 1470 eadunt!
377 1411 463 1478 Quare
487 1415 575 1467 statim
604 1413 762 1468 electionem
790 1431 864 1467 suam
891 1411 1013 1485 pornilici
1040 1412 1190 1468 honorifice
1218 1415 1358 1468 nuntiarit
1378 1412 1471 1486 (Herm.

201 1500 278 1568 epist.
294 1498 357 1565 tl),
387 1514 501 1570 {noxque
525 1516 574 1551 una
596 1515 656 1552 cnm
678 1498 782 1570 serrantia
804 1497 1099 1570 Constantinopolitano
1122 1497 1200 1552 illum
1223 1499 1353 1572 rogarit.
1382 1509 1411 1553 nt
1432 1516 1475 1572 pre

200 1583 277 1656 plena
295 1584 466 1636 restitutione
483 1585 591 1638 nrritatis
608 1584 802 1637 ecclesiasticae
819 1583 926 1656 legatos
944 1585 1063 1638 mitteret
1078 1583 1106 1654 (l.
1124 1600 1148 1637 c.
1172 1584 1256 1656 epist.
1275 1581 1319 1637 tu
1337 1593 1366 1638 et
1381 1584 1421 1639 ts
1441 1583 1480 1638 dic

203 1669 218 1722 i
236 1668 310 1740 Sept.
328 1686 350 1720 a.
365 1665 446 1737 old).
479 1667 667 1723 libentissimo
684 1670 770 1723 auimo
787 1667 933 1723 obsecutus
955 1676 995 1722 est
1013 1667 1169 1730 llormisda.
1197 1677 1226 1723 et
1244 1684 1346 1723 meuse
1361 1668 1482 1724 Ianuario

200 1769 222 1806 a.
237 1753 297 1809 519
316 1752 419 1825 legatos
436 1754 508 1806 misit
524 1753 683 1807 Germanum
699 1763 724 1807 ct
741 1754 888 1808 tolraunem
905 1755 1062 1826 episcopos.
1085 1752 1220 1807 Blandum
1245 1752 1448 1827 presbyterum
1460 1762 1485 1810 et

200 1837 315 1891 Felicem
333 1837 543 1910 ltioscmnmqne
559 1838 694 1896 ‹tiara-onos.
717 1855 777 1892 cnm
799 1838 918 1893 indiculo
939 1855 1029 1892 rernm
1045 1836 1226 1909 gerendarum
1244 1837 1277 1908 (l.
1291 1856 1319 1894 c.
1337 1857 1384 1915 ep.
1398 1840 1450 1910 4111
1463 1849 1487 1895 et

200 1922 321 1994 epistolis
343 1921 375 1975 ad
397 1922 532 1976 lustimnn
555 1925 751 1996 imperatorem.
768 1922 939 1994 Euphemiam
957 1926 1115 1994 Augustam,
1140 1921 1307 1978 lolianuem
1330 1927 1489 1999 episcopum

200 2016 226 2061 et
239 2007 339 2061 clerum
356 2008 690 2079 tiomtantitiopolitanum.
717 2027 746 2060 ar
763 2008 854 2079 plures
871 2025 1001 2081 personas
1022 2005 1126 2061 rnrlriles
1146 2016 1268 2063 senatus
1293 2017 1325 2063 et
1347 2010 1426 2065 aulae
1447 2012 1490 2064 im·

200 2092 307 2164 perialis
323 2089 352 2162 (l.
366 2110 388 2145 c.
406 2093 485 2164 epist.
501 2094 645 2161 sti-am.
678 2093 810 2164 Prospere
827 2093 914 2146 oumia
930 2100 1129 2165 processerunt,
1153 2090 1264 2166 ulriqae
1283 2093 1491 2150 conditionibus

200 2178 425 2249 asapientissimo
442 2195 508 2250 papa
525 2180 670 2250 propositis
686 2178 866 2238 satisfactum,
889 2177 995 2233 lilrellns
1019 2176 1079 2232 tidei
1102 2179 1292 2233 transmissus
1309 2179 1491 2254 subscriptas.

200 2262 296 2316 Acacio
313 2261 425 2334 ejusque
441 2262 619 2317 sectatoribus
636 2264 773 2317 anathema
790 2262 899 2322 dictum.
916 2264 1007 2335 itaque
1023 2262 1271 2335 Constantinopoli
1290 2264 1364 2320 leria
1378 2266 1399 2319 l'
1415 2265 1492 2335 majo·

199 2347 236 2400 ris
252 2345 433 2401 laelulomadae
449 2350 509 2402 anni
525 2349 586 2403 5111
601 2365 662 2402 cum
676 2349 780 2421 ingenti
809 2349 894 2402 totius
910 2348 1025 2402 civitatis
1041 2347 1141 2402 laetitia
1158 2347 1206 2401 illa
1219 2350 1300 2418 fidei
1316 2354 1490 2407 animer-urre-

200 2446 255 2503 quc
271 2433 427 2487 concordio
443 2435 587 2488 sollemnis
603 2437 806 2489 cornnmnr'om's
822 2434 989 2488 celebritate
1005 2434 1142 2489 roborata
1160 2439 1207 2488 cst
1220 2432 1315 2504 (conl.
1335 2434 1355 2491 1.
1371 2454 1397 2492 c.
1415 2438 1490 2509 epist

200 2516 345 2586 59-11).
378 2517 476 2571 lteinde
493 2519 518 2572 in
536 2520 623 2572 Asiam
640 2517 762 2590 proiecti,
780 2519 831 2571 etsi
846 2518 942 2589 partim
959 2516 1058 2587 majore
1074 2534 1134 2572 cnm
1152 2515 1253 2573 labore
1271 2528 1303 2575 et
1319 2520 1489 2581 diliicnltate.

200 2614 287 2655 tamen
303 2601 417 2656 similem
433 2601 556 2657 ellectum
572 2605 662 2657 sortiti
683 2612 748 2657 sunt
764 2601 846 2673 (coni.
864 2601 882 2656 l.
893 2620 917 2657 c.
935 2601 1068 2674 epistici
1085 2609 1112 2656 et
1129 2602 1194 2673 tut.
1234 2603 1294 2659 Sed
1319 2607 1422 2661 mirum
1443 2615 1489 2663 est.

199 2694 298 2758 quanta
313 2685 457 2740 sodalitate
480 2697 506 2741 et
526 2687 676 2747 alacritate.
701 2697 798 2759 quanta
820 2689 947 2759 sapientia
969 2695 997 2741 et
1020 2686 1209 2742 moderatione
1233 2704 1332 2762 nsque
1349 2690 1489 2747 llorm'tsda

198 2780 286 2825 totum
301 2770 367 2825 illud
382 2770 570 2826 arduissimnrn
587 2774 726 2845 negotium
741 2768 880 2842 reruni),
898 2773 933 2826 ita
950 2781 979 2826 nt
995 2773 1052 2844 ipse
1069 2787 1129 2826 rere
1146 2773 1305 2829 restitutor
1321 2777 1408 2848 pacis.
1425 2792 1488 2849 quac

199 2856 262 2910 lecit
279 2864 419 2927 utramque
435 2855 543 2910 ltomam
561 2873 654 2918 ainana,
683 2856 733 2911 dici
751 2864 840 2928 queat.
883 2857 1001 2929 lienique
1023 2873 1105 2929 quum
1123 2854 1183 2925 jam
1205 2874 1318 2930 paucae
1334 2862 1485 2916 schismatis

199 2941 326 3014 reliquiae
348 2949 447 3002 essent.
470 2942 495 2995 d.
514 2941 553 2997 25
571 2941 705 2996 Februarii
728 2959 750 2995 a.
765 2942 824 2997 521
848 2940 996 3014 Epiphanio
1018 2942 1148 3014 episcopo
1170 2942 1484 3020 Constantinopolitano

199 3027 269 3080 vices
284 3043 346 3079 suas
361 3042 408 3098 per
424 3025 559 3081 Orientem
575 3028 722 3088 tterrurnisit,
756 3032 784 3080 nt
804 3027 827 3080 si
843 3025 907 3099 qnid
923 3025 1031 3081 deesset
1052 3027 1148 3098 plenae
1170 3029 1232 3099 paci
1256 3028 1440 3086 ecclesiarum
1460 3038 1482 3085 et

198 3111 348 3185 integritati
366 3109 435 3172 lidci,
452 3112 497 3166 ille
514 3111 649 3166 ordinaret
666 3110 694 3182 (l.
709 3130 732 3166 c.
750 3113 829 3184 epist.
846 3110 926 3182 141).

282 3195 311 3250 4.
343 3194 400 3249 Pari
417 3196 551 3257 sollertia,
579 3197 708 3268 sapientia
730 3205 756 3251 et
778 3195 962 3251 immoratione
983 3198 1062 3252 etiam
1085 3195 1143 3252 aliis
1160 3213 1192 3252 ex
1210 3198 1346 3270 partibus
1363 3199 1482 3257 ddemet

198 3298 289 3354 pacem
311 3280 443 3336 Ecclesiae
466 3280 589 3335 tuelntur
609 3289 636 3334 et
657 3281 810 3353 disciplinae
833 3283 952 3354 rigorem
980 3283 1120 3337 sustinuit.
1169 3282 1292 3354 Scythas
1325 3287 1480 3347 monachos.

198 3367 242 3438 qni
260 3383 327 3420 nora
343 3368 501 3425 assertione.
519 3385 604 3421 errarem
620 3368 654 3421 de
669 3367 808 3421 Trr'nr'tate
824 3369 999 3437 crucifioeum
1014 3365 1158 3421 dicendum
1173 3383 1248 3429 csse.
1266 3385 1357 3427 noras
1372 3381 1481 3427 conten·

110 3520 113 3525 Ι
198 3452 284 3504 tiones
301 3450 459 3513 excitabant,
481 3453 518 3506 ita
534 3451 708 3523 compescuit.
725 3459 751 3504 ut
770 3450 911 3505 rerlrormn
928 3452 1060 3506 novitates
1083 3453 1134 3506 etsi
1156 3468 1257 3525 perse
1274 3455 1392 3512 minime
1407 3456 1480 3512 laiss

198 3543 318 3607 tempore
335 3545 386 3589 tam
403 3537 524 3609 inquieto
542 3535 741 3609 praecluderet,
766 3537 871 3590 usitatis
893 3545 998 3608 patrum
1020 3536 1135 3608 eloquiis
1156 3539 1267 3593 animos
1284 3536 1479 3611 contineret⁸).

197 3620 325 3674 Similiter
341 3637 422 3692 rqruuu
439 3638 487 3693 per
502 3620 689 3675 l‘ossessorem
707 3622 862 3693 episcopum
880 3621 972 3675 diram
998 3621 1031 3676 de
1048 3618 1140 3675 Fausti
1157 3620 1308 3695 llegiensis
1325 3625 1406 3683 libris
1420 3644 1480 3683 con·

196 3704 284 3758 saltas
301 3713 382 3766 esset.
399 3706 562 3778 generaliter
577 3706 673 3760 edixit:
696 3722 788 3778 neque
803 3709 881 3762 illurn
902 3722 994 3779 neque
1014 3722 1202 3779 quemquam,
1229 3726 1309 3782 quos
1330 3715 1362 3768 in
1386 3722 1481 3770 aucto

197 3794 311 3845 ritatem
322 3798 442 3861 petriam
457 3808 512 3845 non
530 3794 633 3861 recipit
649 3806 786 3857 examen,
810 3792 972 3847 catholicae
986 3793 1056 3863 fidei
1070 3799 1120 3847 aut
1138 3794 1326 3864 disciptinae
1341 3802 1481 3857 ecclesie·

196 3879 286 3929 stirne
302 3877 512 3947 ‹uiridiquitatcrn
523 3892 611 3946 parare
625 3880 743 3948 qiqrtcrc
765 3883 815 3931 urat
836 3879 978 3949 religiosis
997 3878 1219 3948 praejudicium
1239 3896 1399 3952 pertertare
1412 3883 1443 3955 tl.
1458 3898 1480 3939 c.

196 3962 274 4032 epist.
292 3961 350 4014 115
367 3969 393 4014 et
412 3960 491 4031 let).
528 3960 579 4015 Sed
602 3977 684 4032 qamm
706 3961 830 4015 infaustis
852 3960 904 4016 illis
925 3963 996 4016 inter
1012 3961 1185 4017 Occidentem
1211 3972 1242 4018 et
1258 3965 1408 4025 Orientem
1429 3980 1483 4025 mr·

196 4043 301 4099 biuilms
318 4061 381 4098 same
398 4045 488 4099 mmtis
505 4063 535 4099 ex
557 4045 676 4117 partilms
699 4047 777 4101 animi
798 4045 831 4099 de
852 4045 1056 4101 auctoritatilms
1078 4045 1139 4101 fidei
1164 4056 1194 4102 et
1211 4047 1385 4124 disciplinae
1400 4054 1484 4111 etate·

196 4131 317 4185 siastieae
333 4128 405 4183 ‹tunn
423 4129 519 4184 redditi
541 4139 632 4185 esseut
655 4139 699 4184 arn
722 4131 888 4193 vacillarent.
917 4133 1031 4204 primum
1052 4129 1265 4190 celeberrimum
1288 4135 1373 4195 illum
1390 4139 1483 4196 Gelasii

195 4216 369 4270 decretalem
385 4217 419 4269 dc
433 4217 513 4270 tibris
529 4218 702 4286 recipiendis
723 4223 749 4271 et
771 4234 827 4270 non
849 4219 1023 4287 recipiendis
1044 4232 1093 4288 pro
1114 4220 1253 4290 temporis
1276 4229 1360 4279 statu
1377 4224 1484 4300 qmbus-

196 4299 255 4353 dam
277 4308 408 4353 mntatum
430 4302 527 4354 iterum
550 4301 730 4374 promulgarit
757 4300 821 4372 (lc.
846 4303 924 4373 epist.
940 4301 1020 4371 125).
1066 4300 1164 4355 lleinde
1188 4302 1279 4361 docto
1304 4325 1331 4364 ε.
1350 4310 1483 4367 Benedicti

196 4383 251 4437 tilio
268 4385 393 4457 ttionysio
415 4384 518 4458 Exiguo
540 4387 692 4458 imperarit,
725 4394 753 4439 ut
775 4389 894 4458 repertus
915 4395 1081 4443 sanctoruni
1097 4392 1282 4459 pontificum
1306 4396 1352 4451 ud
1372 4398 1483 4453 verbu

195 4470 345 4540 diqmurct,
363 4478 443 4541 atqtm
459 4488 583 4534 cationes,
602 4488 670 4543 equos
688 4475 860 4526 rtnr'ecrsr'tus
876 4474 1044 4539 (retruderet,
1068 4471 1103 4525 ita
1119 4471 1289 4544 explicaret,
1315 4490 1350 4536 ut
1369 4485 1401 4538 in
1416 4500 1484 4538 unu·

195 4570 309 4624 paterque
320 4559 431 4627 papirio
448 4573 540 4628 ocqtao
556 4559 673 4612 dirarum
690 4561 802 4611 trunu'tc
818 4563 928 4613 tractum
942 4573 1080 4630 praecum
1101 4564 1128 4612 ct
1142 4559 1278 4618 latinum
1294 4567 1483 4625 subnecteret

262 4755 281 4817 ⁵)
301 4754 402 4806 'lotum
420 4753 488 4806 illud
507 4753 685 4830 epistolarum
704 4753 869 4806 llormisdae
880 4774 885 4785 ·
896 4771 994 4822 corpus
1012 4752 1140 4806 omnibus
1158 4755 1225 4810 fere
1244 4758 1379 4818 eliorum
1396 4762 1482 4819 deest

195 4833 287 4871 sorum
306 4822 469 4890 locrqueliua
488 4821 568 4886 lnqrrs
587 4823 627 4874 rei
646 4821 724 4873 leslis
744 4823 791 4874 est.

261 4893 281 4931 iq
301 4888 340 4940 lic
358 4891 411 4942 luae
430 4889 606 4941 coartent-ione
620 4892 689 4941 (font.
705 4891 777 4942 inter
789 4890 953 4943 llormisdne
972 4890 1052 4959 epist.
1064 4895 1104 4955 75,
1123 4895 1165 4959 76,
1187 4898 1232 4959 78,
1251 4900 1301 4967 89,
1321 4906 1479 4969 90‚01‚98‚

194 4961 233 5007 ott
258 4962 310 5009 roa,
333 4963 388 5024 ιιι),
410 4962 464 5019 ten,
488 4966 541 5011 rea.
564 4964 617 5013 rer.
640 4966 694 5023 rect,
716 4966 770 5023 rae,
791 4965 847 5025 135,
868 4964 923 5025 13⁷,
943 4965 997 5012 1-11.
