3204 5506
681 368 710 416 S·
727 366 935 415 Rosulanus·
959 365 1074 413 PAPAE

488 519 842 584 comministratori
885 523 1022 584 nostro
1062 516 1306 582 Hormirdae
1349 516 1509 604 Epipha-

486 620 577 686 nius
599 621 811 706 episcopus
834 621 874 686 in
896 621 1061 686 Domino
1083 619 1267 685 salutem.

328 745 355 806 l.
390 740 553 818 Quantam
574 739 745 806 habuimus
766 741 968 806 alacritatem
994 761 1053 805 nos
1081 760 1208 824 quoque
1235 743 1271 804 et
1297 739 1460 825 piissimus
1484 745 1513 806 et

241 843 536 911 Christianissimus
546 842 571 928 ¹)
594 843 770 927 imperator
791 865 857 908 una
872 864 945 908 cum
960 841 1145 907 fidelissima
1161 845 1195 907 et
1209 841 1245 906 in
1261 841 1413 906 omnibus
1428 843 1513 907 bonis

240 946 375 1010 florente
399 945 537 1030 conjuge
558 966 618 1009 sua
639 945 725 1010 circa
746 948 868 1010 rectam
895 947 928 1008 ct
954 966 1068 1029 puram
1096 946 1285 1009 sanctarum
1313 944 1513 1010 ecclesiarum

241 1048 430 1130 unitionem,
455 1050 488 1111 et
510 1047 774 1131 quemadmodum
797 1069 870 1112 cum
891 1045 1026 1111 caritate
1040 1045 1112 1129 Dei,
1135 1067 1199 1131 qua
1221 1067 1282 1110 nos
1298 1046 1443 1129 decebat,
1466 1046 1513 1110 de

239 1150 377 1214 stinatos
400 1172 420 1213 a
440 1149 530 1213 vobis
554 1151 683 1213 sanctos
705 1149 870 1234 episcopos
893 1153 926 1214 et
946 1147 1114 1233 religiosos
1136 1148 1340 1233 suscepimus
1367 1152 1400 1213 et
1426 1170 1513 1214 vene

240 1251 357 1315 randos
383 1250 555 1316 habuimus
585 1251 767 1338 clericos²),
801 1251 1021 1316 existimamus
1050 1249 1178 1335 quidem
1205 1254 1240 1315 et
1272 1254 1352 1316 ante
1385 1273 1424 1316 ex
1455 1250 1511 1333 his,

239 1375 321 1439 quae
344 1355 416 1418 acta
439 1357 525 1437 sunt,
549 1354 753 1419 satisfactum
775 1356 900 1417 vestrae
920 1351 1124 1418 beatitudini.
1170 1352 1375 1420 Credidimus
1396 1357 1511 1435 tamen,

238 1457 352 1541 quodsi
372 1457 530 1521 Dominus
560 1458 593 1520 et
615 1455 762 1522 Salvator
775 1455 870 1520 Jesus
886 1453 1032 1521 Christus
1047 1453 1134 1519 Deus
1156 1458 1270 1520 noster
1289 1455 1411 1540 idem⁸)
1432 1455 1512 1540 ipsos

239 1558 519 1623 reverendissimos
541 1558 847 1623 comministratores
870 1560 996 1622 nostros
1018 1556 1195 1622 incolumes
1218 1556 1337 1621 vestris
1351 1557 1511 1622 obtutibus

239 1661 468 1744 praesentavit,
495 1660 604 1724 omnia
625 1681 708 1744 quae
731 1659 870 1724 exdtata
892 1662 978 1743 sunt,
1003 1659 1092 1724 robis
1107 1658 1323 1724 sanctissimis
1345 1659 1511 1724 manifesta

239 1761 323 1846 fieri,
354 1765 387 1826 et
408 1761 567 1844 laborem,
591 1783 686 1845 quem
708 1761 871 1846 potuimus
893 1762 1062 1826 sustinere.
1106 1760 1171 1825 Per
1191 1759 1251 1824 hos
1272 1760 1362 1844 ipsos
1383 1762 1511 1826 maniis

239 1863 319 1928 stins
342 1864 558 1948 cognoscetis,
587 1863 853 1948 quemadmodum
874 1884 932 1948 per
955 1861 1014 1927 Dei
1038 1864 1178 1948 gratiam
1200 1865 1234 1928 et
1258 1860 1511 1928 fidelissimorum

238 1965 422 2050 principum
451 1969 633 2031 nostrorum
661 1963 1039 2049 Constantinopolitanae
1066 1964 1208 2030 civitatis
1236 1967 1350 2029 nostra
1383 1965 1510 2031 ecclesia

239 2067 373 2152 pacifice
396 2069 445 2132 est
467 2068 658 2153 gubernata,
687 2071 720 2132 et
741 2067 874 2132 nomina
896 2088 1005 2132 eorum
1027 2066 1113 2131 inter
1134 2088 1227 2131 sacra
1248 2087 1317 2130 non
1338 2071 1419 2132 sunt
1439 2068 1509 2132 rcci-

238 2172 308 2234 tata
330 2169 498 2254 mysteria,
531 2191 611 2255 quae
634 2169 702 2234 sedi
724 2173 851 2234 vestrae
872 2169 1010 2254 profana
1037 2170 1261 2254 cognovimus,
1294 2168 1352 2233 sed
1380 2174 1510 2254 quatuor

239 2271 447 2336 conciliorum
469 2273 563 2357 pro⁴)
585 2274 675 2337 recta
696 2270 758 2336 fide
782 2272 995 2336 consonantia
1016 2270 1235 2355 praedicatur,
1264 2276 1300 2334 et
1327 2269 1390 2336 hoc
1411 2272 1509 2357 ipsum

239 2374 389 2438 omnibus
411 2395 576 2438 sacrorum
598 2371 824 2458 diptychorum
846 2373 1035 2438 recitatione
1050 2372 1259 2437 manifestum
1281 2375 1342 2437 est.
1378 2372 1508 2439 Annun-

239 2476 323 2540 tient
344 2476 446 2561 igitur
467 2475 568 2559 vobis,
592 2474 668 2560 quia
690 2496 757 2539 non
777 2475 870 2558 parvi
891 2476 984 2540 nobis
1003 2474 1140 2559 subjecti
1154 2473 1349 2558 sacerdotes,
1374 2498 1435 2542 nec
1448 2498 1509 2541 rur·

238 2599 292 2642 sus
314 2577 373 2641 sub
396 2599 505 2641 eorum
527 2577 728 2642 ordinatione
750 2577 971 2662 episcoporum
992 2598 1092 2662 parva
1113 2580 1163 2642 est
1183 2576 1314 2642 subdita
1328 2577 1505 2657 multitudo,

238 2701 321 2764 quae
355 2680 474 2744 bonum
512 2679 608 2761 hujus
641 2684 773 2765 coeptae
812 2678 968 2743 unitionis
1007 2677 1227 2764 amplectitur:
1270 2682 1379 2745 restra
1417 2680 1507 2746 ctiam

239 2781 395 2846 sanctitas
419 2784 602 2866 cognoscat,
626 2781 719 2846 istius
742 2803 776 2846 se
798 2779 958 2867 generalis
980 2780 1058 2845 boni
1080 2783 1113 2845 et
1127 2781 1308 2866 principem
1323 2785 1359 2846 et
1373 2781 1507 2869 incepto

238 2905 305 2948 rem
328 2882 537 2948 nihilominus
560 2883 815 2970 constitutuml).

322 2986 353 3049 2.
387 2984 482 3051 Unde
508 2985 636 3049 fortiter
664 2985 704 3049 ad
731 2984 932 3070 vigilandum
958 2984 1124 3049 beatitudo
1152 2987 1259 3049 vestra
1287 2985 1438 3052 laudibus
1463 2992 1507 3052 est

237 3087 375 3152 stimulis
398 3087 584 3171 excitanda,
613 3108 671 3171 ne,
700 3087 733 3152 id
755 3086 838 3172 quod
861 3086 970 3151 divina
991 3085 1027 3151 in
1053 3085 1208 3151 honorem
1235 3089 1336 3152 vestri
1366 3095 1506 3173 coeperat

238 3191 386 3255 ordinare
407 3188 642 3272 misericordia,
672 3210 739 3254 non
767 3187 961 3274 adplenum
983 3189 1045 3272 ita,
1074 3193 1110 3253 ut
1133 3189 1303 3272 condecet,
1335 3191 1506 3255 communis

236 3294 345 3357 unitas
373 3291 540 3376 pervenire
566 3289 722 3356 videatur.
766 3289 964 3377 Diligentius
992 3294 1100 3355 autem
1127 3290 1165 3355 de
1193 3290 1245 3356 his
1273 3290 1453 3357 fidelissimi
1477 3296 1506 3356 et

120 3511 163 3562 a.
237 3391 1505 3582 tithss¹⁰5htttff¹tttall⁰lffi..lh‡tttthtff¹ttl

124 3564 153 3615 et
168 3568 222 3617 ¹²³
238 3600 380 3662 cationes
403 3621 422 3660 a
437 3597 582 3681 plurimis
604 3597 725 3661 sanctis
741 3597 959 3662 sacerdotibus
978 3597 1190 3681 suscipientes
1211 3600 1280 3662 tam
1294 3595 1395 3663 Ponti
1415 3620 1503 3683 quam

238 3700 335 3762 Asiae
358 3700 542 3781 provinciae
564 3704 597 3763 et
622 3699 760 3762 maxime
783 3698 940 3782 Orientis,
970 3699 1054 3782 apud
1082 3720 1160 3782 qnos
1188 3698 1324 3763 nomina
1349 3699 1503 3785 quondam

237 3800 437 3865 sacerdotum
460 3822 588 3865 suorum
610 3804 717 3865 tacere
740 3801 871 3865 difficile
894 3804 926 3865 ct
948 3799 1144 3886 impossibile
1172 3822 1241 3866 esse
1268 3800 1413 3886 videtur,
1439 3806 1502 3866 tan·

238 3995 286 4042 130
323 3989 378 4057 ¹)b
402 3993 502 4041 carno
529 3994 721 4043 amenissima.
765 3985 842 4041 ldem
869 3987 1023 4056 imperator
1050 3987 1086 4041 ab
1115 3986 1214 4042 eedem
1236 3986 1398 4060 Epiphanio
1425 4004 1502 4060 supra

235 4072 315 4142 epist.
337 4079 383 4125 111
406 4077 633 4126 certationisaimur
650 4072 719 4127 item
737 4071 903 4141 appellatur.

302 4160 323 4226 ²)
341 4156 414 4210 Puta
431 4158 601 4212 Germanum
619 4159 648 4211 et
665 4156 821 4210 Johannem
839 4157 997 4227 episcopos,
1017 4157 1233 4227 etDioscorum,
1251 4158 1376 4215 Felicem
1387 4159 1502 4214 etBlsu·

235 4241 301 4294 «lum
320 4240 445 4307 clericos,
464 4243 600 4309 quatenus
618 4242 671 4296 liae
689 4241 814 4310 generali
831 4258 898 4297 voce
917 4242 1002 4297 etiam
1020 4243 1179 4312 presbyteri
1197 4245 1355 4299 censentur.

303 4329 323 4395 ³)
341 4326 486 4380 Mallemus
507 4333 608 4381 eosdem
630 4334 712 4395 ipsos,
730 4326 785 4381 scil.
808 4327 917 4397 legatos
934 4326 1107 4396 praedictos,
1130 4329 1177 4396 qui
1195 4329 1298 4385 Juliia
1321 4329 1366 4385 dic
1390 4348 1423 4386 ex
1440 4329 1501 4384 urbe

234 4411 313 4481 regia
330 4411 435 4465 dimissi
457 4413 579 4478 fuerant,
602 4413 634 4465 ut
656 4429 689 4465 ex
712 4411 832 4481 epistola
856 4416 903 4464 116
924 4411 1066 4478 discimus,
1088 4413 1117 4467 et
1138 4430 1208 4482 quos
1230 4413 1326 4469 medio
1349 4413 1500 4484 Septembri

232 4495 352 4550 Romam
369 4496 527 4566 pervenisse
546 4514 580 4551 ex
598 4497 731 4565 epistolae
751 4503 799 4550 120
818 4496 941 4550 clarmula
959 4496 1106 4566 colligitur.

300 4584 322 4649 ⁴)
341 4582 375 4633 G'
394 4602 443 4650 pro
461 4594 548 4635 rectae
563 4587 637 4648 fidei,
657 4581 675 4634 b
692 4602 742 4650 pro
760 4593 832 4636 rectu
847 4588 915 4650 fide,-
933 4584 961 4636 a³
977 4603 1028 4651 pro
1046 4593 1135 4636 anneto
1153 4583 1288 4652 perassari..
1319 4585 1451 4640 Tesiahrr
1460 4583 1499 4637 hir

232 4664 416 4735 Epiphanius,
439 4668 560 4734 quatuor
583 4666 751 4734 synodorum
774 4667 803 4720 in
824 4684 967 4722 sacrorum
991 4667 1184 4737 diptychorum
1207 4666 1375 4724 recitatione
1393 4668 1499 4724 mentio

112 4758 122 4772 ·
232 4765 296 4803 nem
314 4750 381 4803 ficri.
417 4750 481 4804 Mox
499 4751 567 4804 bcc
582 4757 661 4818 pauci
677 4751 750 4818 (loco
768 4758 861 4821 paret).

300 4835 320 4902 ⁵)
340 4835 357 4886 b
377 4842 543 4889 constitutam.
580 4835 644 4889 Mox
662 4836 704 4888 cd.
722 4843 822 4891 laudam
841 4851 879 4890 cst
952 4843 989 4891 od
1004 4848 1090 4891 cestra
1102 4843 1284 4915 missitaverant
1359 4860 1444 4895 onnes
1458 4858 1498 4910 pe·

232 4925 343 4972 rivulum.
