3204 5506
617 121 811 172 nrrsronun
835 113 865 170 7.
889 115 919 171 8.
1342 109 1405 176 755

132 280 267 362 patrum
288 275 473 342 nullatenus
495 275 632 340 deviare.
671 274 716 340 Et
737 276 898 361 quianon
921 278 1028 359 potest
1049 274 1179 342 Domini
1201 277 1304 342 nostri
1325 277 1403 343 Jesu

133 377 259 445 Christi
281 377 494 463 praetermitti
516 377 679 442 sententia
705 377 857 442 dicentis:
889 381 933 443 Tu
954 399 986 442 es
1007 383 1131 457 Petrus,
1161 389 1191 444 et
1211 401 1304 461 super
1323 385 1405 446 hunc

130 493 255 561 petram
283 484 449 556 oedificabo
472 485 638 544 Ecclesium
666 479 829 564 meam³³);
866 479 945 543 haec
972 501 1054 563 quae
1081 480 1168 544 dicta
1195 485 1271 545 sunt
1298 503 1403 547 rerum

134 581 316 666 probantur
337 581 518 665 effectibus,
542 582 617 667 quia
639 580 673 644 in
694 582 768 645 sede
784 581 960 665 apostolica
981 582 1187 647 immaculata
1209 585 1258 647 est
1280 606 1404 669 semper

135 683 296 748 catholiea
318 688 444 748 servata
466 683 589 768 religio.
638 683 687 747 De
708 682 770 747 hac
793 704 869 769 ergo
892 704 948 767 spe
971 686 1004 747 et
1025 684 1087 748 fide
1109 687 1250 769 separari
1272 687 1404 751 minime

135 786 303 872 cupientes
326 789 358 850 et
379 789 507 870 patrum
530 788 699 870 sequentes
722 784 757 848 in
779 785 926 849 omnibus
943 786 1129 870 constituta,
1153 787 1404 852 anathematiza-

134 911 208 953 mus
231 909 341 952 omnes
363 886 521 970 haereses,
544 888 714 971 praecipue
729 885 914 951 Nestorium
935 886 1143 971 haereticum,
1167 889 1221 973 qui
1243 890 1403 975 quondam

135 989 515 1073 Constantinopolitanae
530 987 593 1052 fuit
607 989 694 1052 urbis
710 988 888 1073 episcopus,
902 990 1089 1054 damnatum
1103 990 1139 1054 in
1154 991 1288 1054 coneilio
1299 991 1404 1075 Ephe-

134 1094 208 1158 sino
231 1115 250 1156 a
265 1091 447 1158 Caelestino
469 1112 553 1175 papa
575 1091 663 1155 urbis
677 1091 800 1156 Romae
822 1093 856 1155 et
872 1096 891 1154 a
906 1095 1019 1156 sanctu
1032 1091 1151 1176 Oyrillu
1166 1092 1405 1159 Alexandrinae

135 1194 279 1260 civitatis
307 1193 461 1258 antistite.
507 1192 581 1257 Una
609 1215 681 1257 cum
707 1193 770 1257 istu
778 1193 819 1278 ³⁴)
848 1192 1158 1258 anathematizantes
1181 1193 1350 1279 Eutychen
1373 1199 1405 1261 et

134 1295 327 1361 Dius'eomm
348 1295 614 1379 Alexandrinum,
638 1295 673 1358 in
695 1298 809 1359 saneta
831 1295 962 1378 synodo,
986 1318 1082 1379 quam
1104 1296 1264 1380 sequimur
1286 1301 1319 1362 et
1341 1320 1405 1362 am·

135 1398 319 1483 plectimur,
343 1396 595 1463 Calchedonensi
617 1397 795 1460 demiratus.
830 1395 890 1460 His
906 1396 1109 1461 'timotheum
1132 1397 1319 1481 adjicientes
1334 1422 1405 1483 par-

134 1499 288 1583 ricidam,
317 1499 472 1563 Aelurum
500 1502 728 1584 cognomento,
760 1501 794 1562 et
815 1498 1006 1582 discipulum
1034 1520 1158 1584 qnoque
1187 1500 1288 1583 ipsius
1310 1505 1405 1586 atque

135 1623 307 1687 sequacem
328 1602 378 1665 vel
393 1601 523 1665 Petrum
546 1600 597 1664 vel
611 1601 776 1683 Acacium,
800 1600 854 1685 qui
876 1601 910 1664 in
935 1621 1043 1664 eorum
1062 1602 1293 1667 communionis
1308 1605 1406 1668 socie-

134 1707 206 1769 tate
216 1703 469 1788 permanserint3
491 1703 565 1786 quia
580 1725 713 1787 quorum
728 1725 762 1768 se
779 1703 994 1766 communioni
1010 1702 1148 1791 miscuit,
1164 1703 1306 1787 ipsorum
1320 1706 1406 1769 simi-

135 1808 201 1871 lem
224 1806 341 1870 meruit
361 1805 396 1869 in
412 1805 619 1869 damnatione
634 1805 839 1869 sententiam.
868 1803 1221 1868 Petrum'nihilominus
1232 1807 1406 1871 Antioche-

136 1931 219 1975 num
240 1908 431 1973 damnantes
455 1928 526 1971 eum
549 1908 736 1991 sequacibus
758 1907 823 1970 suis
846 1910 878 1970 et
899 1906 1041 1970 omnium
1064 1908 1362 1992 suprascriptorum.

224 2010 268 2077 II.
291 2009 493 2094 Quapropter
514 2009 702 2093 suscipimus
725 2013 758 2072 et
779 2008 951 2092 probamus
959 2007 1000 2092 ³⁵)
1016 2007 1168 2092 epistulas
1192 2008 1276 2074 beati
1291 2010 1407 2076 Leonis

136 2135 244 2199 papae
277 2112 459 2196 universas,
488 2132 567 2197 quas
595 2111 633 2175 de
660 2111 815 2195 religione
838 2108 1023 2175 Christiana
1051 2110 1251 2193 conseripsit.
1302 2111 1405 2197 Unde,

136 2217 225 2280 siout
246 2214 472 2300 praediximus,
497 2216 666 2296 sequentes
688 2214 723 2276 in
738 2213 885 2276 omnibus
901 2210 1110 2295 apostolicam
1132 2212 1239 2276 sedern
1262 2216 1295 2277 et
1317 2237 1406 2298 prae·

137 2317 289 2382 dicantes
309 2317 376 2401 ejus
398 2315 506 2379 omnia
529 2315 714 2397 constituta,
738 2336 841 2399 spero,
865 2314 958 2378 utin
980 2335 1045 2377 una
1061 2315 1283 2379 communione
1305 2317 1408 2381 vobis-

1417 287 1534 359 (aura)

1416 354 1515 417 Manu

1418 429 1504 493 rara.

138 2441 231 2504 cum,
255 2439 349 2502 quarn
371 2417 460 2480 sedes
483 2415 658 2500 apostolica
679 2417 858 2501 praedicat,
888 2436 957 2480 esse
979 2436 1118 2498 merear,
1147 2418 1182 2480 in
1205 2439 1268 2500 qna
1290 2422 1339 2482 est
1359 2421 1408 2483 in·
1432 2469 1440 2485 .

136 2525 235 2606 tegra
257 2523 289 2584 et
311 2541 406 2583 verax
429 2518 631 2583 Christianae
660 2518 825 2603 religionis
855 2516 1009 2581 soliditas.
1053 2518 1282 2584 Promittentes
1311 2522 1407 2585 etiam

137 2624 356 2708 sequestratus
384 2643 403 2683 a
432 2620 653 2685 communione
675 2620 838 2684 Ecclesiae
867 2618 1041 2683 catholicae
1048 2669 1056 2701 ,
1086 2620 1118 2683 id
1147 2621 1211 2702 est,
1240 2644 1305 2685 nun
1335 2644 1407 2686 eun-

136 2726 318 2791 sentientes
341 2722 409 2786 sedi
430 2721 633 2805 apostolicae,
658 2743 766 2786 eorum
787 2722 919 2786 numina
941 2721 1027 2784 inter
1049 2743 1141 2785 saera
1163 2743 1227 2786 nun
1247 2745 1315 2787 esse
1330 2726 1407 2789 reci-

136 2828 241 2893 tanda
263 2824 424 2911 mysteria.
462 2822 558 2887 Hanc
580 2827 687 2888 autem
708 2823 938 2908 professionem
960 2845 1062 2886 meum
1078 2845 1176 2886 manu
1190 2825 1321 2915 propria
1335 2828 1407 2891 sub-

136 2929 266 3014 scripsi,
291 2930 324 2992 et
344 2927 404 2991 tibi
426 2924 627 3009 Hormisdae,
653 2929 765 2990 saneto
787 2929 820 2989 et
840 2925 1016 2989 venerabili
1039 2946 1142 3008 papae
1165 2925 1251 2989 urbis
1274 2925 1405 3011 Romae

136 3032 243 3097 obtuli
267 3031 318 3094 die
340 3028 400 3120 ΧΥ
417 3027 574 3093 Oaleudas
597 3028 730 3112 Aprilis,
754 3028 897 3111 Agapito
919 3027 987 3090 viro
1009 3025 1185 3090 clarissimo
1208 3028 1346 3092 consule.

657 3214 837 3318 Epistola
863 3215 896 3297 8.

297 3368 508 3435 Hormisdou
532 3384 641 3451 papae
664 3367 707 3432 ad
730 3364 959 3433 Anastaslum
981 3367 1249 3449 imperatorem.

166 3515 227 3576 Qua
249 3512 400 3568 conditione,
420 3511 518 3558 etiamsi
535 3510 600 3558 nullu
618 3510 790 3572 praecedente
808 3508 931 3570 exemplu.
951 3507 987 3554 ud
997 3508 1127 3556 ruralium
1145 3510 1278 3557 conuenire
1295 3525 1373 3573 puru-

595 3600 635 3643 lur
652 3596 693 3650 ait,
710 3594 824 3658 pluribus
842 3593 957 3657 exponit.

296 3726 538 3812 Hormisda¹)
562 3726 780 3791 Anastasio
801 3727 991 3810 Augusto.
1048 3730 1120 3818 lfer
1140 3730 1350 3792 Ennodinm
1372 3738 1409 3794 et

387 3835 638 3895 Fortunatam
675 3833 894 3911 episcopos,
935 3831 1168 3892 venantium
1203 3832 1407 3910 presbyte-

387 3953 479 4008 rum,
499 3935 666 3995 vitalem
682 3936 886 3995 diaconum
908 3932 1201 3994 at·Hilarionem
1217 3932 1405 3995 abbatem.

226 4055 256 4117 l.
297 4050 384 4115 Bene
407 4055 502 4134 atque
525 4050 648 4113 utiliter
675 4051 831 4113 serenitas
860 4052 965 4114 vestra
994 4069 1102 4112 euram
1125 4048 1312 4131 principalis
1335 4071 1407 4114 aeu-

201 4261 241 4326 ³³)
259 4255 311 4313 Ed.
331 4255 393 4309 add.
413 4267 475 4316 etr„
501 4271 620 4323 moxque
641 4274 740 4323 semper
757 4265 861 4324 seruata
882 4258 971 4321 relipio
1046 4256 1086 4305 Ab
1110 4256 1158 4305 leuc
1180 4272 1241 4320 erpo
1325 4273 1409 4308 omnes

114 4349 286 4410 haereticos
305 4379 340 4397 0..
357 4347 497 4394 ductantur.

203 4432 242 4499 ³⁴)
259 4426 312 4481 Ed.
327 4431 384 4494 ipso
432 4446 529 4496 quoque
543 4433 600 4492 ejus
614 4438 691 4495 utque
704 4445 835 4495 sequacem
846 4429 947 4477 Petrum
1003 4429 1144 4490 pernruneit
1188 4427 1284 4475 illorum
1297 4429 1407 4477 similem.

200 4518 240 4584 δῦ)
259 4512 311 4566 Ed.
328 4515 497 4580 approbamur
510 4531 594 4565 umnec
608 4517 729 4579 epistolar
743 4515 837 4564 Leonis
847 4550 866 4563 ..
876 4550 881 4563 .
892 4513 1046 4563 Promittere
1060 4550 1079 4563 ..
1090 4549 1095 4559 .
1108 4511 1194 4563 ubtuli.
1213 4512 1282 4559 Data
1290 4510 1318 4560 Χ
1320 4513 1345 4560 V
1353 4512 1407 4562 Cel.

136 4614 159 4664 3
202 4605 227 4671 ¹)
247 4600 317 4653 bec
331 4601 468 4650 Hmrnirdu
486 4604 629 4666 epiecopus.
664 4597 700 4649 (1⁸²
718 4595 755 4648 ad
773 4611 860 4663 marg.
881 4598 933 4648 Per
946 4597 1089 4647 Enaudium
1105 4604 1131 4646 et
1150 4597 1312 4645 Fortunarum
1329 4612 1410 4661 eppor

120 4692 296 4751 Venantium
313 4686 418 4751 prbrum
441 4686 547 4734 Vitulem
565 4688 695 4735 diaconum
714 4691 738 4733 et
759 4685 916 4733 Ililnriunem
935 4682 1056 4731 uirtutem.

1146 4763 1210 4831 48*

1421 3391 1445 3426 a.
1456 3379 1506 3428 ult
1519 3373 1545 3428 d.

1427 3448 1455 3495 11
1468 3443 1538 3512 Aug.
