3204 5506
415 368 612 419 eersrounn
635 357 654 416 5
677 370 722 416 er
745 368 930 418 secennio.
955 373 1047 421 usus.
1324 359 1365 423 93

159 531 210 588 dicto
221 531 315 588 labero
326 529 441 607 Reginae
460 531 539 589 1997
554 529 711 588 inscribitur
726 533 890 605 praeceptio,
913 550 981 606 quae
1001 550 1050 607 per
1065 533 1225 589 Germanum
1241 544 1267 590 et
1284 534 1364 591 Caro-

155 634 197 672 sum
208 618 264 673 nisu
276 626 319 679 et,
336 621 507 690 praeceptio
523 618 610 691 Reyis
625 616 678 673 ΙΙΙ
698 621 784 672 naisso
801 620 840 673 ad
853 621 1008 690 synodum:
1030 634 1099 691 quae
1120 620 1244 693 sequitur
1260 620 1291 675 vt
1307 620 1361 676 Cal

151 701 206 783 Sep.
218 701 267 765 data.
282 707 446 775 praeceptio
468 706 545 776 reyis
559 702 628 758 llll
648 705 735 758 missa
757 704 797 758 ad
811 705 967 775 synodum·
986 719 1054 776 quac
1070 720 1127 759 eam
1142 706 1242 778 excipit
1259 709 1363 762 relatio

148 791 297 860 praepetum
316 787 381 844 haec
400 787 432 842 ad
454 789 601 862 marginem
626 786 718 843 eadem
739 805 818 842 manu
839 786 974 861 adscripta
995 787 1093 844 refert:
1123 789 1220 846 Tertia
1236 793 1363 863 synodus

143 873 327 930 habituhonae.
357 872 431 941 Quae
452 873 641 947 inscriptiones
658 873 832 928 vetustissimi
855 871 954 928 codicis
977 880 1006 927 ut
1028 875 1221 929 accuratiorem
1241 873 1292 931 sibi
1308 874 1361 930 dis-

141 958 271 1030 quisitionem
292 958 445 1032 postulant,
472 959 509 1014 ita
531 959 617 1032 gestis
640 956 789 1013 turbulenti
814 957 886 1013 illius
907 959 1058 1013 schismatis
1084 958 1156 1014 {raud
1177 976 1271 1032 parum
1293 960 1361 1016 lucis

137 1042 232 1099 eluunt.
1131 1035 1135 1043 ⁸
1430 1035 1439 1052 ⁹

199 1144 221 1201 l.
245 1144 322 1202 Prima
337 1145 446 1220 synodo
456 1152 525 1218 post
541 1148 721 1202 consitutum
736 1145 855 1201 Paulini
868 1143 950 1217 (auno
966 1142 1040 1217 499)
1061 1145 1122 1201 Cart.
1138 1147 1256 1203 Martiis
1272 1146 1360 1202 habita

129 1228 293 1305 [Symmepd]
308 1248 363 1287 nou
379 1232 546 1304 acquievisse
562 1231 712 1306 Symmachi
729 1230 848 1285 aemulos
865 1238 892 1284 ct
908 1229 1084 1292 adversarios,
1101 1231 1148 1286 sed
1165 1249 1179 1287 a
1195 1249 1261 1305 rege
1273 1232 1361 1287 Theo·

125 1314 205 1371 dorico
219 1332 306 1372 novum
323 1315 457 1387 judicium
483 1325 511 1372 et
532 1317 698 1371 visitatorem
726 1315 856 1371 ecclesiae
879 1314 1012 1371 Romanae
1034 1317 1154 1390 petiisse,
1183 1333 1215 1371 ea
1242 1318 1360 1390 aequalis

123 1393 252 1474 anonyui¹)
265 1418 313 1458 nec
328 1419 383 1458 non
397 1402 529 1457 Anastasii
545 1407 601 1457 uita
613 1400 779 1472 Symmachi
792 1408 820 1454 et
835 1399 948 1455 Enrruttt
967 1402 1062 1457 libello
1079 1404 1257 1475 apotoyetico
1278 1404 1360 1457 resci-

122 1486 212 1541 scimns.
235 1485 324 1542 lisdem
340 1486 497 1542 auctoribus
513 1487 702 1559 comperimus,
718 1487 753 1541 ita
769 1487 896 1540 annuisse
912 1502 1012 1558 regem,
1032 1494 1061 1541 ut
1075 1486 1185 1541 Petrum
1202 1488 1359 1560 episcopum

121 1569 240 1626 Altinatem
252 1589 303 1644 pro
319 1573 420 1628 diebus
435 1572 627 1643 paschalibus
647 1571 812 1626 visitatorem
834 1571 961 1631 mitteret,
985 1572 1040 1643 qui,
1062 1571 1126 1625 darm
1142 1571 1174 1626 lis
1189 1569 1261 1626 linita
1277 1579 1358 1631 esset,

117 1654 234 1711 ωιιιιιιιιι
251 1654 393 1713 Romanam
414 1656 622 1712 administraret.
659 1655 718 1711 blor
734 1662 803 1727 post
823 1663 954 1711 srrnctam
973 1655 1160 1726 festivitatem
1181 1659 1307 1729 synodus
1329 1659 1357 1713 in

118 1741 202 1796 uben
214 1741 342 1799 humum.
357 1785 364 1798 .
378 1785 385 1797 .
396 1743 521 1815 jubente
536 1757 604 1815 reye
620 1784 627 1798 .
644 1784 651 1796 .
669 1784 676 1797 .
692 1743 727 1797 de
742 1740 908 1813 Symmachi
921 1743 1090 1798 excessibus
1097 1743 1274 1813 judicatura
1291 1758 1357 1797 corr·

117 1829 183 1881 senil
195 1824 316 1902 (anonym.
333 1825 493 1899 blacchia).
525 1827 596 1882 llaec
617 1827 702 1901 igitur
716 1825 837 1900 synodus
853 1827 880 1880 iu
897 1842 975 1880 causa
992 1827 1142 1900 Syrnmachi
1159 1829 1287 1882 secunda
1305 1835 1356 1886 est.

116 1910 179 1965 sicut
191 1910 361 1968 Theodericus
381 1914 441 1987 ipse
463 1914 490 1968 in
505 1916 713 1985 praeceptione
728 1911 781 1967 ΙΙΙ
798 1910 923 1985 (append.
940 1929 966 1966 ιι.
986 1909 1015 1983 2)
1037 1928 1095 1966 eam
1115 1916 1223 1967 iterato
1238 1913 1356 1984 judicia

118 2003 192 2050 rorat
216 1996 252 2052 hd
265 2013 321 2053 eam
337 2014 448 2081 quoque
465 1997 631 2072 computatio
650 1997 871 2070 praeceptionum
887 1998 1031 2070 regiarum,
1053 2013 1133 2070 quam
1149 1996 1291 2051 Vaticanus
1307 1994 1357 2049 lle-

117 2080 187 2152 gira
197 2097 253 2155 prae
265 2098 293 2138 se
307 2081 371 2146 lert,
392 2081 534 2138 referenda
550 2090 601 2137 est.
627 2083 726 2138 Primo
743 2083 843 2155 quippe
859 2081 992 2151 ejusmodi
1007 2083 1161 2155 praeceptio
1177 2081 1221 2136 illa
1237 2090 1287 2143 est,
1305 2097 1356 2153 qua

116 2181 144 2219 ex
157 2163 253 2222 diversis
265 2169 409 2241 provinciis
424 2166 457 2222 ad
469 2165 563 2223 urbem
574 2166 684 2222 bornam
699 2168 843 2222 convenire
859 2166 1014 2221 sacerdotes
1031 2167 1104 2239 regia
1116 2167 1251 2239 praecepit
1264 2174 1357 2220 aucto·

117 2250 174 2304 ritas
188 2250 246 2326 (syn.
257 2251 335 2309 Palm.
352 2270 380 2309 n.
397 2251 434 2324 1).
462 2251 588 2326 Synodus
604 2259 692 2308 autern
708 2253 764 2324 ipsa
780 2252 807 2306 in
823 2249 930 2306 basilica
942 2243 1034 2323 totid)
1050 2250 1137 2306 babitu
1153 2259 1203 2313 est,
1222 2259 1251 2305 ut
1265 2268 1355 2306 rerum

119 2335 192 2390 aaa
202 2337 293 2401 suadet,
309 2355 371 2394 moa
387 2345 451 2412 post
465 2337 565 2393 festum
577 2337 703 2411 paschale
719 2339 781 2392 anni
797 2336 867 2393 501.
899 2336 927 2402 ln
943 2353 995 2408 qua
1007 2353 1090 2410 quum
1106 2336 1281 2410 Syrrrmaclrus
1298 2338 1356 2410 ipse
1397 2394 1400 2399 ,

119 2423 293 2492 eornpnuisset¹
309 2439 373 2496 prae
388 2421 513 2479 omuibus
527 2429 557 2477 ut
569 2429 755 2478 removeretur
767 2423 889 2478 visitator
902 2430 930 2476 et
945 2438 1009 2476 suae
1023 2423 1108 2495 ipsius
1124 2423 1252 2496 potestati
1268 2422 1356 2476 omnia

122 2503 272 2562 ιωιαίιιιίιι
296 2506 477 2565 redderentur
496 2508 653 2581 postulavit.
688 2506 760 2575 Quae
783 2523 825 2561 ros
847 2508 897 2561 etsi
919 2509 1154 2579 diynu⁸rvruximo
1172 2509 1355 2562 sacerdotum

123 2604 220 2648 nmero
233 2596 286 2649 m'su
301 2599 351 2656 est.
370 2601 460 2649 tamen
476 2592 647 2655 Theoderici,
670 2608 750 2666 quem
770 2591 860 2647 ileuuo
881 2591 1078 2647 consulendum
1099 2591 1244 2655 duxerunt,
1264 2607 1353 2663 prae-

125 2677 271 2744 ceptionibus
282 2681 389 2751 jussus
410 2685 454 2734 est
472 2696 553 2750 papa
570 2678 759 2750 Symmachus
771 2684 846 2732 -ante
858 2681 1028 2748 patrimonii
1042 2681 1085 2733 eet
1101 2680 1293 2733 ecclesiarum
1309 2694 1354 2732 re·

127 2761 253 2828 ceptionem
266 2780 326 2819 curn
338 2764 587 2836 impuynutoribus
601 2766 661 2819 suis
674 2767 704 2817 in
719 2763 929 2833 disceptatione
945 2765 1101 2834 cousliyere
1117 2762 1146 2833 (l.
1162 2779 1186 2818 c.
1203 2780 1229 2817 ιι.
1244 2761 1284 2833 4).
1310 2760 1355 2816 list
1394 2794 1402 2813 ι

128 2840 181 2905 litt
192 2849 250 2919 ugia
261 2852 428 2920 praeceptio
448 2850 586 2905 recaredo.
627 2846 699 2914 (luae
721 2862 804 2919 quum
824 2846 946 2920 pontifex
963 2864 1013 2920 pro
1029 2865 1077 2901 sua
1093 2855 1168 2920 parte
1185 2848 1295 2902 omnino
1312 2864 1354 2901 re·

129 2938 231 2992 Mil,
249 2941 273 2988 et
290 2933 386 3007 synodi
406 2942 496 3008 patres
511 2934 607 3007 partim
628 2934 704 3006 quasi
719 2948 749 2986 re
764 2931 905 3005 desperata
920 2932 1108 2987 discessissent
1123 2934 1219 3005 partim
1236 2950 1249 2986 a
1266 2918 1366 2987 Theo-¹

130 3008 205 3068 ludeo
216 3032 295 3074 novam
308 3018 443 3092 synodum
458 3017 597 3074 Ravennae
618 3015 837 3091 congregandam
852 3018 1002 3089 petiissent.
1024 3034 1072 3090 per
1087 3018 1248 3072 Germanum
1264 3025 1292 3071 et
1307 3017 1354 3070 tla-

133 3110 205 3152 mum
217 3102 342 3178 episcopos
358 3105 408 3159 ista
426 3101 459 3158 ab
473 3102 522 3158 illo
533 3106 705 3174 praeceptio
721 3104 807 3157 tertia
830 3101 860 3155 Vl
876 3101 939 3156 ldus
955 3104 1071 3177 Augusti
1093 3102 1123 3157 od
1142 3102 1277 3173 synodum
1294 3100 1353 3156 data

134 3188 174 3243 2⁸¹»
190 3190 213 3237 tt
227 3188 260 3242 ud
271 3188 459 3246 Calendarum
475 3177 682 3260 Septembrium
702 3189 775 3243 diem
796 3190 868 3242 idem
888 3191 1071 3244 sacerdotum
1086 3202 1223 3243 caramerus
1238 3191 1267 3242 in
1284 3188 1354 3242 urbe

136 3262 207 3320 benc
218 3278 372 3344 conueniret,
396 3275 476 3330 etita
491 3273 597 3329 tandem
613 3274 768 3328 secundum
785 3273 841 3327 Ilei
854 3276 981 3329 timorem
997 3279 1078 3327 tantu
1096 3288 1187 3327 causo
1205 3276 1354 3328 terminum

136 3353 255 3410 uniretur
271 3356 378 3432 (Syrum.
400 3359 480 3433 eph
503 3357 618 3431 append.
641 3375 667 3413 n.
686 3358 703 3413 2
720 3366 746 3412 et
759 3356 799 3429 3).
833 3356 905 3413 ldem
926 3375 988 3413 mox
1009 3375 1079 3412 novo
1104 3355 1228 3412 mandato
1250 3356 1281 3410 Vl
1298 3356 1352 3412 Cal.

136 3429 196 3504 Stil·
207 3443 292 3512 npeun
309 3441 388 3518 (quae
403 3443 466 3499 ideo
484 3447 656 3514 praeceptio
672 3450 778 3515 quarta
800 3445 885 3498 missa
902 3445 941 3498 ud
955 3439 1112 3517 synodum),
1135 3442 1270 3516 simulque
1297 3445 1352 3499 Gu-

137 3515 433 3601 dilanetBedeutphum
446 3531 689 3600 majoresdomus
704 3543 776 3583 suae
792 3544 857 3583 cum
876 3531 983 3584 illustri
998 3534 1098 3585 comite
1113 3530 1255 3600 Ariyerno
1272 3530 1352 3591 misit,

140 3602 175 3671 pi
188 3608 360 3680 ulciscereris
374 3616 522 3687 dampnato
537 3617 680 3686 episcopo,
695 3614 939 3686 'quemadmodum
954 3614 1091 3687 synodalis
1107 3616 1249 3670 ordinatio
1265 3618 1352 3670 uesti-

141 3696 226 3761 Μαι,
243 3703 264 3751 ιι
275 3697 369 3772 synodi
383 3700 469 3773 ipsius
484 3700 658 3754 securitatem
674 3699 746 3754 ornni
762 3696 842 3753 modo
860 3706 1003 3754 tuerentur
1018 3698 1046 3771 (l.
1063 3717 1086 3755 e.
1104 3717 1130 3754 n.
1149 3698 1188 3772 7).

205 3790 225 3847 5.
245 3795 303 3856 nuc
320 3802 405 3876 igitur
424 3800 546 3874 synodus
566 3802 593 3856 in
615 3816 693 3856 causa
710 3800 860 3873 Symmachi
877 3817 978 3864 revera,
1002 3810 1032 3856 ut
1053 3803 1079 3857 in
1102 3800 1209 3856 laudato
1226 3802 1352 3857 Vaticano

143 3864 227 3944 legitis
237 3891 337 3948 notatur,
358 3889 444 3942 tertia
460 3887 570 3942 Romae
584 3886 691 3956 habita,
715 3884 837 3940 Calevrdis
853 3885 1065 3959 Septembribus,
1081 3895 1111 3942 ut
1133 3887 1263 3960 suspicari
1279 3886 1350 3948 lieet,

143 3957 241 4018 unhul
258 3967 396 4027 inbasilica
419 3971 574 4027 Sessoriana
595 3972 730 4032 convenit,
753 3968 866 4044 ejusque
887 3979 964 4044 gesta
984 3973 1011 4026 in
1027 3970 1132 4046 synodo
1147 3970 1258 4026 Palruari
1281 3970 1310 4041 (l.
1326 3989 1349 4027 c.

144 4053 164 4092 ³·
175 4040 243 4119 5-7)
258 4061 279 4108 et
297 4057 322 4112 iu
342 4055 482 4119 relatione.
504 4072 583 4131 quam
606 4057 725 4129 episcopi
741 4072 770 4110 re
786 4056 883 4110 iterum
899 4073 993 4130 parum
1009 4056 1125 4112 feliciter
1138 4056 1302 4111 succedente
1318 4057 1350 4110 ad

143 4136 211 4196 Ψ)
221 4135 326 4197 mmmm
341 4157 475 4216 quamque
490 4141 543 4197 hoc
557 4142 617 4214 ipso
633 4140 779 4215 appendice
795 4158 821 4196 ιι.
836 4141 938 4196 8-12
956 4140 1120 4204 exhibemus,
1137 4140 1243 4214 plenius
1259 4157 1351 4196 recen-

144 4217 219 4305 Ψ·
240 4218 406 4295 Symmachus,
422 4227 467 4301 qui
484 4227 561 4282 initio
577 4228 617 4283 ad
631 4233 801 4283 conuentum
816 4230 878 4282 sine
893 4230 993 4300 aliqua
1014 4229 1189 4283 dubitatione
1206 4242 1350 4297 propera·

144 4299 172 4346 ²¹¹
184 4302 334 4385 “humeya
356 4327 411 4369 sua
427 4315 568 4370 uoluntati
581 4315 680 4385 reyiae
695 4313 832 4381 submisit,
855 4313 882 4367 in
904 4315 944 4368 via
966 4312 997 4366 ab
1014 4312 1171 4367 adversariis
1187 4312 1243 4365 suis
1259 4320 1351 4366 trucu·
1386 4369 1397 4387 ,

217 4388 354 4462 uncatis,
378 4397 448 4453 ultra
468 4413 625 4472 comparere
645 4399 744 4453 renuit.
776 4395 946 4472 Quapropter
968 4398 1089 4471 synodus
1114 4395 1189 4453 etde
1204 4395 1307 4452 absenti
1323 4404 1350 4452 et

144 4504 390 4539 Χ...

191 4577 207 4659 Ϊ)
219 4580 249 4639 Ex
260 4597 412 4660 pervetusto
430 4593 524 4649 codice
542 4592 696 4649 Veronensi
713 4595 818 4664 primus
836 4594 924 4648 edidit
941 4594 1108 4649 Blonchinus
1126 4595 1153 4648 in
1166 4599 1289 4650 dieculas.
1307 4601 1349 4655 uit.

204 4651 315 4771 'bbm'w
332 4679 398 4733 pag.
411 4662 509 4727 LXIX,
533 4662 597 4717 inde
615 4663 749 4717 Murabori
768 4670 858 4733 script.
875 4684 928 4716 rer.
944 4669 1003 4717 Ital.
1023 4665 1042 4717 b.
1058 4665 1096 4717 lll
1114 4683 1140 4733 p.
1156 4671 1171 4716 ‘2
1189 4682 1254 4734 pug.
1268 4672 1301 4719 45
1322 4667 1350 4718 ei

142 4782 206 4899 mab
218 4737 283 4850 (ibba
291 4730 784 4878 ῗιῄὲῗὲὲιξξξὲοῇῒξιξῗιιαιίι
802 4799 917 4868 (Syrnnr.
931 4801 1009 4881 episi.
1023 4807 1038 4853 b
1056 4820 1082 4853 n.
1096 4804 1179 4879 ¹'ss4l’
1198 4820 1350 4870 erronyunrs

141 4849 328 4998 limais
338 4869 501 4990 perimus
529 4869 558 4922 et
579 4868 648 4922 hece
675 4886 735 4938 ipsu
758 4872 938 4923 nronumenln
960 4868 1074 4937 tSynun.
1095 4872 1205 4939 epula
1228 4870 1346 4939 append.
