3204 5506
656 117 850 166 EPISTOLAE
874 108 902 165 6.
928 108 957 164 7.
1271 89 1274 96 ’
1353 100 1416 165 749
1482 106 1486 114 “

153 271 177 336 si
196 270 249 356 qui
272 270 441 335 orthodoxi
464 272 496 335 et
518 272 647 334 nostrae
664 270 897 334 communionis
920 273 976 334 aut
989 269 1146 335 habentes
1161 270 1264 334 zelum
1279 269 1413 334 unitatis
1426 282 1461 346 (a.
1473 282 1544 347 stu.)

151 391 203 438 ros
224 373 334 438 videre
356 372 526 454 voluerint,
551 394 604 436 eos
626 373 685 436 sub
708 374 794 436 omni
818 372 942 436 cautela
965 372 1132 457 suscipite:
1154 393 1212 456 per
1233 393 1311 456 quos
1332 372 1416 436 forte

150 479 178 539 ct
200 477 285 560 quod
309 474 417 560 agitur
439 473 675 556 deprehendere
690 474 846 558 poteritis
877 473 1076 538 Praesentati
1099 474 1208 558 itaque
1231 473 1415 556 imperatori

146 574 272 642 litteras
296 576 450 660 porrigite
474 598 545 639 cum
560 576 618 639 tali
635 575 840 639 allocutione:
864 581 986 640 Salutat
1008 598 1059 640 vos
1076 588 1169 655 pater
1191 589 1296 652 uester,
1322 581 1415 639 Deum

143 686 280 758 quotidie
302 699 425 757 repens,
449 690 478 740 et
499 681 738 754 confessionibus
745 678 769 760 3)
785 690 958 742 sanctarum
974 685 1174 757 apostolorum
1192 683 1275 741 Petri
1288 689 1316 740 et
1328 682 1418 740 Pauli

140 793 278 846 oestrum
300 801 425 858 reanum
447 786 667 857 comprendens,
694 792 726 844 ut
748 785 838 858 lleus,
862 787 915 857 qui
935 785 1016 843 vobis
1038 786 1097 842 tate
1119 785 1299 843 desiderium
1321 784 1413 854 dedit,

138 895 175 947 ut
194 904 259 964 pro
280 902 374 946 caina
398 887 552 946 Ecclesiae
573 889 651 945 mitti
671 894 699 945 et
720 889 877 946 consulere
898 887 1113 945 beatitudinem
1141 889 1234 960 ipsiius
1256 888 1412 959 cleperitis,

137 992 211 1064 ipse
233 997 263 1047 et
281 988 499 1064 perfectionem
522 989 617 1047 bonae
639 990 753 1048 tribuat
775 991 945 1048 uoluntatis:

232 1086 263 1150 3.
302 1085 345 1148 Et
367 1086 393 1148 si
415 1085 559 1166 voluerit,
585 1089 756 1169 antequam
781 1085 908 1149 chartas
929 1086 1092 1169 suscipiat,
1116 1085 1260 1149 ordinem
1282 1083 1414 1168 legatio-

134 1188 196 1252 nis
222 1208 405 1271 agnoscere,
430 1186 480 1250 his
496 1187 600 1250 verbis
622 1187 767 1251 utimini:
789 1193 896 1251 iubete
911 1195 1026 1268 scripta
1040 1195 1201 1266 suscepere.
1234 1185 1267 1250 Si
1283 1186 1413 1250 dixerit:

139 1295 227 1366 Quid
249 1294 358 1352 babent
380 1295 528 1352 chartae?
555 1290 754 1373 respondetis
764 1293 805 1373 ll:
828 1294 947 1353 Saintes
970 1297 1013 1352 ad
1030 1296 1172 1369 pictatem
1196 1301 1323 1352 uestram
1345 1310 1415 1352 con-
1512 1281 1517 1296 ¹

134 1400 258 1468 tinent,
292 1382 321 1454 et
343 1397 405 1455 Deo
425 1398 544 1469 pretias
567 1404 678 1469 apertat,
714 1399 784 1469 quia
812 1412 863 1455 uos
883 1398 1026 1455 sollicitas
1054 1398 1092 1454 dc
1120 1398 1235 1455 unitate
1261 1398 1415 1469 capnoscit
1503 1393 1506 1401 '

137 1499 319 1558 Ecclesiae:
342 1500 438 1572 lepite,
462 1506 490 1556 et
513 1502 691 1570 nanoscetis.
727 1493 771 1555 Et
793 1492 911 1555 nullius
935 1514 1048 1556 causae
1070 1493 1266 1556 mentionem
1286 1493 1414 1575 penitus

135 1595 292 1677 faciatis,
326 1595 389 1657 nisi
411 1595 498 1678 prius
522 1598 671 1677 acceptae
694 1595 820 1657 litterae
843 1594 1039 1678 relegantur.
1090 1594 1134 1658 Et
1156 1597 1229 1678 post
1251 1597 1415 1676 susceptas

138 1698 273 1761 litteras
302 1700 335 1760 et
356 1696 490 1760 relectas
514 1696 667 1778 adjicitis:
697 1702 776 1759 Num
797 1708 826 1759 et
848 1703 891 1759 ad
908 1692 1091 1760 Vitalianum
1111 1700 1263 1772 famulum
1286 1708 1414 1760 uestrum

135 1807 226 1864 misit
248 1806 371 1874 litteras,
397 1799 481 1883 quii)
505 1813 632 1878 accepta
656 1821 674 1861 a
694 1806 806 1878 pietate
822 1810 931 1874 uestra,
955 1805 1032 1862 sicut
1054 1804 1117 1877 ipse
1138 1805 1267 1876 scripsit,
1292 1804 1414 1862 licentia

136 1923 217 1967 suos
239 1907 281 1963 ad
296 1912 418 1979 patrem
442 1912 571 1965 uestrum
592 1912 729 1965 sanctum
746 1920 864 1979 papam
892 1904 1024 1963 homines
1045 1906 1214 1964 destinauit.
1259 1905 1321 1964 Sed
1343 1907 1414 1980 quia

121 2004 127 2010 ’
127 2011 259 2086 justum
280 2014 360 2080 erat,
391 2014 424 2066 ut
440 2009 531 2082 prius
552 2009 595 2066 ad
615 2009 802 2065 clementiam
831 2015 957 2066 uestram
986 2008 1147 2080 diriperet,
1178 2007 1235 2066 boc
1258 2005 1351 2080 fecit,
1382 2014 1414 2066 ut

139 2111 229 2170 vobis
249 2109 428 2182 jubentibus
455 2117 544 2182 atque
572 2110 782 2167 ordinantibus
810 2111 853 2167 ad
879 2125 944 2167 etim
971 2112 1102 2185 scrupula,
1140 2126 1218 2182 quae
1245 2110 1411 2180 detulimus,

139 2213 211 2272 Deo
229 2213 366 2286 propitio
382 2209 588 2285 perferamus.
641 2204 674 2270 Si
696 2205 872 2288 imperator
893 2205 1023 2289 petierit
1045 2205 1196 2289 epistolas
1219 2205 1351 2269 anobis
1375 2206 1414 2268 ad

141 2308 348 2373 Vitalianum
371 2308 517 2388 directas,
542 2308 587 2371 sic
602 2307 858 2390 respondendum
874 2311 938 2371 est:
963 2311 1031 2371 Non
1046 2313 1102 2372 boc
1117 2314 1201 2372 nobis
1210 2321 1304 2387 pater
1318 2321 1415 2372 uester

140 2423 270 2476 sanctus
287 2430 376 2490 papa
393 2416 565 2488 praecepit,
590 2431 645 2473 nec
660 2417 724 2473 sinc
731 2416 868 2488 iussione
882 2416 976 2489 ipsius
991 2416 1107 2489 aliquid
1116 2431 1276 2489 possumus
1287 2413 1413 2485 sacere;

142 2525 246 2577 tamen
270 2524 302 2576 ut
323 2517 426 2574 sciatis
446 2518 669 2591 simplicitatem
691 2517 876 2588 litterarum,
907 2519 979 2590 quia
1006 2517 1083 2575 nibil
1110 2517 1197 2576 aliud
1225 2517 1335 2575 liabent
1357 2518 1417 2575 nisi

140 2636 252 2696 preces
274 2619 317 2676 ad
336 2619 477 2691 pietatem
501 2624 629 2676 uestram
652 2619 792 2689 directas,
823 2625 856 2677 ut
879 2620 1108 2677 accommodetis
1130 2622 1262 2678 oninium
1285 2626 1414 2678 uestrum

136 2738 204 2798 pro
225 2722 342 2780 unitate
364 2720 533 2779 Ecclesiae:
560 2722 682 2793 junnae
704 2720 855 2779 nobiscum
880 2736 1056 2794 personam,
1089 2736 1149 2794 qua
1169 2729 1328 2794 praesente
1350 2728 1412 2778 tra·

143 2824 229 2883 ditae
259 2821 384 2881 anobis
409 2824 529 2881 litterae
557 2825 742 2894 relepantur.
795 2816 829 2880 si
855 2838 929 2879 vero
957 2817 1073 2880 dixerit
1099 2817 1271 2900 imperator
1300 2839 1353 2880 eas
1380 2839 1414 2879 se

142 2920 261 2985 dehere
283 2918 406 3003 legere,
430 2918 602 3002 respondes
612 2919 653 3002 6);
675 2926 744 2996 jam
767 2931 794 2982 te
815 2924 1005 2995 suppessisse,
1022 2925 1140 2996 jussum
1163 2925 1219 2983 tibi
1238 2940 1297 2982 non
1316 2922 1415 2994 fuisse

143 3044 165 3086 a
179 3034 286 3086 sancto
300 3042 394 3100 papa.
432 3019 466 3085 si
481 3020 611 3084 dixerit:
636 3025 701 3084 lloc
723 3033 839 3084 tantum
861 3033 913 3097 est,
938 3025 1019 3098 quod
1039 3026 1070 3083 in
1091 3026 1201 3084 litteris
1222 3027 1413 3086 continetur?

138 3136 270 3204 possunt
292 3128 371 3186 enim
393 3136 422 3186 et
444 3129 598 3187 mandatis
618 3129 682 3185 aliu
704 3129 857 3196 nuntiari:
887 3125 964 3185 tunc
986 3122 1174 3204 respondes:
1198 3129 1281 3187 Absit
1302 3145 1321 3185 a
1343 3144 1412 3188 con·

138 3232 273 3292 scientia
301 3232 423 3289 nostra!
478 3230 570 3289 Nobis
592 3247 652 3288 aon
681 3236 724 3288 est
749 3231 818 3288 talis
845 3229 1044 3288 consuetudo:
1078 3246 1132 3288 nos
1153 3246 1215 3304 pro
1239 3230 1296 3288 Dei
1320 3248 1413 3290 causa

138 3311 293 3405 uenimus,
328 3339 356 3389 et
382 3333 413 3390 in
442 3331 536 3390 Deum
563 3334 751 3391 commissuri
776 3333 896 3391 sumus?
940 3330 1076 3406 Simplex
1108 3339 1153 3391 cst
1185 3334 1285 3391 sancti
1307 3349 1414 3408 papae

135 3437 273 3510 lenatia,
305 3440 334 3492 et
355 3435 490 3493 omnibus
512 3440 583 3493 natu
605 3436 673 3508 ipsa
695 3436 761 3508 ejus
779 3436 901 3511 petitio,
936 3435 1021 3508 ipsae
1039 3449 1162 3507 preces:
1193 3442 1226 3493 ut
1252 3437 1413 3495 constituta

210 3741 233 3806 ⁸)
251 3737 297 3790 Ita
314 3735 362 3800 G¹3
380 3736 447 3790 hoo
463 3740 692 3790 intercessionibus.
721 3737 808 3791 Porro
827 3741 1026 3803 confessionibus
1044 3736 1183 3805 designari
1202 3736 1292 3791 solent
1303 3738 1413 3806 aposto-

127 3827 233 3882 lorum
251 3821 363 3885 tumuli;
381 3821 506 3887 adeoque
524 3837 621 3889 preces
639 3820 675 3874 ad
692 3822 883 3890 apostolorum
897 3820 972 3875 Petri
991 3821 1020 3874 ct
1037 3821 1116 3874 Pauli
1133 3822 1255 3875 tumulos
1272 3822 1349 3875 fusae
1368 3821 1413 3875 hic

126 3909 405 3968 commemorantur.

208 3996 231 4060 ⁴)
252 3993 319 4045 boo
336 3998 490 4060 respondete
562 3998 681 4059 adjicite,
700 4008 733 4045 ac
750 3992 788 4046 sic
806 3991 922 4045 subinde
941 3990 1026 4045 verba
1044 3990 1145 4046 similia
1161 4008 1213 4061 pro
1226 3990 1343 4046 arbitrio
1355 4010 1413 4045 mu·

122 4081 211 4139 tant.
233 4107 267 4115 -
285 4075 349 4130 Mox
368 4076 409 4130 ed.
430 4083 498 4147 qaod
514 4096 558 4131 uus
629 4090 794 4144 capnosctmt:
813 4077 913 4130 deinde
929 4076 965 4130 G¹
986 4082 1068 4144 lepitis
1087 4084 1231 4144 apiruscitis.

209 4167 229 4232 ⁵)
251 4161 286 4216 G¹
301 4164 327 4215 a¹
348 4168 406 4231 quia
424 4174 543 4230 accepta,
562 4162 657 4216 littera
674 4184 690 4214 a
709 4161 940 4217 erroreuiorariis
958 4160 1089 4215 familiari
1100 4178 1249 4231 perperam
1261 4162 1411 4229 geminata.

120 4247 321 4312 Anastasius,
340 4248 372 4299 ut
384 4246 568 4316 Theophanes
581 4264 645 4316 pag.
657 4254 703 4303 137
718 4250 746 4301 et
761 4253 807 4301 138
826 4249 923 4300 narrat
938 4247 990 4313 (ed.
1006 4247 1092 4301 Bonn.
1107 4250 1224 4317 ilisa),
1243 4246 1429 4301 aVitaliano·

118 4352 241 4412 pacem
254 4331 417 4400 impetravit
435 4348 469 4385 ea
487 4331 656 4398 conditione,
676 4335 706 4385 ut
724 4330 882 4398 concilium,
902 4347 956 4398 quo
974 4331 1119 4386 accederet
1130 4334 1272 4387 Romanus
1287 4333 1412 4399 anheles,

119 4418 348 4481 celebraretur:
367 4418 487 4485 tuncque
507 4415 597 4470 eidem
616 4417 677 4470 duci
696 4434 816 4483 sacram,
836 4434 891 4484 qua
904 4416 1052 4471 Hormisda
1064 4417 1100 4471 ad
1113 4417 1248 4485 synodum
1260 4417 1412 4472 Heracleae

118 4503 305 4567 habendam
322 4504 483 4568 vocaretur,
501 4502 567 4556 dure
586 4502 743 4571 compulsus
762 4506 811 4556 est.

203 4595 225 4660 l)
247 4589 317 4642 boo
337 4592 542 4655 Ilespondebttis,
561 4594 618 4654 jam
637 4608 678 4642 uos
696 4594 866 4657 suppessisse,
891 4588 991 4642 omisso
1011 4588 1110 4642 deinde
1133 4592 1191 4648 tibi,-
1214 4591 1243 4642 Θή
1265 4588 1337 4643 infra
1364 4601 1413 4642 term

117 4678 332 4751 respondebitis
352 4674 380 4727 et
398 4672 485 4727 omitt.
505 4679 574 4726 tutis.
