3204 5506
303 342 367 408 962
744 358 773 407 s.
790 356 995 407 normensis
1017 357 1132 406 rernm

195 525 289 575 ecel.
304 486 391 577 Deire
414 509 525 594 Filius,
549 510 635 575 Deus
657 509 796 595 Spiritus
817 514 959 594 sanctus,
982 510 1126 576 Trinitas
1148 509 1310 575 indiviso:
1339 515 1373 574 et
1394 513 1567 576 temerino

289 618 371 679 tum
399 617 464 697 cst,
494 613 569 697 quia
596 612 761 697 proprium
788 616 839 677 est
858 612 979 696 Petris,
1008 616 1045 677 nt
1072 614 1246 698 generaret
1268 610 1406 695 Filium,
1435 613 1569 697 poprium

301 715 376 779 Filii
391 713 463 797 Dei,
486 716 523 778 ut
546 735 584 778 er
599 713 695 778 Patre
711 713 801 778 Patri
821 717 1008 778 nosceretur
1029 715 1232 801 aequalis¹⁴),
1255 714 1428 799 proprium
1442 713 1569 799 Spiritus

301 817 416 900 sancti,
444 819 481 880 ut
503 816 541 880 de
562 815 659 881 Patre
683 819 716 880 et
736 815 818 881 Filio
839 815 1025 902 procederet
1047 817 1106 881 sub
1128 839 1195 881 uns
1217 816 1408 882 substantie
1429 815 1567 881 Deitatis.

384 919 416 983 4.
451 917 603 1003 Poprium
626 939 748 1003 quoque
770 917 845 983 Filii
866 918 943 1001 Dei,
971 922 1009 984 ut
1026 918 1121 1004 juxto
1143 918 1192 1002 id,
1221 918 1309 1003 quod
1330 919 1490 1003 scriptum
1515 924 1567 1001 est,

148 1029 331 1098 Joh.1‚14.in
353 1028 519 1087 novissimis
540 1026 722 1101 temporibus
749 1025 878 1086 Verbum
899 1042 975 1087 coro
994 1028 1081 1098 fieret
1102 1031 1132 1085 et
1157 1025 1314 1086 temtaret
1343 1028 1377 1086 in
1405 1027 1504 1087 cotes:
1528 1022 1569 1087 its

299 1123 386 1188 intra
402 1123 523 1188 viscere
537 1125 670 1187 sanctae
684 1120 806 1186 Mariae
826 1122 963 1207 virginis
983 1122 1150 1207 genitricis
1164 1121 1225 1187 Dei
1247 1122 1354 1201 unitis
1368 1123 1530 1209 utriusque
1536 1125 1567 1205 ¹⁵]

300 1226 370 1290 sine
393 1224 499 1310 aliqua
522 1223 708 1288 confusione
730 1224 866 1308 naturis,
889 1227 926 1289 nt
947 1223 1001 1308 qui
1023 1227 1099 1290 ente
1120 1227 1267 1310 temporo
1289 1227 1364 1290 erat
1385 1224 1485 1290 Filius
1503 1224 1566 1307 Dei,

297 1326 390 1391 fieret
411 1326 496 1414 filius
518 1325 668 1409 hominis,
692 1328 725 1391 ct
745 1328 932 1391 nasceretur
954 1348 992 1390 ex
1014 1329 1157 1416 tempore
1179 1326 1323 1393 hominis
1339 1348 1441 1412 more,
1464 1328 1566 1393 metris

299 1429 426 1493 vulvam
448 1431 544 1493 natus
566 1427 773 1513 aperiens¹⁶),
797 1431 831 1493 et
853 1427 1074 1513 virginitatem
1087 1429 1202 1494 matris
1211 1428 1358 1494 Deitatis
1372 1430 1494 1495 virtute
1506 1451 1564 1494 non

299 1529 436 1595 solvens.
474 1528 618 1615 Dignum
633 1530 730 1615 plane
745 1528 814 1595 Deo
836 1533 989 1595 noscente
1003 1531 1200 1616 mysterium,
1223 1535 1262 1596 ut
1283 1534 1433 1598 servaret
1447 1534 1563 1615 portum

298 1631 367 1696 sine
391 1631 605 1717 corruptione,
628 1631 684 1716 qui
706 1635 895 1716 conceptum
911 1632 989 1698 fecit
1011 1654 1080 1698 esse
1098 1632 1168 1698 sine
1183 1632 1319 1717 semine,
1344 1655 1479 1698 servans
1492 1633 1563 1719 qnod

298 1756 337 1797 er
352 1732 448 1799 Patre
471 1737 551 1817 eret,
576 1736 608 1798 et
623 1737 869 1818 repraesentans
884 1735 968 1819 quod
983 1756 1022 1800 ex
1036 1739 1139 1800 matre
1154 1735 1308 1820 suscepit.
1340 1733 1430 1801 Nam
1444 1736 1525 1801 unde
1531 1735 1562 1815 11)

294 1835 407 1918 jacens
429 1837 464 1901 in
487 1836 653 1921 praesepio
675 1835 844 1902 videbatur
864 1837 900 1901 in
927 1836 1024 1920 coele,
1048 1836 1210 1903 involutus
1229 1837 1352 1922 pannis
1378 1836 1563 1903 edorebstur

298 1959 317 2000 a
338 1938 454 2024 magis,
478 1937 563 2003 inter
585 1938 738 2003 animalia
760 1938 864 2004 editus
887 1938 929 2004 ab
951 1937 1076 2023 angelis
1097 1939 1328 2024 nuntiatusffl),
1353 1937 1409 2003 vix
1428 1960 1561 2025 egremus

296 2038 470 2104 infantium
485 2042 518 2104 et
533 2041 732 2107 ermnntians
747 2040 918 2126 mysticum
932 2040 1002 2105 sine
1016 2040 1206 2106 instituente
1214 2043 1255 2127 ¹⁹)
1269 2040 1467 2124 doctrinam,
1488 2041 1562 2105 inter

296 2141 479 2207 rudimento
512 2163 669 2207 annorum
701 2142 872 2226 puerilium
907 2141 1004 2207 edens
1041 2141 1226 2208 coelestium
1260 2142 1359 2228 signs
1396 2141 1561 2208 virtutum?

296 2241 386 2306 ldem
408 2242 494 2308 enirn
515 2242 603 2309 Deus
626 2247 658 2309 et
672 2243 778 2329 homo,
801 2266 878 2328 non,
902 2247 939 2309 ut
953 2244 995 2309 nb
1009 2242 1192 2309 infidelibus
1207 2243 1337 2328 dicitur,
1361 2245 1425 2310 sub
1439 2249 1561 2330 qunrtee

296 2343 533 2410 introductione
554 2367 727 2431 personae:
756 2345 811 2415 sed
833 2348 902 2432 ipse
924 2345 985 2411 Dei
1007 2344 1107 2411 Filius
1129 2344 1215 2411 Deus
1238 2349 1272 2410 et
1292 2344 1409 2431 homo,
1438 2345 1560 2431 idem²⁸l

299 2446 400 2511 virtus
422 2450 455 2512 et
476 2447 659 2532 infirmitas,
683 2447 848 2513 humilitas
871 2451 905 2513 et
924 2448 1087 2532 majestas,
1113 2447 1273 2513 redimens
1296 2451 1330 2513 et
1351 2448 1510 2531 venditis,
1530 2449 1560 2512 in

295 2569 388 2613 cruce
424 2549 547 2634 positus
584 2552 617 2614 et
649 2549 730 2615 coeli
762 2571 863 2635 regna
885 2549 1036 2635 largitus:
1070 2550 1117 2613 ite
1143 2553 1275 2616 nostroe
1304 2549 1556 2636 infirmissimi,

296 2653 333 2715 ut
374 2654 483 2735 posset
523 2651 682 2735 interimi,
727 2651 775 2716 ite
809 2652 976 2737 ingenitae
1011 2649 1192 2736 potentine,
1237 2673 1281 2717 ne
1316 2655 1430 2736 posset
1463 2656 1556 2717 morte

296 2752 450 2816 consumi.
507 2751 656 2838 Sepultus
693 2755 743 2817 est
775 2753 870 2836 juxto
905 2753 954 2836 id,
993 2751 1076 2838 quod
1112 2751 1209 2818 homo
1244 2752 1350 2818 voluit
1386 2754 1493 2838 nesci,
1531 2757 1558 2818 et

290 2853 384 2937 juxte
406 2854 438 2919 id
461 2856 544 2940 quod
560 2855 650 2920 Patri
673 2857 743 2919 erat
764 2855 877 2920 similis
899 2855 1086 2920 resurrexit:
1108 2854 1236 2939 patiens
1258 2855 1431 2922 vulnerum
1453 2861 1487 2922 et
1505 2855 1557 2920 sd·

294 2960 385 3020 vator
401 2978 581 3042 aegrorum,
605 2979 687 3022 unus
694 2958 737 3040 ²²)
758 2957 982 3022 defunctorum
998 2959 1032 3020 et
1045 2955 1224 3021 vivificator
1236 2956 1440 3042 obeuntium,
1463 2958 1504 3022 nd
1516 2958 1557 3022 in·

263 3066 268 3075 '
292 3059 387 3124 ferna
409 3059 605 3125 descendens
628 3063 661 3123 et
683 3057 823 3123 ePatris
845 3059 967 3144 gremio
988 3079 1055 3124 non
1072 3058 1238 3143 recedens;
1260 3058 1348 3125 unde
1363 3062 1399 3125 et
1414 3060 1555 3140 animum,

360 3300 392 3366 11)
410 3298 508 3352 Η1Η111
525 3297 616 3367 primu
638 3313 722 3351 manu
746 3308 828 3351 notum
851 3303 925 3351 etiam
947 3303 1016 3367 qood
1035 3297 1083 3366 (Η1
1100 3300 1170 3368 quid)
1192 3303 1226 3353 eit
1248 3303 1387 3367 propriu
1406 3301 1516 3369 Spiritu
1530 3302 1553 3352 S.

180 3422 185 3432 .
292 3389 423 3451 proprium
443 3395 525 3437 euim
543 3387 604 3438 Filii
620 3386 671 3436 Dei
687 3393 714 3435 ot
730 3388 813 3448 junia
829 3387 858 3435 id
874 3392 922 3436 ete.
958 3382 989 3436 In
1007 3381 1041 3438 G¹
1055 3385 1155 3439 *autem
1176 3387 1236 3453 quia
1252 3389 1390 3452 propriu
1407 3389 1556 3440 Patrem

294 3472 345 3522 Ilei
360 3478 386 3520 ut
398 3472 482 3534 justa
500 3473 538 3529 id,
557 3465 664 3521 omissis
681 3465 861 3520 intermediis.

362 3554 393 3620 11)
412 3553 447 3607 G¹
458 3552 474 3605 J
478 3554 483 3587 ¹
496 3555 521 3606 a¹
541 3569 598 3621 seq.
616 3557 761 3621 utriusque,
780 3550 815 3604 al.
835 3556 948 3620 utrisque
968 3555 1001 3619 (c'
1016 3552 1044 3606 h*
1057 3551 1097 3621 i¹).
1135 3551 1200 3607 Mox
1218 3551 1254 3607 G¹
1268 3554 1294 3606 a*
1310 3569 1371 3624 seq.
1389 3575 1427 3610 ιω
1443 3566 1550 3624 uapore.

293 3637 327 3690 al.
347 3642 373 3690 in
391 3649 503 3705 tempore
522 3637 548 3704 (J
552 3640 558 3670 ¹
571 3636 599 3689 «11
612 3636 645 3690 01
658 3634 695 3688 V²
707 3637 731 3689 c¹
745 3634 773 3688 h¹
787 3635 827 3704 i’).
1284 3629 1288 3636 ‘

363 3724 393 3790 ¹⁰)
412 3724 436 3776 c¹
456 3738 514 3790 seq.
533 3721 554 3774 i²
572 3729 666 3776 onlnem
684 3740 733 3775 non
751 3727 883 3789 aperiens,
907 3720 1091 3775 renitentibus
1108 3735 1211 3790 magno
1230 3737 1367 3778 consensu
1388 3742 1452 3780 mes.
1470 3725 1548 3792 (et'm

293 3806 326 3860 G¹
341 3807 378 3860 Ha
390 3806 426 3860 11⁹
439 3806 456 3860 J
460 3809 464 3841 ¹
479 3806 507 3859 J²
520 3805 552 3860 0¹
566 3806 616 3874 h¹).
651 3805 688 3860 Et
705 3822 771 3860 vero
789 3806 886 3860 nostra
901 3804 985 3860 lectio
1004 3807 1192 3884 consentaneo¹
1207 3806 1251 3861 est
1266 3807 1364 3863 serbis
1380 3809 1474 3866 lancee
1489 3817 1511 3873 ἰ,
1524 3813 1549 3862 25

293 3891 421 3959 dicentis,
439 3890 557 3945 Mariam
574 3890 603 3944 in
616 3891 721 3960 templo
738 3888 824 3944 filium
837 3888 982 3956 obtulisse,
1000 3897 1064 3944 eieci
1081 3898 1202 3959 scriptu
1214 3903 1254 3946 m
1265 3897 1292 3948 in
1310 3900 1367 3964 leue
1380 3899 1487 3956 Betim.
1502 3899 1548 3964 μὶ

291 3997 362 4031 omne
380 3985 539 4031 masculinum
557 3982 713 4045 adoperiens
731 3981 825 4029 vulcam
842 3976 894 4029 etc.
925 3975 962 4029 lis
980 3976 1087 4041 autem,
1105 3992 1177 4045 quae
1197 3977 1418 4047 subnectuntur,
1440 3978 1547 4035 ninii

292 4062 326 4113 dc
344 4061 450 4116 Mariae
468 4059 630 4130 virginitate
648 4060 717 4114 fides
735 4058 882 4114 Ecclesiae.

359 4149 390 4214 ¹⁷)
409 4145 442 4200 G¹
457 4146 491 4199 11¹
505 4146 531 4199 J'
545 4147 562 4198 J
567 4148 585 4180 ¹⁷
597 4145 624 4198 h¹
644 4144 707 4199 edd.
727 4151 808 4208 αηιὶε,
826 4144 900 4213 quod
918 4144 962 4199 ed.
981 4144 1120 4200 omittunt

359 4233 390 4298 11)
408 4231 453 4285 lta
471 4232 504 4286 G¹
518 4232 555 4284 Hl
568 4231 616 4283 ll¹⁰
627 4230 668 4294 h¹3
687 4229 724 4283 Η1
736 4230 753 4282 J
766 4229 787 4283 0
802 4231 825 4284 0¹
839 4229 860 4282 i²
878 4234 1067 4293 nuntiatum&
1079 4231 1117 4284 0¹⁰
1134 4236 1309 4305 mundabatur.

359 4319 389 4383 ¹⁹)
408 4316 447 4369 J¹¹
464 4323 518 4370 sine
537 4320 705 4374 institutorum
724 4330 788 4368 mox
806 4317 832 4369 0²
845 4316 882 4369 0¹⁰
899 4321 1035 4382 coelestio,
1052 4314 1090 4369 11³
1106 4319 1152 4370 rut
1169 4329 1272 4387 quarte

357 4401 390 4467 ²⁰)
408 4403 434 4454 a'
454 4417 530 4468 sequ.
549 4406 644 4464 idest,
662 4399 688 4453 Η
700 4398 752 4453 JO
770 4399 798 4452 h¹
812 4398 833 4451 i²
851 4404 924 4454 idem.

357 4487 389 4552 ²¹)
408 4484 484 4538 Editi
501 4490 653 4552 infirmitatis
674 4491 808 4554 particeps
825 4496 851 4537 ut
868 4490 950 4554 poerit
1023 4490 1153 4554 potentiae
1171 4490 1300 4551 domum
1320 4510 1353 4544 ne
1369 4497 1463 4561 poesin
1479 4488 1542 4546 ee

289 4571 391 4635 gantur
410 4587 443 4623 cx
460 4588 523 4624 mss.
543 4569 587 4638 (0¹
601 4568 710 4637 HJO).
1247 4572 1250 4577 ⁴

355 4656 387 4721 ²²)
406 4654 469 4709 Non
487 4654 603 4708 obscure
621 4653 667 4708 hic
684 4654 774 4708 innuit
785 4653 942 4720 Hormisda„
961 4670 1058 4710 senon
1075 4672 1247 4726 repugnare,
1266 4659 1418 4728 quominus
1429 4659 1541 4717 Chim

288 4736 336 4791 ubi
354 4739 440 4792 semel
458 4739 605 4793 distinctae
622 4738 727 4793 luerint
744 4740 906 4794 naturarum
923 4738 996 4794 illius
1018 4739 1219 4810 proprietates,
1241 4764 1310 4800 nm
1327 4750 1361 4801 de
1383 4749 1499 4801 Iti-iure
1511 4741 1542 4796 d

288 4824 374 4876 catur.
413 4823 485 4877 Nom
504 4823 550 4892 qui
569 4823 637 4877 duos
655 4827 769 4878 naturas
786 4825 815 4879 in
833 4842 862 4879 se
881 4842 935 4879 uno
954 4825 1159 4895 complectitur,
1183 4828 1214 4882 et
1228 4832 1352 4901 propter
1368 4832 1491 4887 nstrum
1504 4827 1542 4882 n

287 4922 399 4960 liranum
418 4930 479 4962 riuus
498 4914 670 4975 desurrctormn
689 4910 719 4962 ct
735 4913 852 4982 propter
869 4910 991 4965 divinam
1008 4932 1072 4965 unus
1088 4917 1120 4967 de
1136 4915 1266 4970 metiore
1284 4915 1444 4986 pnedioerl
1458 4917 1540 4988 ΡΜ*
