3204 5506
568 367 766 455 ¹mussona
791 358 819 414 1.
1277 349 1342 414 299

25 526 149 607 retest,
180 544 252 589 nes
275 525 398 605 tamem
421 525 456 585 ut
477 520 670 586 catholicam
684 521 780 585 fidem
795 521 959 602 retineret,
982 512 1147 603 nunquam
1162 520 1341 585 destitimus

27 624 244 690 adhortari.
291 624 458 690 Pemremo
479 624 596 709 legatis
617 623 724 687 nrissis
745 624 927 705 terruimus,
951 622 1088 686 blanditi
1110 645 1229 706 sumus,
1253 645 1343 707 prae-

29 726 203 793 diximus
227 726 477 809 comminantes,
501 725 682 809 suadentes,
706 725 916 808 obtestantes,
940 724 1180 789 damnationem
1195 728 1342 808 praeten-

30 829 192 913 dentee,
224 851 274 894 ne
307 827 521 893 communioni
550 829 676 893 cederet
702 827 914 913 perditomm:
947 828 1091 892 labemm
1125 850 1252 892 suorum
1284 851 1343 912 pro

31 930 107 997 fide
133 931 319 997 catholiea
338 916 487 1015 primitus
508 930 726 1016 impensorum
754 953 826 994 eum
848 931 1031 994 meminisse
1058 930 1339 1016 marulavimus³⁵),

33 1039 74 1099 et
103 1034 307 1099 incitantes
335 1032 375 1097 ad
397 1032 535 1119 gloriam
573 1036 606 1098 et
633 1032 821 1117 epericulo
854 1033 1061 1097 deterrentes.
1107 1031 1195 1107 Quae
1225 1036 1342 1096 cuncta

35 1136 251 1221 despiciens
279 1135 490 1201 circumvenit
512 1136 647 1219 legatos,
679 1138 713 1198 ut
742 1135 839 1199 veluti
862 1135 1028 1199 nobiscum
1056 1157 1089 1199 se
1116 1156 1222 1198 errare
1252 1157 1341 1218 prae-

35 1239 224 1322 tenderet,
251 1242 287 1302 et
308 1237 469 1302 haeretico
490 1240 586 1322 atque
609 1237 771 1320 damnate,
801 1259 894 1321 quem
921 1238 954 1300 id
977 1237 1145 1320 praecipue
1168 1237 1236 1320 ipse
1258 1240 1342 1301 retu-

37 1340 148 1423 lerat,
177 1339 412 1406 communione
433 1361 468 1403 se
489 1339 628 1403 miscuit.
657 1338 769 1404 Donec
791 1340 854 1403 ista
877 1361 1113 1424 cognoscerem,
1138 1339 1242 1422 potuit
1264 1339 1341 1403 mihi

40 1465 123 1509 cum
150 1442 217 1507 illo
241 1442 383 1528 pristina
404 1463 534 1506 manere
557 1441 754 1527 eommunio3
778 1463 888 1505 verum
909 1443 964 1505 ubi
979 1441 1040 1505 hoc
1056 1441 1205 1525 comperi,
1230 1441 1255 1503 si
1277 1463 1343 1505 nen

42 1568 124 1611 eum
151 1545 321 1611 continuo
342 1567 362 1609 a
381 1565 454 1608 mea
476 1545 699 1609 communione
720 1566 930 1628 separassem,
960 1545 1121 1608 videretur
1143 1543 1222 1607 mihi
1245 1543 1344 1608 etiam

45 1670 126 1715 eum
146 1635 511 1733 jam'praevaricatore
533 1646 742 1711 nihilominus
764 1670 895 1711 manere
911 1648 1102 1729 commuuio,
1127 1648 1255 1731 atquae
1271 1669 1344 1710 curn

46 1750 227 1817 catholieo
250 1749 369 1832 fuerat,
397 1772 466 1814 esse
492 1750 592 1814 etiam
620 1771 692 1813 eum
720 1772 773 1832 eo,
802 1750 857 1834 qui
883 1750 1116 1814 haereticorum
1149 1750 1345 1812 consortium

46 1852 139 1919 inire
171 1851 349 1917 maluerat.
393 1852 484 1928 duod
510 1873 552 1916 ne
574 1852 684 1934 fieret,
712 1852 928 1916 necessarium
954 1853 1034 1915 mihi
1060 1852 1123 1916 fuit
1156 1851 1344 1934 abrumpere

51 1954 330 2021 communionem
361 1954 430 2038 ejus
463 1957 497 2018 et
529 1977 548 2018 a
576 1976 647 2018 meo
676 1955 835 2018 consortie
868 1959 1078 2039 sequestrare.
1123 1952 1199 2016 Ideo
1227 1951 1344 2036 qnippe

10 2068 12 2117 ε
52 2078 199 2123 neeesse
221 2055 288 2121 fuit
315 2055 375 2121 hoe
402 2057 521 2140 faeere,
550 2058 625 2142 quia
655 2056 832 2121 catholicae
862 2057 935 2122 fidei
963 2080 1029 2122 nen
1056 2060 1125 2120 erat
1152 2058 1256 2119 tutum
1283 2056 1344 2119 heo

10 2214 12 2257 ἰ
54 2160 202 2225 omnino
223 2159 429 2226 nonfacere.

144 2261 206 2327 22.
254 2264 316 2325 Sed
337 2268 515 2342 imperator,
539 2261 655 2346 inquis,
680 2269 884 2327 necessitatem
906 2284 975 2327 cum
998 2267 1088 2326 Petro
1102 2265 1347 2325 cemrnuaicendi

57 2370 198 2445 temnit
219 2366 347 2429 Acoeio.
391 2363 441 2428 De
462 2363 523 2428 hae
546 2365 737 2428 necessitate
760 2367 793 2428 et
815 2364 1008 2448 superius‘ffi)
1032 2365 1101 2447 jam
1129 2363 1230 2426 multa
1256 2363 1344 2426 dicta

58 2469 150 2549 sunt,
176 2469 213 2530 et
234 2465 337 2530 multa
359 2466 521 2531 dicentii:
548 2466 662 2551 quibus
690 2469 860 2550 appareat,
889 2470 922 2530 et
948 2467 1185 2548 necessitatem,
1215 2466 1242 2530 si
1270 2488 1345 2530 vera

59 2574 160 2651 emet,
187 2567 387 2632 sacerdotem
408 2590 468 2652 pro
490 2567 648 2633 catholica
669 2569 731 2632 fide
754 2572 958 2632 contemnere
979 2569 1134 2650 debuisse,
1159 2572 1192 2632 et
1207 2568 1344 2632 tolerare

60 2668 224 2756 quidquid
247 2669 373 2733 advmm
395 2672 455 2753 est,
478 2671 646 2734 dummodo
669 2671 711 2734 ab
732 2670 921 2754 integritate
944 2670 1017 2734 fidei
1041 2671 1218 2735 catholicae
1241 2671 1344 2734 nulla-

61 2775 162 2838 tenus
187 2770 347 2853 deviaret3
370 2771 485 2837 deinde
506 2773 679 2837 manifesta
701 2773 826 2837 ratione
849 2764 1053 2856 monstretur,
1078 2774 1125 2838 sic
1147 2772 1269 2837 nullam
1291 2796 1345 2837 ne-

64 2874 257 2941 cessitatem
278 2874 400 2938 Acacio
422 2874 464 2938 ab
485 2875 677 2959 imperatore
699 2898 829 2960 prorsus
849 2876 1022 2961 ingestam,
1050 2877 1133 2940 sient
1155 2875 1260 2958 potius
1288 2876 1346 2938 im-

66 2980 257 3061 peratorem
277 2976 357 3041 satis
380 2975 481 3041 claret
503 2999 542 3041 ex
564 2978 677 3042 Aeacii
701 2981 817 3043 cuneta
839 2979 953 3043 fecisse
977 2978 1119 3041 consilio.

151 3078 209 3142 23.
243 3082 346 3143 Etiam
368 3086 433 3159 ipse
454 3085 630 3160 imperator,
655 3081 771 3164 inquis,
794 3089 997 3146 necessitarem
1019 3085 1108 3144 tabet
1121 3087 1180 3145 iste
1192 3085 1344 3156 faciendi.

66 3177 287 3246 Necessitatis
314 3202 444 3245 causam
471 3181 601 3247 interim
629 3205 696 3246 nen
722 3184 863 3268 requir03
898 3184 985 3246 nulla
1019 3186 1128 3246 tamen
1161 3183 1264 3266 major
1297 3185 1346 3245 eet

66 3282 263 3363 messiam,
291 3305 388 3367 quam
410 3283 518 3349 divino
541 3285 640 3350 cultui
663 3288 696 3349 et
723 3285 888 3370 religioni,
918 3285 1001 3348 unde
1029 3284 1184 3368 omnia-³⁷)
1217 3306 1346 3367 prospe-

66 3388 198 3467 meur,
227 3384 312 3449 uude
336 3385 513 3451 necessitas
539 3387 644 3472 magis
673 3388 776 3451 omnis
804 3388 979 3452 absolvitur
1007 3391 1040 3450 et
1068 3390 1184 3450 cuncta
1212 3387 1346 3451 adversa

67 3488 289 3569 removentem,
313 3508 382 3552 esse
405 3488 595 3572 subjectum,
619 3510 680 3553 neo
702 3490 732 3553 ei
755 3489 875 3574 aliquid
889 3489 1020 3552 omnino
1036 3511 1248 3573 praeponere3
1271 3490 1346 3573 quia

67 3610 136 3653 uon
159 3591 214 3653 eet
234 3588 360 3674 utique,
389 3591 473 3674 quod
494 3590 564 3655 Deo
585 3591 701 3655 debeat
723 3592 888 3676 anteponi,
920 3613 1018 3675 quum
1040 3592 1069 3654 ei
1088 3592 1169 3674 jussi
1192 3591 1346 3656 fuerimus

69 3711 130 3756 nec
160 3689 290 3754 animas
315 3693 442 3757 nostrae
470 3693 600 3757 omnino
628 3715 836 3777 praeponere.
881 3693 941 3756 lllo
974 3694 1060 3756 enim
1094 3694 1243 3777 despecto
1280 3716 1347 3758 non

70 3791 168 3857 mode
190 3791 281 3856 nulla
301 3796 409 3878 potest
430 3796 605 3860 necessitas
628 3795 781 3880 expediri,
810 3794 865 3858 sed
887 3816 947 3859 nec
964 3818 1013 3859 res
1030 3796 1191 3879 quaelibet
1205 3795 1347 3861 humana

79 4084 145 4134 ἐκ
161 4086 203 4135 sel
218 4089 335 4151 nptias.
351 4083 404 4149 ait,
421 4095 527 4139 sunctae
544 4090 679 4139 memoriae
695 4104 766 4152 papa
779 4088 922 4152 Simplicius
935 4106 985 4138 iren
996 4090 1072 4139 desiit
1084 4089 1217 4139 scribendo
1230 4091 1265 4137 ad
1277 4087 1345 4137 Arta-

81 4168 150 4218 ‹r'ua
186 4164 265 4221 Unde
280 4170 337 4222 tres
355 4166 471 4244 circiter
483 4184 569 4225 annos
587 4167 757 4238 Simplicius,
776 4169 830 4224 duo
849 4170 934 4224 etiam
952 4169 1029 4224 Felix
1047 4170 1185 4223 monuisse
1203 4169 1345 4237 putandus

86 4248 139 4313 ot,
155 4250 301 4318 antequam
318 4252 459 4309 sententia
474 4253 537 4323 ipsa
553 4255 686 4321 ferretur,
708 4260 757 4309 aut
773 4254 878 4324 potius,
898 4255 928 4307 ut
946 4255 1045 4308 saltem
1063 4253 1107 4307 hic
1125 4255 1254 4323 ponitur,
1269 4251 1345 4306 Vite-

89 4327 121 4382 l‘!
136 4334 166 4384 et
180 4331 294 4390 Quas
309 4337 397 4407 legati
413 4337 599 4393 mitterentur.
618 4370 651 4378 —
669 4339 758 4393 Simul
774 4339 839 4394 hino
856 4339 1029 4409 apertissime
1047 4338 1179 4409 patescit,
1196 4338 1346 4391 auctorem

71 4472 76 4479 .
95 4413 143 4466 ‘ill
158 4420 288 4484 perwnali
303 4423 414 4479 nemine
432 4424 557 4479 utentem
574 4426 735 4493 (creauimus,
753 4446 877 4495 rmnqnem
894 4431 1033 4480 destitutus
1050 4428 1109 4491 etc.)
1128 4425 1223 4477 tamen
1235 4422 1345 4479 nomine

99 4497 165 4552 ὼ
181 4505 340 4571 wlierne
355 4508 440 4578 loqui

161 4584 192 4651 ⁸)
206 4585 250 4643 Fa
263 4590 359 4648 renas
376 4594 402 4648 11
420 4593 530 4663 epista
548 4597 585 4663 (n.
599 4598 635 4663 s).

165 4667 307 4735 'lamet
322 4696 408 4750 supra
424 4697 451 4733 n.
470 4685 510 4747 12,
530 4687 570 4747 ra
588 4683 617 4735 es
632 4680 707 4751 infra
724 4698 750 4736 n.
770 4686 811 4746 es,
830 4686 872 4748 ar,
889 4687 930 4747 31,
948 4687 989 4735 er.

133 4833 138 4842 .
169 4754 260 4823 “illoc
275 4762 387 4831 quidem
401 4763 529 4835 pluribus
546 4764 624 4819 Felix
634 4766 662 4819 II
679 4765 759 4835 epist.
775 4773 787 4818 1
806 4784 832 4820 n.
847 4773 862 4820 3
880 4783 921 4833 eq.
940 4764 1116 4835 imperatorie
1135 4764 1228 4819 animo
1245 4782 1346 4836 propo-

12 4848 22 4855 ’
116 4839 256 4900 mls-lox
269 4848 311 4905 ed.
329 4848 419 4905 omitt.
439 4869 490 4904 nen
506 4856 591 4913 mode,
610 4867 644 4907 ee
661 4850 761 4905 deinde
778 4851 876 4932 legunt
893 4863 918 4905 et
935 4857 1057 4919 eandorem
1073 4871 1139 4918 pree
1159 4855 1270 4906 emeritus
1287 4873 1345 4907 carr·

119 4938 164 4973 ⁸0
175 4942 225 4981 me.

1359 522 1395 582 (a.
1406 525 1456 574 488

1355 593 1458 656 -assn⁸
