3204 5506
270 331 333 395 946
692 323 695 328 ’
712 349 739 398 s.
756 345 963 399 noamsnsu
985 347 1101 397 aaran

161 513 253 565 asto.
269 502 469 586 praedicavit
490 500 594 565 Deum
616 500 775 585 Verbum,
806 505 839 567 et
860 502 1017 568 Dominus
1039 505 1150 568 noster
1173 501 1272 567 Jesus
1295 499 1445 568 Christus
1465 524 1537 567 unas

268 606 317 667 est
339 626 378 667 ex
400 606 514 668 sancta
536 607 569 667 et
589 603 732 690 unius³³)
755 605 912 669 essentiae
934 603 1105 669 Trinitate.
1151 603 1187 669 Si
1209 604 1300 668 euim
1323 627 1426 668 unum
1446 603 1539 670 Deum

266 706 301 770 in
324 705 426 770 tribus
449 705 677 788 subsistentiis,
701 706 785 770 sicut
806 705 1005 789 dictumest,
1029 706 1216 790 accipimus,
1241 704 1345 770 Pater
1360 709 1538 771 autemnon

267 811 317 871 est
337 807 542 892 incarnatus,
571 829 631 873 nec
654 807 791 892 Spiritus
814 811 961 873 sanctus:
988 806 1076 872 Deus
1098 806 1245 873 Verbum
1267 808 1459 873 incarnatus
1485 812 1537 890 est,

267 912 299 973 et
320 908 415 974 homo
437 909 543 974 factus
566 913 616 974 est
636 932 720 975 unus
742 931 781 974 ex
803 912 917 974 sancta
944 912 978 974 et
1001 910 1097 974 unius
1125 909 1287 975 essentiae
1311 909 1472 975 'l'riuitate
1497 933 1537 975 se

267 1010 407 1075 cundum
428 1011 593 1076 filiationis
607 1012 848 1096 proprietatem.
887 1010 940 1078 Sic
954 1012 1001 1076 ita
1016 1011 1192 1076 secundum
1213 1012 1401 1096 praedictas
1416 1015 1535 1077 sanetas

266 1115 402 1196 quatuor
429 1113 566 1197 synodos
595 1114 775 1197 credentes,
806 1113 886 1199 etV)
915 1113 1089 1179 secundam
1117 1112 1177 1178 Dei
1206 1112 1310 1179 Verbi
1341 1114 1536 1179 nativitatem

266 1213 441 1278 secundum
464 1236 593 1279 carnem
610 1214 755 1279 confiteri
777 1236 844 1279 non
859 1216 1032 1300 renuimus,
1057 1214 1156 1303 (unde
1171 1215 1302 1301 proprie
1319 1214 1382 1281 Dei
1405 1216 1536 1301 genitrix

266 1319 380 1380 sancta
402 1314 504 1402 Virgo
527 1340 595 1382 esse
619 1316 774 1399 creditur,
802 1321 968 1402 tamquam
990 1339 1071 1402 quae
1093 1320 1212 1382 natura
1234 1321 1267 1382 et
1291 1319 1430 1382 veritate
1451 1318 1536 1382 unius

266 1418 424 1482 essentiae
447 1417 537 1483 Patri
545 1421 585 1505 ³⁵)
609 1418 725 1483 Filium
747 1416 852 1483 Deum
872 1418 1017 1483 Verbum
1038 1440 1096 1503 per
1122 1422 1274 1484 naturam
1298 1418 1534 1501 immutabilem,

266 1541 304 1583 ex
331 1519 402 1602 ipsa
428 1519 551 1584 sactum
578 1519 757 1602 hominem,
786 1521 882 1584 enixa
909 1521 988 1602 est):
1018 1523 1050 1584 et
1076 1521 1155 1584 duas
1183 1524 1320 1584 natum
1352 1520 1390 1584 in
1419 1519 1536 1586 Christo

265 1621 370 1707 per³⁶)
398 1621 570 1686 essentiam
598 1621 647 1686 vel
674 1621 890 1686 substantiam
916 1622 1023 1686 unitas
1052 1621 1244 1686 coufitentes
1275 1622 1361 1687 sicut
1390 1621 1426 1686 in
1452 1621 1535 1686 unius

265 1744 403 1807 persona
424 1723 475 1788 vel
496 1723 696 1806 substantia,
725 1745 827 1808 neque
848 1722 964 1788 harum
990 1723 1211 1788 diversitatem
1233 1723 1285 1789 vel
1312 1723 1535 1809 proprietatem

265 1829 339 1909 post
361 1825 539 1890 unitionem
567 1825 757 1908 auferimus,
786 1847 847 1889 nec
874 1847 928 1890 eas
954 1824 1096 1889 dividere
1123 1825 1159 1889 in
1185 1825 1312 1890 duabus
1339 1826 1536 1910 personiset

266 1927 456 1991 substantiis
484 1949 542 2011 per
569 1926 748 1991 unitionem
770 1948 879 1992 sumus
907 1926 1021 1992 edocti.
1073 1927 1293 2012 Eumdemque
1326 1928 1446 1992 scimus
1476 1927 1536 1991 uui·

266 2031 413 2113 genitum
436 2028 553 2093 Filium
576 2028 636 2093 Dei
660 2032 791 2094 stante
818 2028 1076 2094 incamaticnem
1098 2029 1167 2113 ejus
1195 2031 1341 2112 etpost,
1371 2030 1452 2115 id³²)
1478 2033 1535 2093 est:

266 2130 368 2195 Deum
398 2131 493 2195 simul
521 2135 554 2196 et
581 2130 760 2214 homiuem,
788 2131 975 2216 passibilem
1003 2152 1116 2213 came,
1150 2130 1385 2215 impassibilem
1413 2131 1534 2212 deitate,

266 2231 542 2316 circumscriptum
567 2254 708 2317 corpore,
731 2252 798 2297 non
821 2232 1097 2317 circumscriptum
1114 2232 1241 2317 spiritu,
1265 2232 1300 2296 id
1315 2236 1367 2297 est
1381 2235 1535 2298 terrenum

264 2336 297 2398 et
319 2334 499 2418 coelestem,
523 2357 617 2419 quem
640 2333 777 2398 mundus
799 2338 836 2398 ut
857 2333 1020 2398 hominem
1043 2334 1129 2419 cepit
1151 2338 1183 2399 et
1202 2337 1240 2399 ut
1255 2333 1363 2399 Deum
1379 2334 1535 2399 continere

264 2457 330 2500 non
353 2437 469 2520 potuit,
492 2437 661 2501 mortalem
683 2439 715 2500 et
731 2435 955 2520 immortalem,
979 2458 1137 2520 nusquam
1151 2440 1344 2501 naturarum
1359 2436 1535 2501 diversitate

264 2537 392 2601 sublata
400 2539 457 2622 38),
491 2560 594 2623 neque
622 2537 800 2602 dividentes
827 2559 885 2622 per
912 2537 1085 2603 essentiam
1111 2538 1303 2603 unitionem.
1354 2537 1427 2604 Hoc
1458 2538 1535 2603 enim

331 2776 364 2843 ⁸³)
383 2777 406 2828 c'
426 2773 471 2828 hic
490 2777 518 2828 et
535 2774 609 2829 infra
627 2786 651 2828 et
668 2795 732 2829 aaut
749 2781 859 2829 essentia
881 2779 1023 2832 Trinitatis.
1059 2774 1173 2830 G¹Hh·
1191 2777 1216 2829 a¹
1236 2782 1310 2830 anias
1329 2785 1442 2831 essentia
1463 2780 1535 2830 ntur·

265 2866 339 2914 tatis:
360 2858 434 2927 quod
452 2863 528 2914 reete
547 2876 565 2913 a
582 2862 608 2913 c²
620 2859 807 2914 emendatum.
833 2859 925 2930 Prope
943 2860 1017 2915 enim
1035 2861 1142 2915 certum
1157 2861 1209 2928 est,
1226 2877 1363 2930 graecum
1380 2878 1449 2932 prae
1461 2878 1488 2915 sc
1498 2863 1533 2914 tu-

263 2944 340 2999 lisse:
365 2941 396 2999 ἐκ
418 2947 468 3014 τῆς
491 2940 578 3013 ἁγίας
602 2946 652 2998 καὶ
676 2939 834 3013 ὁμοουσίου
856 2941 982 3014 τριάδος.
1027 2944 1088 2999 Hoc
1108 2944 1292 3015 praecipuum
1314 2946 1360 3000 est
1381 2945 1534 3015 capitulum,

264 3029 340 3099 quod
358 3028 542 3083 decidendum
560 3029 685 3083 Justinus
705 3032 735 3083 ct
752 3029 924 3085 Justinianus
942 3030 985 3085 tot
1003 3029 1039 3083 ad
1052 3029 1230 3084 Hormisdam
1248 3029 1352 3085 litteris
1369 3029 1532 3100 flagitarunt

332 3115 364 3181 ³⁴)
383 3113 432 3167 Ηιο
450 3113 539 3168 omitt.
553 3125 577 3167 et
589 3120 733 3170 sectandam.
763 3114 828 3168 Mox
842 3114 885 3169 ed.
899 3120 949 3169 Dei
966 3121 1037 3183 sirpo
1053 3120 1171 3184 penuria
1183 3133 1252 3176 esse,
1271 3117 1373 3170 contra
1383 3133 1450 3169 mss.
1462 3115 1488 3168 h¹
1501 3117 1531 3168 a'.

332 3201 364 3266 ³⁵)
383 3201 407 3253 οί
426 3201 452 3253 c²
470 3216 532 3252 cum
550 3216 613 3253 mss.
637 3205 739 3263 Patris,
764 3199 799 3254 al.
821 3205 902 3254 Patra'.
938 3198 1021 3253 Haud
1039 3198 1188 3254 obscurum
1206 3200 1261 3266 est,
1284 3216 1388 3269 graece
1407 3199 1533 3254 annuae

264 3279 419 3354 ὁμοούσιον
442 3285 480 3356 τῷ
503 3287 599 3352 πατρί.
640 3283 743 3338 Totum
765 3285 839 3338 hunc
860 3285 953 3339 locum
971 3284 1011 3338 sic
1027 3283 1138 3353 planius
1154 3283 1273 3339 reddere
1295 3284 1433 3340 licuisset:
1456 3296 1533 3354 utpote

201 3415 205 3423 .
265 3391 329 3440 qaae
347 3375 501 3422 naturaliter
519 3381 544 3423 et
561 3388 620 3422 vere
638 3374 875 3424 consubstantialem
892 3374 983 3424 Patris
996 3375 1074 3436 filiam
1086 3374 1165 3423 Deam
1181 3374 1291 3424 Verbum
1303 3374 1478 3424 truncatae.
1491 3389 1534 3438 per

263 3467 379 3507 naturam
397 3466 423 3507 et
441 3474 476 3506 ex
493 3474 521 3507 se
536 3459 633 3520 sartam
655 3459 774 3508 homiaem
792 3461 871 3509 enixa
889 3466 935 3509 eat.
955 3485 988 3494 —
1005 3453 1070 3508 Mox
1088 3459 1114 3508 c'
1131 3471 1187 3524 seq.
1211 3459 1322 3509 Verbum
1347 3466 1443 3509 natm
1460 3460 1532 3509 rnna·

263 3543 376 3599 tabilera,
396 3538 432 3590 H⁸
450 3543 679 3596 incommutabilem.
799 3529 805 3544 ⁸

332 3625 364 3689 ³⁶)
383 3621 435 3686 Qui
455 3623 526 3677 hanc
549 3622 613 3676 fidei
632 3622 832 3677 confessionem
851 3622 1062 3689 concinnarunt,
1086 3640 1186 3692 graece
1205 3623 1292 3678 dubio
1310 3625 1411 3695 procul
1428 3624 1531 3695 scripse·

262 3709 328 3760 runt
347 3703 396 3759 διὰ
415 3709 466 3775 τῆς
485 3705 600 3776 οὐσίας,
625 3708 668 3761 his
690 3707 782 3762 verbis
807 3709 875 3762 duas
900 3708 1001 3762 Christi
1024 3712 1139 3763 naturas
1159 3728 1210 3777 per
1231 3713 1400 3764 substantiam
1417 3726 1472 3764 nou
1487 3726 1531 3779 per

263 3798 382 3845 arrideas
400 3791 492 3846 unitas
509 3794 681 3862 profitentes.
719 3793 859 3862 Interpres
878 3795 973 3848 autem
990 3792 1075 3848 latine
1094 3793 1260 3848 convertens
1279 3802 1483 3863 pererrantium
1498 3799 1533 3848 rel

261 3881 439 3935 serbstaatr'am,
459 3877 609 3947 ancipitem
623 3895 652 3932 sc
665 3895 725 3932 esse
743 3878 859 3947 probat,
879 3880 943 3932 utra
961 3896 994 3932 ex
1007 3877 1061 3932 illis
1072 3876 1188 3932 vocibus
1205 3894 1310 3947 graeco
1323 3879 1418 3949 aptius
1429 3894 1530 3950 respau-

263 3960 349 4015 deret.
387 3961 490 4015 Similis
509 3962 568 4031 ejus
586 3962 757 4032 perplexitas
775 3965 895 4033 apparet
911 3963 939 4017 in
958 3980 1005 4029 eo,
1029 3963 1106 4033 quod
1123 3977 1188 4016 mox
1205 3961 1323 4032 subjicit
1344 3970 1371 4018 a'a
1390 3972 1462 4019 uias
1476 3984 1529 4033 per·

243 4066 325 4100 mona
343 4053 381 4099 vet
398 4052 546 4100 substantia.
584 4047 667 4101 Haud
684 4050 790 4102 temere
809 4047 882 4103 enim
900 4048 1100 4117 conjectemus,
1119 4064 1183 4102 eum
1200 4046 1230 4101 in
1247 4063 1353 4116 graeco
1371 4052 1480 4104 tautum
1495 4065 1530 4101 re

261 4132 365 4201 perisse
385 4129 421 4195 ὡς
440 4128 471 4187 ἐν
491 4128 555 4194 ἕνός
574 4127 739 4187 ὑποστάσει.
774 4132 854 4187 Unde
872 4133 915 4198 fit,
933 4135 964 4186 ut
982 4133 1081 4187 eodem
1097 4137 1254 4187 substantiae
1266 4133 1383 4188 nominc
1396 4138 1426 4189 et
1437 4127 1530 4189 eiciar

262 4218 291 4270 et
307 4212 466 4272 ὑπόστασιν
485 4217 668 4283 Graecorum,
694 4235 745 4272 nec
766 4233 822 4272 non
846 4224 979 4272 essentiam
1002 4235 1035 4272 ac
1055 4238 1191 4286 perronam
1208 4217 1376 4273 Latinorum
1394 4218 1529 4289 exprimat,

224 4370 225 4373 Ἰ
261 4316 350 4370 eoque
373 4303 457 4371 paeto
481 4302 536 4355 duo
559 4302 696 4356 vocabula
718 4320 790 4371 quae
817 4302 991 4371 distinguere
1012 4302 1130 4358 interest
1152 4301 1314 4357 confundat.
1355 4303 1471 4359 Malleut
1490 4301 1529 4355 hic

260 4385 399 4455 theologi:
423 4399 448 4440 ct
466 4393 531 4440 daras
549 4398 656 4440 naturas
675 4393 699 4440 ta
720 4391 819 4442 Christo
837 4392 1040 4442 substantialiter
1057 4399 1144 4456 utpote
1167 4394 1192 4441 r'n
1211 4395 1310 4443 unitate
1333 4408 1462 4458 persam
1483 4392 1529 4440 arr*-

260 4481 302 4523 tas
320 4480 476 4537 confitentes.

328 4558 360 4623 ³⁷)
379 4557 422 4609 ltu
440 4574 512 4609 mss..
555 4557 591 4609 At
609 4556 683 4610 ΗθῐιΙ
709 4563 767 4611 item
791 4562 868 4611 Deam
886 4563 985 4627 paridem
1003 4563 1087 4619 simul,
1111 4559 1140 4612 ct
1162 4556 1322 4613 intratam
1344 4571 1483 4615 terrem:
1502 4557 1528 4610 ll¹

259 4644 324 4692 idem
344 4646 421 4694 Deam
439 4646 511 4693 sirrrul
530 4643 563 4707 (0¹
579 4644 605 4694 οἳ
623 4644 762 4710 similiter·);
783 4642 817 4696 al.
837 4649 947 4697 eamdem
966 4646 1045 4695 Deam
1064 4647 1161 4713 quidem
1178 4648 1260 4700 timul.

328 4725 359 4790 ³⁸)
378 4724 422 4776 lto
439 4724 467 4776 h¹
489 4741 551 4778 cum
569 4742 633 4778 mss.
672 4726 705 4780 G'
720 4728 746 4779 a'
765 4744 841 4795 sequ.
861 4734 918 4794 ejas
936 4731 1022 4781 ablata
1041 4713 1215 4783 ...antonem
1251 4727 1291 4781 H·
1305 4731 1438 4799 corrupte
1454 4733 1528 4782 aiver-

258 4813 349 4860 rr'tater
366 4814 465 4861 areblata
535 4815 682 4864 diuidendos
699 4819 853 4888 prqseatr'ara
871 4819 896 4865 ia
915 4820 1034 4866 atritione.
1056 4844 1084 4852 -
1103 4811 1267 4867 Acerrratiua
1286 4811 1440 4868 diceremr:
1458 4830 1527 4882 aeger

259 4897 400 4944 ‹liuideates
417 4898 606 4948 srelrstrratialem
628 4902 769 4948 unitionem.
