3204 5506
225 345 287 410 672
677 359 704 406 s.
722 356 902 406 srunacni
925 358 1038 403 raras

121 541 144 577 a.
156 528 214 577 501.
228 514 351 578 incerto
373 510 552 575 Ecclesiam
581 511 638 574 sub
666 509 727 574 hoc
756 511 929 575 certamine
952 510 1133 574 Romanam
1156 507 1290 592 perdere
1318 509 1442 576 civitaten.

225 620 297 680 Alia
318 634 419 679 manu.
466 612 562 677 Orate
585 634 642 696 pro
664 612 767 693 nobis,
791 613 911 676 domini
934 634 971 676 ae
994 610 1195 675 venerabiles
1218 611 1338 695 patres!
1363 609 1443 677 Daton

226 717 284 780 sub
307 717 356 779 die
380 714 486 799 Vir)
509 714 584 777 ldus
606 715 745 798 Augusti
768 714 974 800 regnante¹²)
997 735 1093 797 supra
1115 712 1203 778 dieto
1225 713 1366 795 feliciter,
1384 711 1444 777 Rufio

227 818 346 901 Magno
368 815 486 879 Fausto
508 816 633 879 Avieno
654 839 683 880 v.
709 838 735 879 c.
761 816 896 901 cons.¹³)

293 987 345 1052 ΙΙ.
378 986 593 1067 l‘racocptio
603 986 626 1071 1ᾗ)
650 986 747 1067 regis
769 987 951 1072 quatu),
974 985 1082 1051 missa
1103 985 1148 1051 ad
1170 984 1340 1066 synodum
1357 1001 1406 1068 per

633 1085 804 1170 majorem
827 1087 949 1152 tlttnrus
973 1088 1080 1169 rogis.

379 1224 468 1305 Fl.³)
484 1223 755 1287 Theodericus
779 1245 845 1286 rex
868 1223 1065 1287 universis
1088 1224 1292 1309 episcopis
1313 1222 1352 1287 ad
1370 1243 1444 1306 syno-

471 1326 556 1388 dum
580 1326 824 1389 convocatis.

311 1447 341 1508 4.
379 1444 543 1507 Romanae
572 1444 723 1508 ecclesiae
751 1467 877 1529 pacem,
913 1446 1062 1529 episcopo
1091 1443 1284 1529 Symmacho
1317 1442 1445 1509 criminosis
1518 1463 1533 1499 a

228 1546 498 1631 propositionibus
525 1545 687 1628 impetito,
723 1547 781 1609 sub
810 1569 847 1610 ea
875 1569 970 1631 quam
1000 1546 1130 1611 cernitis
1160 1547 1344 1611 confusione
1362 1543 1445 1619 taba,
1518 1563 1533 1599 it

229 1648 417 1733 quomodol)
439 1647 543 1730 magis
565 1648 670 1729 potuit
691 1648 892 1731 providentia
915 1653 1026 1713 nostra
1043 1647 1219 1729 consulere,
1244 1645 1448 1733 quamutjnts
1518 1661 1533 1699 ι’

229 1750 417 1833 petitionem
444 1752 573 1812 senatus
602 1753 633 1811 et
662 1749 737 1813 cleri
765 1749 805 1812 ad
834 1751 1076 1835 congregandos
1105 1772 1144 1814 ex
1167 1750 1302 1815 dirersis
1322 1742 1451 1835 promati
1517 1760 1533 1797 ²³

231 1873 358 1915 causam
378 1851 574 1937 revocaret⁵l
592 1852 764 1934 antistites,
789 1852 882 1916 etde
905 1853 1073 1937 religiosae
1096 1852 1225 1917 actione
1247 1872 1391 1936 personae
1406 1867 1453 1913 sai·
1528 1858 1533 1894 ῑ

231 1958 315 2017 ctum
338 1954 460 2016 faceret
478 1952 622 2035 judicare
646 1953 840 2016 concilium?
883 1954 921 2017 In
944 1954 1043 2018 oculis
1065 1957 1141 2018 sunt
1169 1954 1289 2018 dudum
1310 1953 1349 2017 ud
1368 1951 1458 2017 uniret·
1521 1952 1533 1981 ''‘

229 2078 296 2118 sam
320 2055 474 2138 synodum
497 2054 672 2137 destinata,
709 2058 740 2118 et
769 2056 983 2119 conscientiae
1011 2059 1138 2120 nostrae
1168 2056 1400 2140 adstipulantur
1416 2072 1464 2116 ora
1531 2062 1533 2069 '

231 2157 311 2239 cula,
340 2156 453 2240 quibus
476 2155 572 2219 solius
594 2157 792 2240 integritatis
816 2157 931 2221 affectu
957 2156 1017 2221 hoc
1036 2158 1089 2241 jus
1111 2158 1320 2242 pontificibus
1343 2152 1471 2222 commisi·

229 2281 298 2323 mus
322 2259 475 2340 evocatis,
503 2261 539 2321 ut
568 2258 625 2321 sub
655 2258 815 2341 synodalis
846 2259 1005 2343 aequitate
1034 2260 1216 2324 sententiae
1246 2260 1340 2345 παῦ’)
1369 2262 1479 2345 propter

301 2448 330 2513 Η)
348 2445 436 2513 bseq.
455 2448 478 2496 V
495 2447 568 2505 Idea,
587 2443 619 2496 B¹
634 2444 667 2497 rt
680 2442 728 2497 Κ12
740 2448 765 2498 c⁹
782 2449 822 2498 VI
840 2449 913 2502 Idae.

300 2533 329 2597 12“)
349 2530 391 2583 lta
408 2528 580 2582 reddendum
597 2529 764 2598 putarimus,
782 2530 857 2598 quod
874 2531 902 2583 in
920 2530 955 2582 st
967 2530 1015 2584 Κίῖ
1033 2532 1161 2600 corrupte
1179 2529 1219 2584 sic
1238 2530 1372 2588 effertur:
1396 2539 1442 2587 sed
1454 2536 1498 2586 Ec·

231 2621 323 2669 etesiae
342 2613 387 2673 th‘l
406 2616 486 2679 eccl),
505 2612 533 2665 in
551 2613 582 2665 ΒΙ
605 2615 665 2679 ilia,
681 2617 740 2670 sect.
757 2618 825 2667 Eccl.
861 2615 937 2669 Haec
955 2617 1049 2669 autem
1067 2615 1154 2669 verba
1170 2614 1200 2668 in
1218 2615 1287 2671 edit.
1310 2618 1419 2673 omissa
1435 2622 1500 2673 sunl.

300 2701 329 2765 ¹³)
349 2696 479 2765 Sequitur
495 2696 655 2752 immediate
673 2697 701 2751 in
719 2698 751 2751 B¹
765 2698 812 2751 rt:
838 2703 899 2767 trip.
920 2700 989 2756 liiii.
1008 2700 1053 2767 (pa
1070 2720 1126 2770 rep.
1143 2699 1229 2770 recte)
1248 2703 1376 2760 Senatus.
1393 2708 1452 2761 Val.
1464 2702 1503 2769 ir·

231 2788 279 2852 uel)
299 2787 445 2836 Marcellini
462 2783 530 2849 episc.
551 2785 595 2849 (μ’
609 2785 661 2850 epi)
680 2803 732 2836 curn
751 2791 851 2849 ceteris,
870 2785 944 2852 quod
961 2786 1002 2839 ita
1019 2786 1201 2855 interpretor:
1222 2791 1309 2856 Repia
1321 2796 1420 2843 relatio
1438 2810 1506 2844 sena·

232 2875 275 2931 tui,
293 2876 332 2922 oet
345 2872 495 2921 Marcellino
514 2873 634 2935 episeopo
653 2888 705 2921 cnm
724 2877 823 2931 ceteris,
842 2870 922 2936 quasi
938 2868 1088 2923 indiculum
1101 2869 1253 2939 quemdam
1265 2870 1423 2929 chartulae
1434 2890 1509 2944 prae

231 2953 339 3007 missae.
376 2950 452 3015 Quae
474 2952 579 3005 ibidem
601 2952 670 3006 haec
693 2953 832 3022 excipiunt
857 2957 944 3008 verba
967 2959 1002 3008 Et
1020 2961 1071 3009 alia
1144 2953 1180 3008 ad
1204 2955 1343 3025 proxime
1366 2959 1511 3029 sequentia

177 3036 179 3042 '
234 3037 385 3093 referimus.

301 3127 320 3192 ¹)
338 3122 388 3176 His
406 3121 518 3189 quidem
535 3123 564 3175 in
580 3122 612 3175 B¹
626 3123 660 3175 F*¹
670 3124 715 3176 ΙΝ
730 3124 913 3192 praecedunt:
934 3128 969 3178 lit
987 3131 1037 3178 alia
1055 3132 1205 3194 praeceptio
1224 3133 1362 3196 quaedam
1375 3128 1424 3198 (Fi
1436 3148 1511 3200 prae

232 3220 328 3277 ceptam
346 3228 410 3277 quae
428 3215 512 3261 datram
531 3211 578 3274 est)
595 3228 645 3276 per
662 3214 784 3275 maiorem
802 3214 888 3263 doinus
905 3215 982 3277 repis.
1013 3213 1107 3264 Preces
1125 3209 1169 3277 (Fd
1182 3208 1233 3263 K¹²
1248 3218 1430 3285 praeceptio)
1448 3222 1513 3283 repis

232 3306 279 3348 etc.
300 3293 345 3360 (Fe
364 3298 434 3360 repis
452 3299 526 3347 missa
545 3299 580 3346 ad
595 3296 736 3361 synodaiis),

298 3381 319 3447 ²)
338 3379 381 3432 Ita
398 3395 462 3430 mss.
481 3394 532 3431 nee
549 3378 628 3431 male.
666 3378 737 3432 Nam
755 3379 846 3448 prima
864 3380 1000 3445 censetur,
1028 3397 1084 3447 qua
1101 3378 1227 3450 episcopi
1245 3381 1287 3436 ad
1306 3384 1454 3453 synodum
1471 3400 1513 3441 so

233 3465 288 3520 cati
306 3466 383 3529 sunt3
411 3462 544 3526 secunda,
568 3484 617 3532 qna
633 3470 724 3530 jensas
747 3475 784 3517 est
806 3485 877 3532 papa
896 3468 1055 3531 Symmachus
1073 3477 1131 3518 ante
1148 3473 1308 3533 patrimonii
1329 3476 1373 3524 ael
1391 3477 1511 3525 ecetesia-

232 3571 284 3603 ram
303 3554 471 3616 receptionem
488 3567 541 3600 cnm
560 3553 773 3615 irnpnpnatoribas
789 3555 842 3602 sctis
859 3555 884 3603 in
903 3555 1086 3618 disceptatione
1104 3555 1243 3618 coutlipcre
1262 3550 1390 3622 (Symm.
1406 3555 1513 3626 epistt

232 3654 258 3688 n.
273 3638 311 3701 4);
330 3633 421 3697 tertia,
440 3648 523 3699 quam
541 3632 666 3701 proxime
684 3632 865 3687 exhibuimus.

300 3723 320 3787 ³)
340 3717 384 3771 Sic
401 3734 465 3770 mss.
490 3717 546 3781 (Κ12
566 3723 625 3778 tit,
648 3717 682 3770 Fd
702 3723 750 3770 t'rs
773 3719 862 3786 attint).
890 3737 972 3788 quam
992 3722 1087 3774 notam
1104 3719 1162 3774 Nic.
1176 3719 1276 3776 Faber
1300 3740 1337 3778 aa
1359 3728 1433 3795 post
1454 3743 1513 3780 eum

235 3802 367 3857 Batonius
385 3800 487 3868 aliique
505 3818 573 3855 voce
593 3807 693 3856 Flavius
715 3803 902 3857 reddiderunt.
939 3804 1081 3872 Nusquam
1102 3807 1197 3859 tamen
1216 3805 1424 3865 Theudoricus
1442 3809 1512 3881 apati

234 3887 427 3942 casianorum
439 3884 486 3938 lib.
497 3885 562 3939 Var.
579 3891 659 3941 Flavii
668 3904 838 3956 praenomen
851 3890 974 3943 assumit.
1005 3889 1042 3943 Et
1054 3907 1088 3944 ea
1105 3888 1220 3957 quidem
1236 3894 1315 3947 nota
1330 3900 1405 3953 fitius
1422 3894 1511 3967 potin

232 3970 349 4026 indicari
367 3969 448 4023 solet:
479 3986 534 4039 quo
553 3972 662 4025 nomine
680 3990 758 4027 suam
776 3991 845 4042 erga
868 3973 967 4043 synodi
987 3975 1082 4044 patres
1104 3975 1301 4031 reverentiam
1319 3977 1511 4035 Theodericus

232 4057 330 4125 testari
347 4053 464 4108 voluisse
484 4054 669 4124 opinaremur,
686 4058 738 4111 nisi
756 4074 809 4110 vox
826 4059 875 4111 illa
892 4074 1060 4127 praenomen
1078 4072 1161 4113 aester
1179 4061 1357 4129 postularet.

299 4146 321 4211 ⁴)
339 4143 426 4206 bseq.
447 4146 561 4207 peroratam
580 4162 629 4194 non
646 4151 734 4212 napis,
752 4143 800 4196 Κ12
818 4149 932 4212 paeoniam
950 4151 1042 4212 inopis:
1063 4142 1186 4213 imperiti
1205 4146 1239 4198 ut
1257 4146 1381 4203 videmr
1397 4149 1510 4215 librarii,

233 4228 281 4296 qui
298 4244 393 4281 vocem
413 4230 546 4295 peramato,
575 4243 657 4294 quam
680 4228 785 4281 habent
802 4228 834 4280 ΒΙ
847 4227 882 4280 Fi
896 4232 1003 4299 etseq,
1033 4235 1100 4283 uota
1121 4228 1247 4284 breviori
1271 4230 1424 4303 depictam
1441 4237 1509 4307 (pisi

233 4313 305 4366 male
324 4311 400 4381 legit.

300 4400 320 4464 ⁵)
339 4397 386 4450 ΚΝ
404 4418 525 4453 revocare
548 4409 573 4452 ct
596 4403 727 4451 antestites
749 4409 774 4452 et
799 4405 829 4452 cle
852 4406 974 4467 relipione
997 4406 1101 4454 accione
1122 4419 1256 4468 personae
1281 4416 1405 4459 ntroin
1425 4412 1510 4473 facere

228 4487 350 4547 jrtclicnre
368 4491 505 4541 eam-ittam.
542 4488 574 4537 In
593 4489 670 4538 occilit
687 4495 744 4537 sient
763 4490 852 4538 dudunt
877 4491 913 4538 aet
929 4490 1051 4539 universis
1073 4489 1196 4554 aptatam
1218 4491 1386 4545 destinatam
1409 4502 1435 4547 et
1457 4512 1509 4545 m

232 4573 353 4620 scientiae
372 4582 475 4623 nostrae
494 4575 664 4638 adistipulutnn
682 4576 794 4626 oracula.
824 4569 904 4634 Quod
922 4586 1009 4636 aeque
1028 4570 1158 4638 corrupte
1170 4568 1370 4629 reddiderunt
1387 4576 1447 4632 ba⁸
1456 4592 1508 4644 neq.

233 4671 354 4704 revocare
373 4664 397 4705 et
415 4661 541 4708 antistites
559 4666 583 4708 ct
602 4660 632 4707 (Ic
651 4660 785 4722 retipiosae
803 4662 902 4709 actione
914 4674 1041 4722 personae
1053 4666 1165 4709 sanctum
1175 4659 1283 4721 [acere.
1312 4662 1509 4718 luctuum

234 4742 314 4789 cilium
332 4745 356 4789 in
375 4745 453 4792 oculis
470 4751 527 4793 stent
544 4744 635 4792 ditatum
653 4743 684 4791 ab
703 4746 825 4794 ninivensis
842 4746 963 4807 synodum
981 4746 1130 4794 destinatam
1147 4750 1196 4797 etc.
1219 4738 1258 4794 B¹
1270 4742 1350 4800 1⁸¹0*
1362 4746 1508 4809 redditum

234 4819 287 4873 nisi
305 4822 380 4890 quod
398 4827 423 4876 c⁹
442 4843 562 4877 reuocare
633 4830 763 4878 sanctione
782 4823 877 4883 letiam
895 4825 939 4893 13¹)
1007 4830 1106 4891 facere.

301 4910 321 4974 θ)
339 4905 432 4960 Verba
450 4920 493 4961 atat
505 4939 534 4946 —-
547 4915 671 4976 perarderet
690 4909 837 4962 oscitantia
853 4910 960 4964 librarii
978 4910 1006 4963 in
1024 4909 1085 4964 aliie
1104 4908 1206 4965 omissa
1224 4914 1412 4973 restimimm
1426 4914 1507 4974 ΒΝ.
