3204 5506
588 374 781 425 srisromu
805 365 855 422 25.
880 365 931 424 26.
971 383 978 400 ·
1331 358 1392 422 793

121 527 248 613 inquit:
280 527 354 612 quia
377 528 403 592 si
426 528 571 592 fidelibus
594 528 674 593 citra
696 529 965 594 intermissionem
988 528 1200 593 incumbimus
1222 528 1390 612 institutis,
1405 552 1430 590 u.
1441 542 1497 590 517.

122 652 314 714 separamur
336 653 354 693 a
377 631 479 713 vitiis,
508 632 582 694 dum
610 632 755 714 impensa
783 654 857 696 cura
880 632 989 696 divino
1010 631 1098 714 operi
1125 630 1266 695 humano
1287 632 1392 695 locum

124 754 191 796 non
221 732 376 816 relinquit
406 734 515 797 errori.
561 732 646 798 Data
668 733 714 797 lV
735 733 846 798 Nonas
869 733 1006 817 Aprilis,
1036 733 1226 819 principe²⁴)
1250 733 1392 818 Agapito
1459 768 1464 783 ·

124 835 194 899 viro
217 834 403 899 clarissimo.
449 835 514 899 Era
537 835 651 900 DLVI.

630 1023 811 1128 Epistola
837 1026 894 1108 26.

265 1178 475 1243 Hormisdae
498 1195 609 1261 pupae
631 1177 674 1242 ad
696 1195 817 1243 omnes
840 1179 1020 1261 episcopos
1042 1177 1249 1260 Hispaniae.
1404 1167 1534 1305 {affl}

74 1324 114 1372 Ji,
159 1316 214 1379 Quo
237 1319 327 1369 ordine
347 1320 440 1369 Graeci
460 1320 497 1368 nd
513 1318 645 1368 Ecclesiae
668 1301 859 1368 communionem
882 1319 982 1382 recepti
1001 1319 1191 1383 recipiendique
1211 1320 1274 1375 sini,
1302 1320 1359 1382 ipen

571 1405 680 1466 formula
699 1405 803 1466 adjecta
821 1405 954 1469 sipniflcni.

280 1535 569 1601 Dilectissimis
604 1537 801 1601 fratribus
844 1536 1042 1600 universis
1084 1536 1283 1621 episeopis
1324 1558 1393 1622 per

371 1638 608 1723 Hispaniam
631 1639 867 1703 constitutis
890 1638 1108 1703 Hormisda.

214 1761 241 1822 l.
280 1758 370 1822 lnter
392 1781 439 1840 ea,
463 1781 543 1843 quae
565 1759 700 1823 notitiae
722 1761 852 1822 nostrae
867 1757 1034 1822 Johannes
1055 1758 1157 1821 frater
1179 1761 1212 1822 et
1234 1759 1393 1842 coepisco-

122 1882 184 1944 pus
207 1864 318 1924 noster
339 1860 444 1924 studio
472 1860 706 1925 ecclesiasticae
733 1860 884 1924 utilitatis
911 1859 1063 1944 ingessit,
1097 1859 1158 1923 hoc
1184 1882 1308 1945 quoque
1334 1884 1393 1945 pro

122 1961 243 2026 affectu
266 1962 441 2026 catholicae
463 1962 537 2026 fidei
560 1966 592 2026 et
608 1962 801 2046 apostolicae
817 1963 900 2026 sedis
915 1962 1120 2026 veneratione
1137 1962 1307 2045 consuluit,
1331 1985 1392 2048 quo

121 2063 237 2127 ordine
266 2085 304 2127 ex
328 2064 412 2127 clero
435 2064 628 2128 Graecorum
656 2064 858 2128 venientibus
885 2063 984 2127 tribui
1012 2063 1143 2128 deberet
1169 2067 1282 2128 sancta
1310 2087 1392 2129 com-

120 2165 251 2247 munio,
279 2169 410 2250 propter
438 2188 565 2230 causam
594 2166 716 2230 scilicet
738 2166 865 2247 Aeacii,
904 2188 923 2228 a
950 2164 1166 2229 decessoribus
1194 2166 1313 2230 nostris
1334 2190 1393 2251 pro

120 2266 358 2330 haereticorum
381 2268 601 2332 communione
624 2268 782 2349 damnati,
812 2268 847 2331 in
870 2290 932 2352 qna
960 2266 1015 2350 ii1)
1039 2288 1177 2350 quoque,
1207 2268 1261 2351 qui
1290 2258 1323 2333 se
1352 2270 1392 2333 eb

120 2368 193 2452 ejus
218 2368 410 2453 contagione
432 2392 498 2433 non
521 2370 681 2452 dividunt,
714 2374 865 2434 anostra
889 2368 1109 2433 communione
1137 2367 1319 2433 habeantur
1340 2392 1391 2434 ex-

120 2470 222 2555 cepti.
267 2470 448 2535 Laudamus
469 2474 668 2556 propositum
691 2471 751 2535 viri
773 2471 833 2535 hoc
856 2472 923 2534 zelo
947 2470 1031 2534 eirca
1046 2469 1143 2534 fidem
1164 2474 1197 2534 et
1218 2472 1393 2555 apostolica

118 2573 275 2636 instituta
297 2573 462 2656 ferventis,
487 2577 523 2637 ut
544 2596 604 2638 nec
626 2596 683 2656 per
706 2573 924 2657 ignorantiam
939 2573 1066 2656 quidem
1081 2594 1272 2657 quemquam
1294 2596 1392 2638 coeno

119 2674 241 2738 erroris
264 2673 360 2738 alieni
382 2679 546 2757 pateretur
568 2676 725 2760 immergi.
764 2674 873 2760 Digna
895 2675 975 2738 haec
998 2696 1074 2738 cura
1096 2673 1253 2758 fidelibus,
1277 2680 1313 2740 ut
1333 2677 1393 2740 sol-

118 2776 215 2840 licito
236 2776 341 2840 studio
363 2798 488 2861 semper
509 2776 695 2861 invigilent,
725 2781 757 2841 et
785 2777 966 2861 inculpatos
993 2798 1026 2838 se
1054 2777 1096 2840 ab
1123 2777 1210 2840 omni
1236 2782 1391 2862 perversi-

118 2881 192 2941 tate
216 2881 416 2942 conssrvent.
458 2878 533 2962 Ipsa
556 2882 605 2941 est
627 2878 713 2941 enim
734 2878 808 2942 fidei
830 2877 1031 2960 irmocentiu,
1061 2882 1098 2941 ut
1119 2879 1320 2963 praevideat,
1352 2903 1393 2945 ne

118 2977 174 3043 vel
198 3000 275 3042 casu
297 2980 399 3061 possit
421 3002 537 3044 errare.

210 3080 241 3143 2.
276 3079 519 3146 Satisfecientcs
542 3081 643 3166 igitur
666 3085 697 3145 et
720 3082 932 3146 laudabilibus
950 3081 1115 3145 desideriis
1138 3083 1304 3146 memorati
1321 3083 1390 3165 viri,

119 3186 156 3246 et
178 3203 335 3245 memores
358 3184 460 3247 nostri
482 3183 566 3247 siout
580 3187 706 3266 oportet
721 3184 835 3265 officii,
860 3183 1049 3246 ‹loeumenta
1065 3184 1221 3270 quoque²)
1240 3185 1278 3247 de
1294 3185 1392 3249 eccle-

118 3284 190 3348 siae
213 3283 339 3347 soriniis
363 3289 575 3366 assumentes,
605 3286 644 3348 ad
667 3284 836 3349 concilium
857 3288 999 3348 vestrum
1020 3306 1078 3367 pro
1100 3285 1322 3368 generalitatis
1344 3286 1392 3351 in-

119 3385 302 3450 structione
324 3386 506 3469 direximus,
530 3390 567 3449 ut
588 3410 626 3450 ex
648 3387 712 3450 illis
734 3387 860 3470 plenius
876 3408 956 3469 [puae
979 3389 1054 3449 sunt
1069 3391 1143 3450 acta
1158 3387 1327 3471 discentes,
1352 3390 1393 3452 ab

119 3487 212 3551 omni
235 3509 291 3550 vos
315 3488 491 3552 errantium
514 3489 738 3574 cognatione³)
762 3489 926 3572 separetis.
971 3487 1082 3572 Neque
1105 3490 1191 3552 enim
1214 3494 1263 3552 est
1284 3512 1392 3573 perso-

119 3589 208 3653 nalis
231 3589 295 3652 odii
319 3611 430 3671 causa,
459 3591 514 3654 sed
541 3592 577 3654 in
599 3592 712 3675 impios
740 3594 994 3675 transgressores
1016 3590 1102 3654 dictu
1123 3590 1191 3655 Deo
1213 3591 1392 3675 inspirante

120 3691 302 3772 sententia3
327 3692 362 3754 in
386 3713 449 3775 qua
471 3693 598 3776 quidem
621 3715 717 3757 causa
739 3694 875 3779 neque⁴)
899 3692 1136 3777 praedicatione
1159 3715 1261 3778 neque
1284 3693 1392 3778 depre-

192 3913 225 3979 ²⁴)
242 3911 287 3966 lta
304 3911 333 3965 i².
373 3913 411 3965 At
428 3915 485 3981 βΓ
500 3918 554 3966 Pes
573 3917 680 3982 Apepiti
701 3935 721 3968 υ.
739 3933 760 3971 e.
783 3933 829 3968 ero
848 3918 944 3967 LXVI
974 3919 1012 3979 (Γ
1031 3917 1147 3981 θῦνῆς
1170 3915 1196 3967 J¹
1220 3926 1253 3982 p'e
1273 3935 1324 3983 per
1344 3936 1394 3984 per

120 4002 268 4068 apapeiium
285 4017 321 4050 nc.
363 4001 418 4050 Era
436 4002 546 4058 DLVI.·
564 3998 598 4051 ud
621 4003 679 4066 epil
698 4011 757 4067 posi
780 3993 933 4053 consolatum
949 3998 993 4053 ric*
1009 4005 1078 4054 eo‘ns.
1115 3997 1207 4053 Ceteri
1229 4020 1278 4068 per
1296 4006 1394 4070 Apnpr'-

121 4095 174 4137 tum
191 4083 227 4150 (ο1
248 4086 367 4150 Agapeto
386 4087 420 4136 11
438 4086 563 4150 consule),
587 4088 671 4150 atque
689 4084 732 4135 his
750 4083 841 4137 verbis
859 4084 1005 4153 epistolam
1024 4084 1163 4138 claudunt.
1196 4084 1234 4138 Ut
1251 4086 1320 4139 haec
1338 4086 1393 4155 epi·

121 4168 198 4222 stola
215 4167 244 4220 in
261 4166 397 4236 superiori
414 4166 565 4234 indicatur,
588 4167 629 4221 ita
646 4167 772 4238 superior
789 4169 817 4221 in
836 4169 888 4223 hac
906 4170 1088 4236 memoratur,
1111 4168 1181 4223 adeo
1201 4175 1232 4223 ut
1248 4170 1339 4224 nullus
1357 4171 1394 4224 sit

120 4249 274 4306 dubitandi
290 4251 379 4319 locus,
398 4252 464 4319 quin
483 4253 581 4307 eodem
600 4254 709 4308 consule
728 4255 845 4321 utraque
859 4253 1048 4322 consignando
1060 4253 1108 4318 sit,
1126 4253 1252 4320 adeoque
1270 4254 1299 4308 in
1317 4272 1393 4309 eram

120 4335 198 4391 DLV
216 4335 371 4391 conveniat.

120 4429 155 4477 2⁶
194 4422 214 4490 ¹)
233 4421 278 4474 Ita
294 4421 370 4474 J0¹⁰
383 4423 399 4489 β
411 4421 440 4474 1².
477 4422 518 4475 Al.
539 4422 599 4477 Oc¹
619 4441 660 4491 sq.
681 4422 769 4476 omitt.
788 4429 808 4476 n·
825 4444 937 4494 quoqne,
956 4439 1075 4490 moxque
1095 4428 1195 4480 Laudo.

192 4508 214 4574 ²)
233 4504 279 4560 Sic
300 4505 361 4559 Ji².
402 4507 444 4559 Al.
469 4528 590 4577 quaeque.
629 4508 705 4561 Haec
729 4507 895 4563 documenta
917 4507 1056 4562 escriniis
1080 4507 1270 4564 ecclesiasticis
1293 4510 1394 4565 educta

119 4590 232 4664 pariter
250 4600 441 4645 memorantur
459 4591 539 4661 epist.
553 4599 585 4645 ‘24
604 4611 629 4650 n.
644 4599 666 4646 1.
1024 4650 1027 4655 ,

191 4679 213 4744 ⁸)
233 4675 269 4730 0²
281 4679 304 4729 c'
319 4679 344 4729 c⁷
357 4679 395 4729 c¹⁰
412 4683 592 4738 communione,
616 4680 641 4730 c²
659 4686 816 4746 contagione.
859 4677 1043 4733 Praeferimus
1066 4698 1127 4733 cum
1145 4680 1195 4733 Ji²
1208 4683 1225 4750 β
1237 4680 1284 4734 ΟΙο
1301 4701 1393 4751 cognu-

119 4770 203 4823 n'ene‚
222 4760 389 4830 praesertim
407 4778 492 4828 quum
510 4762 624 4817 faveant
642 4762 738 4829 ceteri,
756 4763 784 4815 in
804 4762 904 4831 quibus
921 4765 1013 4818 exstat
1030 4771 1172 4834 cognitione
1184 4766 1246 4834 (J¹),
1265 4767 1308 4820 vel
1325 4773 1394 4836 eopi-

118 4853 221 4903 tniione
238 4844 303 4914 (0³).

192 4933 213 5000 ⁴)
232 4931 277 4985 Ita
294 4929 350 4988 Ji².
387 4931 429 4987 Al.
450 4931 492 4986 ed.
513 4952 667 5003 nequaquem
685 4954 702 4988 u
717 4939 920 5003 praedicatione.
