3224 5506
110 311 175 377 440
586 325 614 372 s.
632 322 772 373 asnasrr
794 320 908 370 raras

7 497 97 546 uass.
111 481 281 567 praecipue
310 478 549 563 Eutychianam
582 478 741 542 haeresim
770 499 842 542 cum
869 499 926 541 suo
958 476 1085 543 scilicet
1117 481 1249 573 auctore
1280 477 1337 544 aut

113 584 251 670 chctc¹¹)
280 587 313 647 et
341 583 409 666 ejus
442 583 600 646 sectatore
623 580 797 663 Dioscoro,
831 580 882 644 vel
914 580 1151 644 successoribus
1184 581 1254 665 ejus
1284 585 1336 667 atq

113 684 436 752 communicatoribus
452 682 620 747 Timotheo
636 682 766 765 Aeluro,
789 681 886 747 Petro
908 681 1141 766 Alexandrina
1165 682 1286 747 Acaoio
1299 682 1337 750 (lo

112 786 413 870 stantinopolitano,
437 785 532 849 Petro
555 783 769 867 Antiocheno,
795 785 981 869 cunctisque
997 805 1107 848 eorum
1126 784 1331 869 complicibus

113 888 435 956 communicatoribus
456 906 629 971 respuere,
664 886 816 951 damnare
850 889 883 950 et
911 886 1188 952 anathematizare
1216 891 1337 972 perpeti

112 1015 284 1076 omnesque
307 992 386 1055 istos
408 992 441 1053 et
463 988 644 1072 hujusmodi
665 986 862 1053 horribiliter
884 989 1059 1072 exsecrari,
1081 1009 1143 1054 neo
1165 1011 1309 1074 unquam
1328 1013 1338 1054 1

114 1117 186 1158 cum
207 1094 326 1158 talibus
349 1092 449 1156 ullum
476 1090 620 1176 quolibet
641 1090 734 1154 modo
763 1091 915 1174 profiteor
941 1089 1129 1154 habiturum
1158 1113 1228 1156 esse
1257 1113 1337 1156 const

112 1197 203 1279 tium,
228 1195 283 1258 sed
306 1194 346 1258 ab
368 1193 419 1257 his
441 1192 589 1257 omnibus
610 1192 754 1256 futurum
777 1215 906 1277 prorsus
929 1191 1080 1256 alienum.
1114 1191 1257 1269 Quorum
1279 1215 1337 1278 pra

112 1302 215 1362 tatem
241 1296 318 1360 licet
339 1318 504 1380 nunquam
526 1294 693 1359 voluntate
715 1295 901 1379 receperim,
930 1299 1040 1359 tamen
1062 1316 1125 1378 me,
1155 1296 1232 1379 quia
1254 1295 1337 1360 odas

112 1400 190 1463 tatis
216 1398 355 1482 impulsu
383 1399 489 1462 minus
519 1401 632 1461 cautus
660 1396 769 1461 videor
790 1396 952 1480 incidisse,
976 1396 1036 1461 sub
1059 1400 1235 1481 conspectu
1262 1396 1322 1462 Dei

112 1500 198 1564 beati
222 1500 309 1564 Petri
332 1499 468 1583 apostoli
502 1500 633 1583 ejusque
663 1498 774 1563 vicarii
802 1520 839 1563 ac
868 1498 967 1563 totius
989 1497 1155 1563 Ecclesiae
1183 1520 1271 1582 mea,
1299 1499 1337 1564 sic

113 1602 189 1685 dixi,
218 1601 464 1686 professione¹²)
492 1622 631 1685 voceque
655 1600 841 1683 condemno,
871 1601 1027 1684 detestor,
1057 1600 1223 1683 exhorreo,
1257 1601 1293 1665 in
1313 1623 1337 1665 st

114 1726 163 1767 rne
186 1704 247 1767 fids
275 1702 560 1787 communioneque
589 1701 747 1767 catholica
778 1706 811 1766 et
834 1699 1011 1785 apostolica
1039 1725 1166 1787 semper
1193 1702 1337 1767 duraturi

113 1827 181 1869 esse
205 1807 407 1869 confirmans.
438 1804 497 1870 oui
519 1805 668 1888 petitioni
691 1826 780 1868 meae
802 1826 900 1868 manu
921 1825 993 1868 mea
1015 1796 1191 1888 subscripsi
1215 1805 1266 1869 die
1287 1807 1337 1869 ter

112 1908 226 1971 Iduum
255 1908 461 1988 Martiarum,
491 1905 625 1970 Viatora
654 1908 722 1970 viro
753 1907 929 1970 clarissimo
957 1906 1095 1971 consule.
1139 1905 1231 1970 Haec
1258 1909 1337 1970 vestr

113 2004 303 2074 beatitudini
326 2010 361 2072 in
384 2012 544 2073 conventu
565 2008 818 2072 venerandorum
828 2008 866 2093 ¹³)
893 2008 1012 2072 credidi
1034 2008 1114 2073 meis
1137 2008 1287 2072 manibus
1308 2022 1337 2071 ot

112 2112 247 2176 r'·enda.“
284 2111 328 2175 Et
350 2111 413 2175 alia
436 2134 547 2175 manu:
576 2109 671 2194 „Ego
693 2109 835 2174 Misenus
858 2109 934 2174 huic
955 2110 1106 2194 petitioni
1128 2132 1220 2174 meae
1236 2114 1309 2175 eta

113 2213 240 2277 oblatae
264 2214 447 2297 subscripsi,
472 2213 522 2277 die
545 2217 578 2276 et
601 2212 730 2276 consule
752 2212 1005 2296 suprascripto“.

197 2318 227 2379 6.
263 2315 409 2380 Gelasius
432 2314 597 2398 episcopus
620 2313 716 2377 dixit:
743 2321 824 2389 (tuae
845 2320 923 2379 lecta
945 2309 1021 2378 sunt
1036 2320 1293 2380 transcribantur.

114 2417 246 2501 adjecit:
276 2421 355 2492 (inid
380 2422 520 2482 uideatur
544 2420 743 2493 fraternitati
768 2428 886 2480 uestrae
911 2422 1114 2494 statuendum,
1150 2423 1245 2481 vestri
1268 2438 1337 2496 quo·

112 2526 234 2609 consilii
256 2526 494 2599 participatione
521 2525 728 2583 desideramus
760 2539 933 2597 conoscere.
978 2517 1180 2582 Levaverunt
1213 2540 1246 2582 se
1273 2539 1337 2581 om.

114 2619 253 2704 episcopi
278 2620 510 2704 etpresbyteri
538 2624 690 2705 rogantes
713 2624 747 2683 et
768 2619 926 2685 dicentes:
956 2626 1083 2685 Exaudi
1104 2625 1235 2685 Christe:
1265 2626 1337 2686 Geta

114 2729 194 2787 uita!
222 2721 342 2786 dictum
371 2722 477 2785 vicies
525 2727 611 2798 Quod
638 2727 719 2786 vona
747 2727 934 2787 deusdedit
960 2730 992 2787 in
1019 2734 1181 2802 potestate,
1208 2733 1337 2803 praest:

114 2823 234 2888 dictum
262 2823 438 2888 duodecies.
484 2830 551 2889 Hoc
575 2828 633 2901 fae
666 2831 749 2903 priori
776 2829 859 2900 facit
892 2824 1065 2909 demumst)
1093 2830 1219 2889 Petrus!
1261 2823 1337 2912 dict

114 2925 227 2989 decies.
278 2930 314 2990 Ut
335 2933 505 3004 indulpena
530 2934 690 3005 ropamus!
713 2925 832 2989 dictum
854 2927 974 2991 novies.

181 3098 212 3163 ¹¹)
230 3096 371 3150 iohannes
392 3095 548 3150 Maxentius
569 3094 598 3147 in
619 3100 781 3163 professione
803 3100 927 3149 cattotica
950 3101 982 3149 de
1001 3100 1102 3151 Gbisto
1124 3095 1252 3150 similiter
1269 3113 1335 3150 aua.

112 3180 228 3234 matizat
241 3185 384 3250 Eratpcden,
406 3185 567 3246 dioscorum,
590 3184 740 3234 iiirrotireurn
754 3184 885 3246 Aehrunr,
906 3185 1007 3234 Petrum
1021 3185 1226 3236 Alexandrinae
1243 3192 1268 3236 et
1279 3186 1337 3234 rea

115 3270 295 3318 Antiochenam
314 3277 338 3318 ct
359 3271 478 3320 Acacium
492 3270 795 3332 Constantinopolitanurn
812 3286 865 3318 cuni
883 3270 994 3320 omnibus
1011 3270 1182 3320 sectatoribus
1194 3286 1278 3321 eorum
1288 3276 1313 3320 et

113 3354 266 3412 censoribus,
285 3358 508 3405 cornnunicntores
525 3361 549 3404 et
567 3355 713 3416 conplices,
739 3360 782 3402 aut
802 3354 940 3427 quicunque
955 3354 1027 3416 forte
1046 3369 1132 3404 eorum
1149 3357 1303 3405 trucidantur
1331 3376 1337 3396 ι

113 3440 225 3503 topicae,
249 3447 292 3488 aut
313 3442 444 3488 nuenarius
466 3456 552 3489 eorum
574 3438 716 3499 celebrant,
745 3440 789 3504 quai
809 3441 835 3487 in
857 3441 915 3504 ipsa
933 3440 1094 3489 decantatione
1113 3440 1230 3502 defuncti
1245 3431 1311 3497 tunt,

113 3520 199 3585 (vetut)
218 3525 363 3574 innocentes
383 3525 529 3587 defendant.

183 3603 212 3669 ¹²)
231 3604 265 3656 G'
279 3607 306 3656 a¹
325 3609 492 3671 confessione.

181 3689 212 3753 ¹³)
230 3687 294 3741 Bar.
313 3689 350 3742 ad
367 3706 455 3757 marg.
475 3689 553 3742 addit
575 3697 759 3757 episcoporum.
796 3689 825 3742 Si
842 3692 936 3743 tamen
957 3692 1102 3758 gestorum
1119 3689 1230 3744 initium
1248 3703 1337 3745 consti

113 3789 186 3837 naris,
210 3772 257 3824 ubi
280 3772 416 3827 nominati
438 3781 502 3827 sunt
519 3774 550 3840 ii,
574 3773 622 3842 qui
640 3773 731 3828 coetui
753 3774 817 3828 huic
838 3773 1035 3841 interfuerrmt,
1057 3779 1267 3844 presbyterorum
1287 3788 1336 3845 po

113 3872 196 3922 quam
215 3862 389 3926 episcoporum
410 3875 512 3913 nomen
533 3857 573 3912 ibi
590 3858 803 3913 adscribendum
822 3875 882 3913 csse
905 3858 1085 3913 censebimus.
1122 3859 1176 3924 Qui
1194 3860 1268 3915 enim
1288 3874 1337 3914 co<

113 3940 176 3994 huic
193 3940 349 3997 interfuisse
367 3945 571 4010 memorantur,
588 3948 736 4012 presbyteri
751 3933 943 4010 nominantur,
962 3960 1017 3997 non
1035 3950 1160 4013 episcopi.
1196 3945 1237 3999 Ex
1253 3939 1337 4016 pron¹

113 4026 207 4080 tamen
224 4027 424 4082 acclamatione
442 4028 513 4082 sicut
531 4030 605 4082 etex
618 4028 715 4092 altera,
733 4046 804 4097 quae
817 4029 853 4082 ad
866 4029 993 4083 actorum
1005 4029 1109 4083 calcem
1121 4029 1275 4099 subjicitur,
1291 4027 1337 4091 liq

112 4110 140 4163 in
154 4111 253 4166 eodem
265 4113 347 4166 coetu
365 4112 511 4182 episcopos
529 4112 685 4167 consedisse
697 4113 779 4166 simul
796 4115 825 4168 et
841 4113 1028 4182 presbyteros.
1055 4112 1111 4168 Ubi
1122 4114 1285 4180 notandum,
1295 4124 1337 4182 qt

113 4213 198 4263 quum
218 4196 344 4250 Gelasius
367 4197 421 4250 toti
438 4197 585 4251 conventui
603 4196 729 4251 dixisset:
756 4202 823 4262 Quid
838 4203 955 4252 uideatur
970 4202 1135 4265 fraternitati
1151 4211 1251 4254 uanae
1266 4208 1337 4254 stau

113 4288 179 4340 darn.
199 4287 278 4336 uestri
295 4301 393 4352 quoque
405 4287 504 4337 consilii
518 4288 717 4351 participatione
729 4287 903 4337 desiderum
914 4302 1067 4352 apnoscere,
1086 4284 1184 4338 snum
1196 4275 1337 4339 inbuant

12 4365 16 4371 “
112 4371 256 4420 levaverunt
278 4386 306 4420 se
328 4387 412 4422 anonas
434 4373 550 4436 episcopi
572 4377 597 4421 et
616 4371 765 4436 presbyteri
785 4379 908 4437 repentes
930 4379 954 4421 et
976 4374 1098 4423 amentes.
1147 4368 1220 4423 Tum
1242 4372 1337 4424 sanna

112 4449 234 4519 ipsorum
248 4451 374 4521 exposita
386 4453 421 4506 de
439 4452 537 4506 iisdem
549 4452 724 4522 adjungitur:
744 4456 821 4518 Quum
833 4459 915 4508 denuo
926 4459 1061 4508 sedissent.
1090 4450 1172 4507 Unde
1185 4452 1337 4509 nutant·

112 4535 141 4588 in
153 4535 331 4604 synodalibus
343 4536 465 4591 conciliis
482 4537 661 4607 presbyteros
678 4555 734 4592 uon
752 4554 831 4592 secus
848 4539 934 4607 atque
953 4537 1098 4608 episcopos
1115 4543 1232 4600 sedne.-
1248 4543 1276 4593 2⁰
1290 4538 1337 4592 ab

113 4635 167 4686 que
184 4621 291 4691 pariter
308 4621 474 4677 sententiam
487 4622 586 4677 dixisse
599 4641 689 4690 suam3
705 4628 734 4678 3⁰
751 4626 880 4677 neutrum
898 4622 1022 4678 diaconis
1039 4639 1202 4679 cancamum
1214 4639 1280 4678 esse.
1303 4616 1337 4677 Ni

111 4702 300 4772 ingestorum
321 4706 401 4761 initio
424 4713 554 4763 adstitisse
576 4708 706 4762 dicuntur
723 4707 846 4774 diaconi,
868 4725 924 4762 non
940 4715 1050 4772 aeduae,
1074 4709 1104 4763 st
1124 4706 1154 4763 in
1171 4724 1301 4779 processa
1314 4716 1337 4759 st

113 4788 278 4844 mumadam
296 4790 396 4847 dirdssc
413 4810 550 4860 nusquam
567 4795 764 4847 memorantur.

182 4875 212 4941 ¹⁴)
230 4875 274 4929 Ita
291 4875 340 4942 Νὴ
359 4876 393 4930 G¹
407 4879 433 4930 a'
454 4883 584 4940 Barcinus,
603 4894 722 4946 moxque
741 4877 846 4932 omittit
863 4898 988 4948 capannas.
