3204 5506
485 330 489 336 ’
602 345 774 395 ssussous
800 336 870 394 141.
1304 331 1367 398 975

98 498 186 566 οὕτω
209 500 286 582 περί
307 496 388 575 τούς
403 498 514 576 ίκέτας
528 503 568 584 τή
585 504 706 583 φιλαν-
759 500 825 583 his,
857 499 971 584 quibus
998 521 1056 585 pro
1077 499 1242 566 Ecclesiae
1263 503 1367 568 redin·
1380 533 1405 570 ο.
1418 521 1476 571 521.

95 605 233 688 θρωπίηι
261 599 513 684 ἀπαλάνεσθαι,
543 601 601 666 ἵνα
630 599 709 679 τούς
759 601 941 687 tegretione
963 602 1140 667 consulitur
1166 607 1198 668 ct
1223 606 1368 689 provide·

98 704 137 770 ἐν
164 708 210 790 τῷ
238 708 307 769 τῶν
336 704 516 789 αίρετιιιῶν
549 703 709 789 μιάσματι
759 708 829 788 tur,
853 704 1019 789 cxcludss3
1048 726 1108 769 nec
1130 705 1216 770 enim
1239 708 1368 791 expedit

96 806 335 932 ἐπιμένοντας,
366 805 388 892 ή
415 805 574 890 τούτους,
609 808 645 870 οἳ
667 802 706 871 τὸ
758 808 842 872 circa
874 806 933 871 hos
966 806 1215 873 ecclesiasticam
1247 814 1368 896 tempe-

96 905 335 973 ἀνεύθυνον’
315 914 441 995 αποκρί
441 932 559 974 νονται
576 907 632 973 καί
647 931 707 992 με·
758 931 829 974 rare
853 930 1030 975 censuram
1068 909 1142 974 Non
1165 910 1250 976 enim
1273 918 1368 979 erunt

95 1007 136 1076 τά
159 1014 227 1076 τῶν
249 1007 421 1096 ἡμετέρων
441 1008 542 1134 μόνη
551 1014 592 1095 τή
608 1014 707 1094 φωνή
758 1010 973 1076 miserationis
1014 1011 1100 1076 bons
1146 1035 1205 1097 pro
1248 1043 1365 1105 eorum,

95 1117 360 1197 συμφωνοῦσιν,
392 1110 458 1178 ἀπὸ
480 1112 628 1196 τούτων,
657 1101 707 1176 siv
759 1112 873 1197 quibus
900 1113 1022 1177 consuli
1050 1116 1193 1212 oporiet
1231 1123 1368 1191 necessi.

95 1210 182 1298 ὑπὲρ
218 1219 277 1299 τής
312 1212 613 1292 ἀποκαταστάσεως
649 1218 707 1299 τῆς
758 1218 826 1280 iste
849 1213 980 1297 collat,a
1004 1216 1031 1280 si
1054 1214 1225 1279 indiscrete
1245 1211 1368 1276 fuerint

96 1317 277 1401 ἐκκλησίας
304 1317 444 1401 φροντὶς
478 1315 534 1382 καί
562 1314 707 1402 πρόνοιά
758 1317 851 1382 bonis
873 1318 1028 1403 malisque
1050 1317 1241 1382 communis.

96 1415 247 1501 ἐστιν,’
226 1415 293 1483 απὸ
315 1423 374 1503 τῆς
390 1420 579 1502 ἐκκλησίας.
616 1413 705 1482 Οάὁὲ

93 1512 159 1603 γὰρ
171 1522 328 1585 συντελεῖ
342 1519 419 1605 περὶ
430 1519 572 1597 τούτους
584 1520 706 1602 ἐκκλη-

96 1619 272 1707 σιαστικήν
282 1623 423 1705 κεράσαι
435 1619 632 1706 αὐστηρίαν.
656 1618 707 1685 Οά

93 1720 159 1807 γάρ
182 1726 275 1790 ἔσται
298 1719 418 1789 λοιπὸν
444 1728 506 1788 τοῦ
530 1723 645 1799 ἐλέους
666 1719 706 1786 τά

94 1823 208 1908 ἀγαθά
230 1825 286 1892 ὁιά
308 1823 370 1910 τήν
387 1829 457 1890 τῶν
471 1829 706 1909 προνοηθῆναι

93 1925 305 2011 ὀφειλόντων
318 1925 470 2011 ἀνάγκην
479 1925 705 2011 συναχθέντα,

95 2026 157 2094 ἐάν
179 2031 359 2114 ὁιακρίτως
381 2032 515 2095 ἔσονται
531 2021 629 2094 κοινά
644 2051 705 2092 κα-

93 2135 167 2208 λοῖς
189 2133 246 2196 καί
268 2142 394 2207 κακοῖς.

135 2234 166 2298 5.
201 2235 268 2297 Καί
291 2233 406 2318 ἐπειὸή
429 2237 499 2298 τῶν
515 2230 704 2318 Ἱεροσολυ-
798 2235 829 2298 5.
874 2232 919 2299 dt
954 2233 1029 2318 quis
1060 2231 1365 2317 Hierosolymitsno-

92 2357 200 2419 μιτων
221 2331 345 2420 ὁμοίως
373 2334 581 2457 ποιήσασθαι
610 2330 703 2420 ᾠήθη
756 2357 826 2399 rum
853 2335 1025 2420 quoquest)
1058 2335 1240 2399 faciendam
1267 2336 1365 2401 oredi-

93 2436 133 2501 ἐν
148 2447 218 2513 τοῖς
232 2437 368 2522 οἰκείοις
383 2436 555 2522 γράμμασι
569 2434 703 2556 μνήμην
755 2437 804 2502 dit
823 2436 942 2502 litteris
964 2436 1028 2501 suis
1050 2441 1107 2500 tua
1129 2437 1257 2502 dilectio
1275 2459 1363 2501 men·

92 2535 180 2622 ήσή
204 2535 333 2623 ἀγάπη,
362 2562 411 2605 ων
433 2540 490 2603 καί
512 2533 598 2621 πρὸς
619 2533 704 2621 ἡμᾶς
755 2527 891 2622 tionem,
933 2557 1067 2624 quorum
1100 2539 1198 2603 etiam
1232 2538 1273 2604 od
1305 2561 1364 2603 nos

90 2637 218 2724 ήνέχὸη
244 2663 294 2717 τις
316 2636 488 2724 ὁμολογία,
517 2638 704 2722 ἀναγκαῖον
755 2641 911 2726 quaedem
952 2641 1059 2706 delato
1105 2642 1261 2726 professio
1303 2644 1363 2724 esi,
1376 2638 1418 2692 ⁹1³·
1398 2628 1483 2745 ἔῃ

90 2738 306 2866 ἡγησάμεθα,
341 2741 397 2807 καὶ
434 2739 628 2825 ἀναγνῶναι
662 2737 703 2803 τά
753 2744 970 2809 necessarium
992 2743 1140 2809 dux1mus
1146 2793 1155 2827 ,
1183 2743 1233 2808 vel
1255 2765 1364 2808 recen·

90 2842 266 2927 γραφέντα
300 2842 356 2908 καὶ
383 2841 635 2928 ἀποκρίνασθαι
661 2838 702 2906 soi
755 2868 823 2911 sere
850 2867 932 2931 quse
964 2847 1085 2931 scripta
1112 2849 1204 2928 sunt,
1240 2845 1289 2908 vel
1317 2866 1364 2909 re·

90 2944 284 3029 πρόσφορα.
319 2946 363 3011 Οἵ
376 2969 465 3022 τινες
487 2946 535 3022 είς
555 2941 614 3021 τοὶς
634 2947 703 3008 τοῖν
754 2947 911 3031 spondere
939 2969 1021 3033 quac
1048 2969 1201 3033 congrua.
1246 2944 1308 3021 Qui
1335 2945 1364 3009 si

90 3044 200 3130 ἁγίων
221 3047 377 3128 πατέρων
398 3046 621 3122 ὁιατυττοίσεις
635 3068 704 3129 φυ-
754 3053 938 3115 sauciorum
959 3052 1089 3133 patrum
1115 3047 1289 3114 constituta
1312 3069 1363 3112 cu·
1458 3099 1462 3106 .

91 3148 286 3233 λάττονσιν,
299 3149 330 3214 εί
344 3150 475 3234 ἐκείνης
489 3153 548 3234 τῆς
562 3149 704 3222 πίστεως
754 3152 913 3234 ελοάἰααὸ,
937 3152 964 3215 si
986 3151 1042 3214 ills
1064 3151 1138 3215 fidei
1152 3150 1363 3214 fundamenta

89 3248 172 3328 τούς
185 3254 365 3336 θεμελίους
380 3251 547 3335 σέβονται,
566 3248 623 3315 καὶ
637 3245 703 3313 ἀπὸ
754 3257 963 3334 venerantur,
1002 3253 1042 3317 ab
1075 3247 1144 3337 his,
1188 3273 1269 3337 quse
1305 3272 1363 3335 per

90 3352 224 3418 τούτων
246 3358 322 3440 τάνΙ
336 3350 382 3418 δι’
398 3350 512 3418 αὐτῶν
526 3356 588 3417 τοῦ
603 3348 703 3434 ἁγίου
755 3376 807 3419 eos
835 3358 947 3420 sancto
975 3353 1096 3438 Spiritu
1123 3355 1361 3439 compungente

90 3454 283 3540 πνεύματος
319 3455 591 3530 κατανύσσοντος
629 3453 701 3539 ὁρι-
754 3457 886 3521 definita
908 3460 994 3539 sunt,
1017 3479 1085 3522 non
1098 3456 1260 3521 recedent.
1294 3457 1363 3520 Aut

91 3556 248 3623 σθέντων
263 3554 326 3624 οὐκ
342 3555 635 3643 ἀναχωρήσουσιν.
659 3555 704 3619 El
753 3558 839 3623 enim
875 3558 1018 3643 perfecta
1059 3561 1149 3642 sunt,
1193 3558 1289 3643 stass)
1326 3561 1364 3621 ut

89 3659 157 3743 γάρ
181 3661 246 3739 είσι
268 3661 388 3744 τέλεια,
413 3658 526 3744 ὥσπερ
546 3658 623 3741 είσί,
646 3658 702 3723 καί
753 3664 839 3743 sunt,
863 3664 896 3724 et
918 3660 1096 3743 adjectione
1119 3682 1184 3724 non
1200 3660 1359 3745 indigent,

90 3761 290 3847 προσθήκης
311 3761 354 3827 οὐ
376 3759 521 3845 ὁίονται,
549 3759 703 3846 ήκαλῶς
754 3765 809 3826 aut
842 3762 923 3826 bene
956 3763 1078 3845 valida,
1123 3765 1156 3825 et
1189 3762 1260 3826 ideo
1295 3783 1362 3825 non

90 3863 223 3948 βέβαια,
246 3863 302 3928 καί
325 3862 380 3929 ὁιά
401 3869 500 3929 τοῦτο
521 3861 585 3928 οὐκ
600 3860 701 3928 ἀντα-
752 3865 923 3929 mutanda:
950 3864 1078 3950 quando
1104 3885 1162 3947 por
1189 3885 1227 3927 es
1254 3864 1361 3928 omnis

91 3965 241 4050 μειπτέα,
264 3963 365 4031 ὁπότε
387 3965 433 4031 δι’
457 3962 571 4032 αὐτῶν
592 3964 701 4031 πάντα
752 3967 985 4032 Ιτοετελιίοοτιιω
1024 3988 1148 4031 venena
1181 3986 1362 4049 compressa

90 4064 133 4131 τά
155 4073 223 4132 των
245 4069 424 4153 αίρετικῶν
440 4069 624 4153 ὁηλητήρια
639 4091 700 4132 κα-
752 4072 837 4138 sunt.
886 4068 956 4133 Nec
988 4069 1160 4154 quidquam
1189 4065 1361 4132 Calchedo-

90 4175 272 4255 ταπιεσθή.
304 4167 396 4236 Οάὁέ
415 4195 445 4236 τι
468 4167 488 4254 ή
512 4171 551 4236 ἐν
566 4174 700 4254 Χαλκη-
751 4171 860 4235 nensis
884 4171 1032 4255 synodus,
1060 4170 1144 4255 quod
1166 4169 1244 4233 utile
1266 4190 1360 4253 quae·

161 4394 193 4460 ¹⁶)
210 4393 269 4447 a¹b
288 4410 345 4461 seq.
365 4411 462 4462 ηαοηιιι
481 4395 594 4459 faciebat
616 4397 643 4444 ιἰι
660 4396 710 4445 tuis
727 4397 832 4451 litteris.
857 4391 891 4446 G¹
911 4411 1007 4461 quoque
1029 4395 1174 4456 faciendam
1197 4396 1223 4444 ιἰι
1245 4396 1292 4444 Im's
1309 4395 1362 4443 suis

90 4491 149 4541 tna,
167 4476 216 4531 st
232 4483 377 4546 sedendam
395 4482 504 4531 credidit
523 4483 549 4530 ιἰι
567 4482 660 4530 litteris
678 4487 728 4530 tua.
762 4476 827 4530 Mox
845 4478 902 4544 βΓ
916 4482 1033 4544 recipcre
1052 4477 1113 4544 (pro
1131 4477 1284 4544 recensere).

161 4565 192 4633 ¹⁶)
210 4562 339 4617 Pluribus
359 4562 389 4616 in
406 4579 469 4616 mss.
490 4560 664 4616 desideratur
686 4567 723 4615 ιἰα
741 4573 769 4615 αι
787 4573 857 4624 sunt,
881 4560 955 4630 quod
976 4561 1072 4614 temen
1089 4559 1118 4613 in
1136 4560 1188 4614 J0
1208 4562 1237 4614 et
1259 4575 1360 4629 graeco

91 4647 227 4704 additum.
268 4646 320 4702 Hic
339 4647 492 4702 occurritur
509 4645 823 4716 Hierosolymitsnorum
842 4646 1015 4716 aliorumque
1036 4645 1203 4712 sentcntiae,
1227 4661 1283 4714 qua
1301 4644 1361 4699 cal-

91 4732 273 4788 chedonensi·
291 4732 390 4802 synodi
407 4732 594 4787 definitionem
613 4748 669 4785 non
687 4731 811 4785 sufficere
829 4731 973 4797 volebant,
991 4730 1044 4784 nisi
1062 4729 1144 4784 simul
1160 4730 1276 4800 quisque
1288 4751 1361 4784 ιιιιανι

91 4840 127 4874 ιω
150 4822 274 4872 Ττίιάιοίε
292 4824 439 4886 ατιοίγλοοιινι
455 4819 643 4888 profiteretur.
679 4816 749 4870 iilud
768 4824 804 4870 ita
821 4829 849 4871 ιιι
865 4828 923 4870 αισι
939 4815 969 4869 id
987 4819 1041 4871 est:
1060 4829 1086 4871 ut
1104 4823 1192 4885 reipsa
1207 4815 1358 4871 suntsdeo·

91 4921 147 4972 que
165 4909 310 4971 adjectione
328 4924 377 4958 αοα
395 4908 516 4971 ιἠιίίγειιί.
