3204 5506
283 338 346 400 206
744 353 771 398 s.
789 351 957 399 Slall‘LlCH
980 350 1094 397 rasas

175 504 470 592 a.ts·2.exerrrpliiu1.
509 505 547 568 ln
570 528 632 588 (pua
655 505 768 587 pietati
791 505 859 586 ejus
882 505 1005 588 gratias
1028 504 1161 586 dignum
1184 508 1232 567 est
1248 525 1308 567 nos
1325 503 1473 585 referre;
1496 525 1567 588 quo

127 670 135 685 ,
180 589 268 650 (ΠΜ)
281 609 368 671 iriam
393 608 438 671 ita
461 607 582 691 gloriae
605 629 679 670 snae
703 605 884 669 moderatus
908 611 957 669 ost
979 610 1182 688 potestatem,
1207 610 1243 668 ut
1260 603 1461 689 fidelissima
1475 605 1565 670 dero

281 710 369 773 tione
393 713 519 792 pratnmr
543 708 662 792 regulis
685 708 916 790 submittere⁴),
940 729 1021 790 (pirae
1033 708 1172 790 juberet,
1196 728 1257 771 nec
1276 707 1310 771 in
1328 706 1564 773 auctoritatem

282 812 390 894 recipi,
421 811 504 894 quod
527 811 672 893 sequenti
697 810 863 873 constituit
886 812 992 872 aetate
1014 809 1192 892 prohiberi:
1223 812 1259 872 ut
1287 808 1424 873 scilieet
1448 810 1486 874 in
1508 809 1565 875 hec

281 913 503 977 tantammodo
527 934 671 994 persona,
703 934 797 994 spiram
821 912 912 992 jussu
942 911 1010 991 ejus
1033 914 1066 973 et
1088 910 1192 974 studio
1214 910 1334 994 quietis
1359 910 1564 977 Antiochen·

281 1016 378 1097 sibus,
410 1037 476 1077 nan
498 1018 554 1077 tua
576 1015 791 1097 usurpatione,
821 1013 1001 1075 antistitem
1025 1012 1230 1093 consecrasti,
1254 1012 1340 1096 quod
1362 1012 1498 1077 factum
1518 1019 1565 1079 est

282 1117 484 1196 necessitate,
514 1116 685 1178 sufficeret.
738 1115 774 1177 ln
804 1137 866 1197 qua
894 1118 968 1176 tuae
997 1113 1178 1178 dilectionis
1206 1135 1271 1177 non
1300 1114 1565 1179 irrationabilem

282 1219 502 1299 cognoscimus
526 1217 622 1280 fuisse
645 1217 851 1279 t'anmlatum:
875 1217 950 1298 quia
973 1215 1179 1279 eeclesiarum
1198 1216 1273 1298 jura
1289 1216 1490 1300 respiciens,
1513 1216 1563 1281 dia

282 1324 314 1383 tc
337 1343 402 1382 mni
425 1319 583 1382 immerita
605 1318 807 1401 suspendisse
829 1319 969 1400 testaris,
987 1339 1028 1381 ne
1050 1317 1201 1406 nidereris
1224 1317 1349 1381 ambire
1365 1319 1459 1402 quod
1474 1323 1565 1385 nnn

283 1421 420 1504 principi
444 1426 477 1483 et
499 1421 532 1484 in
557 1426 623 1483 tam
646 1421 736 1503 gravi
761 1442 944 1483 causanda
968 1425 1095 1502 poteras
1119 1421 1290 1504 abnegare.
1336 1419 1561 1505 Quapropter,

281 1524 382 1586 frater
405 1524 577 1603 carissime,
602 1523 822 1585 institutorum
844 1527 998 1601 veterum,
1022 1543 1104 1604 quac
1128 1521 1161 1583 in
1177 1526 1210 1584 te
1226 1525 1304 1584 sunt
1320 1523 1479 1605 probata,
1501 1543 1563 1587 non

282 1626 458 1704 immemor,
483 1625 566 1686 sicut
588 1624 712 1686 veniale
730 1623 876 1705 judicare
899 1646 962 1686 riori
987 1623 1143 1706 pervides,
1168 1623 1251 1705 quod
1274 1623 1337 1686 tibi
1361 1628 1494 1688 certum
1516 1626 1564 1701 est

282 1727 489 1809 imperatum,
518 1726 565 1788 ita
594 1727 661 1808 ipse
689 1732 770 1787 claris
802 1725 953 1788 honorem
982 1724 1127 1807 patribus
1155 1724 1275 1805 labora,
1310 1747 1353 1789 ne
1384 1726 1563 1791 necessita

283 1827 326 1890 sit
348 1828 413 1890 ulla
436 1828 587 1907 faciendi,
611 1828 694 1910 quod
716 1833 809 1910 optas
832 1850 918 1891 rinnc
941 1826 1164 1889 satisfactione
1187 1827 1370 1910 purgari⁵).

784 2014 965 2116 Epistola
994 2013 1045 2095 li.

609 2165 824 2251 thaphse)
849 2183 959 2250 papae
982 2165 1024 2230 ad
1049 2164 1229 2231 Acacium.

146 2272 199 2386 alf}
200 2264 268 2385 81}AE
334 2308 495 2356 t'alerrdianis
514 2308 667 2356 Aritiacleeni
683 2309 799 2371 episcopi
819 2309 964 2355 electionem
988 2309 1119 2369 rorrfirmat
1137 2306 1280 2370 Simplicius
1299 2306 1336 2367 (n.
1349 2307 1391 2367 l).
1420 2308 1516 2358 Aeacii

509 2395 631 2440 silentiam
650 2393 681 2439 de
703 2392 882 2440 Ataraadrina
901 2391 1007 2439 ecclesia
1026 2393 1098 2440 sima!
1115 2406 1226 2454 urpuens
1245 2390 1280 2453 (a.
1294 2392 1330 2453 2).

411 2540 415 2553 ·
437 2524 667 2607 Simplicius
696 2525 907 2606 episcopus
931 2524 1078 2587 acacio
1106 2523 1296 2606 epis’copo
1320 2522 1563 2591 Constanti·
1601 2587 1602 2593 ,

530 2626 776 2708 napolitano.

337 2791 346 2806 .
373 2747 399 2808 l.
445 2744 641 2808 antiocheni
665 2745 828 2808 exordium
852 2744 1060 2827 sacerdotisl)
1089 2767 1153 2828 (pra
1180 2746 1307 2808 rationo
1333 2745 1442 2811 irretit
1464 2748 1563 2813 serim

284 2847 472 2927 indicatum,
501 2847 645 2930 qrrrunris
673 2847 805 2909 ruinime
833 2869 891 2909 nos
920 2847 1020 2909 latere
1045 2847 1195 2929 potinrit,
1224 2851 1336 2911 tarrren
1361 2852 1399 2911 et
1420 2849 1496 2932 ipse
1516 2846 1563 2913 rel
1601 2843 1602 2848 ¹

351 3035 371 3097 ιι)
396 3033 446 3083 llic.
469 3032 568 3100 supple
590 3039 696 3085 notuerit
719 3034 767 3085 aut
785 3032 890 3099 aliquid
913 3033 1014 3097 simile,
1039 3033 1089 3085 nisi
1113 3034 1184 3085 forto
1208 3053 1273 3101 pirae
1296 3032 1397 3087 delere
1421 3034 1561 3090 malaoth·

284 3116 430 3182 Barouius,
450 3117 497 3183 qui
516 3117 559 3170 hic
576 3121 732 3169 sirhrnitteret
750 3117 855 3185 posuit,
872 3120 970 3185 postea
982 3118 1018 3171 ad
1032 3117 1165 3170 arationis
1181 3116 1380 3185 integritatem
1394 3119 1563 3175 subeam
1601 3143 1602 3156 ¹

283 3218 393 3268 (parcique
417 3202 553 3255 delulerat
576 3208 745 3270 reciperetur.
787 3203 860 3255 Zeno
880 3206 972 3254 autam
996 3201 1092 3255 addita
1115 3202 1250 3265 clausula,
1274 3193 1331 3268 (μία
1360 3202 1563 3261 Crdendiom

282 3292 337 3338 sine
355 3293 517 3354 praejudicia
535 3307 656 3340 carcianum
675 3287 797 3340 ordinari
816 3287 979 3349 ‹lectorarit‚
998 3287 1100 3340 sanctis
1112 3285 1252 3339 Ecclesiae
1269 3287 1380 3355 regulis
1391 3276 1580 3358 potestate¹

283 3388 360 3423 suurn
380 3371 514 3424 sulnnisit.

351 3458 371 3520 ⁵)
391 3456 441 3507 llic
459 3456 634 3509 observanda
652 3456 785 3525 Simplicii
808 3456 957 3524 prrnlentia
979 3456 1133 3521 singularis.
1171 3456 1214 3508 lta
1238 3455 1337 3510 laudat
1357 3460 1390 3512 ct
1407 3460 1563 3527 eandm&

284 3540 357 3605 (prod
376 3541 541 3593 necessitate
564 3542 692 3608 «erigente
711 3544 739 3593 et
757 3541 875 3607 jubente
898 3541 1068 3610 imperatore
1087 3539 1203 3593 Aeacius
1221 3546 1376 3609 aggressus
1400 3544 1512 3609 furerat,
1534 3544 1564 3599 U

285 3639 338 3675 non
358 3623 522 3689 dissimulet,
541 3642 603 3677 crum
622 3628 734 3693 praeter
748 3626 794 3693 jus
808 3626 915 3691 iecisse,
935 3642 1044 3678 omnem
1063 3625 1115 3694 ipsi
1129 3624 1237 3678 aditum
1250 3625 1287 3678 ad
1300 3625 1395 3681 simile
1408 3628 1562 3699 qrridqun

285 3708 415 3776 deinceps
433 3709 627 3762 attentandum
646 3709 836 3778 praecludens.

353 3796 372 3851 ¹)
391 3792 452 3846 Una
470 3810 530 3845 cum
549 3795 675 3862 sequenti
694 3813 726 3847 ex
746 3795 907 3849 collectione
920 3795 1054 3848 hr'ellana
1071 3795 1099 3847 in
1116 3795 1182 3848 edit.
1198 3795 1276 3850 ltom.
1297 3797 1328 3849 et
1346 3796 1488 3868 deinceps
1504 3814 1563 3869 pro-

284 3877 368 3930 ducta
386 3881 436 3930 cst.
470 3878 527 3931 Nos
546 3896 647 3931 novam
666 3897 761 3933 earum
781 3897 840 3932 oum
860 3880 934 3933 dicto
953 3880 1047 3933 codice
1066 3879 1244 3933 collationem
1261 3880 1449 3937 instituimus.

352 3965 372 4027 ²)
393 3962 576 4030 Theophanes
594 3963 629 4017 ad
648 3963 749 4016 Christi
768 3982 871 4017 aurnuu
884 3970 934 4017 480
951 3981 969 4017 a
983 3964 1115 4017 ttrrlendis
1133 3963 1307 4033 Septembris
1323 3964 1497 4023 inchoatum
1513 3966 1564 4023 hu

284 4053 416 4100 eaordr'ran
435 4048 589 4100 accuratius
609 4050 707 4101 ceteris
725 4049 906 4118 scriptoribus
924 4049 1038 4116 exponit
1062 4049 1105 4101 his
1122 4049 1228 4102 verbis:
1260 4053 1319 4104 Hae
1340 4070 1413 4105 anno
1433 4038 1580 4121 saepta-‘³

286 4137 435 4185 Antiochiae
453 4139 574 4200 episcopa
591 4138 654 4196 fratis
670 4138 758 4198 ficareto
772 4138 925 4201 Stephanum
942 4141 1048 4187 alteram
1063 4139 1171 4188 Zenonis
1189 4139 1356 4201 imperatorie
1369 4141 1454 4202 jusu
1470 4144 1498 4191 in
1508 4142 1580 4207 οἳ,-

282 4224 360 4270 turcana
379 4222 569 4272 ardinnam-unt.
607 4220 681 4280 erern
696 4209 759 4284 fidei
776 4225 920 4285 perduelles
937 4238 986 4286 pro
1004 4238 1050 4271 sica
1068 4225 1093 4271 ia
1112 4223 1215 4271 Petram
1234 4223 1367 4272 Faltonem
1385 4227 1564 4291 propendat

283 4308 308 4353 in
326 4308 449 4355 aasentias
466 4305 602 4354 arcdsidiurn
617 4306 731 4367 frcrrrrenr
750 4315 877 4356 armantes
901 4310 927 4355 in
944 4310 1029 4357 sancti
1044 4307 1165 4370 marrppis
1183 4306 1309 4356 Baranam
1326 4307 1490 4373 baptisterio
1505 4324 1566 4363 η
1588 4359 1589 4362 ,

284 4393 316 4440 tis
333 4393 436 4439 cidarnis
453 4393 595 4454 perseconar
614 4399 638 4440 ct
657 4399 769 4440 aeeatran
787 4393 811 4440 in
831 4391 948 4442 Orontem
969 4393 1067 4454 siriciam
1084 4373 1260 4456 projecernrit.
1300 4392 1373 4443 Zeno
1390 4410 1480 4459 porro
1500 4394 1566 4461 sud*

285 4491 330 4523 nris
347 4481 495 4524 attentatam
513 4480 609 4524 nitians
629 4477 725 4525 altarem
745 4477 1024 4540 Constantinopolitano
1042 4469 1157 4540 praesuli
1174 4485 1201 4524 at
1214 4477 1372 4528 Antiochiae
1390 4478 1584 4546 cremast-

283 4575 385 4623 scopam
403 4562 541 4613 rrrarrdunit,
561 4563 604 4624 qai
621 4564 778 4610 consecrauit
797 4559 983 4611 Calendianern.
1020 4557 1176 4626 Scriptores
1194 4557 1276 4621 alios,
1295 4556 1345 4626 qui
1360 4558 1564 4615 Calendioum
1590 4577 1591 4584 ’

284 4639 320 4692 ah
339 4638 439 4692 heacia
458 4640 615 4693 ordinatum
634 4642 740 4710 pariter
757 4639 852 4694 testati
871 4642 1017 4707 matjam
1037 4642 1147 4710 pratuli.
1180 4641 1287 4705 eribrrs
1305 4642 1384 4695 addo
1402 4624 1566 4701 Theodoro·

284 4728 344 4776 turn
358 4725 510 4790 juniorem,
529 4725 575 4792 qui
594 4727 709 4779 scitioris
728 4727 871 4780 historiam
885 4726 1102 4780 ecclesiasticam
1115 4725 1289 4780 continuavit
1300 4728 1330 4779 et
1343 4728 1477 4799 quinque
1488 4728 1566 4785 libr'!
1587 4728 1590 4735 '

285 4808 369 4865 misit.
383 4811 409 4860 ct
423 4809 600 4862 'l'lreodorum
614 4811 754 4875 lectorem,
772 4812 799 4864 in
814 4813 891 4879 cujus
903 4812 984 4876 frear.
1000 4811 1046 4864 lib.
1060 4812 1081 4863 ll
1096 4811 1226 4879 legimus:
1247 4816 1344 4865 Scribit
1357 4818 1400 4866 die
1413 4818 1567 4870 ravam

285 4906 378 4951 noster.
399 4899 575 4948 t'atcndimrern
590 4901 807 4963 (brastantinnpoti
824 4903 966 4950 tadinatem
982 4902 1073 4964 fuisse.
1092 4916 1145 4950 ertia
1162 4894 1318 4952 theodorito
1336 4904 1516 4955 warentias.
