3204 5506
511 363 707 414 nmsronan
732 354 803 414 114.
830 355 900 416 115.
1282 354 1342 420 917

68 524 112 588 de
136 521 242 586 codice
257 518 368 583 Fausti
392 520 440 603 cuj
447 519 556 583 usdam
578 519 710 583 natione
726 518 810 584 Galli
827 518 974 605 Reginae
981 520 1008 606 ³)
1026 521 1166 587 civitatis
1189 524 1341 609 episcopi,
1356 550 1380 589 a.
1393 540 1449 590 520.

69 626 128 710 qui
151 624 190 688 de
212 621 344 687 diversis
366 622 461 686 rebus
484 623 517 686 et
537 620 736 706 frequentius
764 621 802 685 de
829 622 935 707 gratia
957 622 1018 688 Dei
1046 624 1163 689 diserte
1185 626 1271 689 visus
1294 629 1343 691 est

69 728 247 812 disputare,
269 724 305 789 in
325 723 512 789 scandalum
534 726 724 807 moveretur,
752 723 834 808 aliis,
857 726 895 788 ut
916 746 950 788 se
971 724 1092 790 habent
1113 726 1255 792 humana
1277 731 1342 793 stu-

70 829 141 912 dia,
169 829 205 892 in
232 827 427 892 contrarium
454 825 685 908 renitentibus,
719 847 771 890 me
800 826 1003 893 crediderunt
1035 828 1074 892 de
1102 827 1163 894 hoc
1192 829 1342 917 ambiguo

70 930 312 998 consulendum.
1028 981 1032 992 .

157 1033 188 1096 2.
225 1030 301 1096 Dixi
324 1031 451 1116 quidem
474 1052 527 1114 ea,
555 1052 637 1115 quae
660 1052 679 1093 a
701 1032 929 1095 tractatoribus
952 1053 1009 1117 pro
1033 1037 1129 1118 captu
1151 1035 1272 1119 proprii
1294 1035 1342 1100 in-

70 1135 161 1221 genii
183 1134 404 1218 disputantia,
428 1154 494 1196 non
516 1136 553 1197 ut
575 1134 731 1198 canonica
752 1133 868 1217 recipi,
893 1136 949 1198 aut
970 1134 1010 1198 ad
1025 1135 1226 1218 synodalium
1240 1137 1343 1202 vicem

70 1260 130 1322 pro
152 1237 224 1321 lege
246 1236 381 1318 servari3
404 1235 460 1299 sed
482 1233 600 1299 habere
622 1257 681 1300 nos
704 1239 806 1318 certa,
831 1234 953 1299 scilicet
974 1258 1056 1320 quae
1079 1239 1178 1302 veteri
1199 1239 1271 1324 lege
1292 1240 1342 1304 vel

71 1361 156 1403 nova
179 1338 362 1421 conscripta
384 1340 416 1400 et
438 1336 641 1422 generalibus
663 1340 792 1421 patrima
814 1339 891 1402 sunt
905 1337 1032 1402 decreta
1050 1339 1190 1423 judiciis,
1215 1341 1255 1404 ad
1269 1341 1342 1406 fun-

69 1442 257 1505 damentum
279 1439 352 1503 fidei
376 1461 412 1503 ac
434 1439 600 1524 religionis
615 1439 778 1524 integram
793 1438 995 1523 firmitatem3
1018 1440 1097 1505 haec
1113 1445 1235 1526 autem,
1260 1465 1341 1526 quae

69 1542 232 1607 antistites
255 1541 371 1606 diversi
395 1541 669 1626 conscripserunt,
702 1562 761 1625 pro
789 1540 943 1624 qualitate
970 1541 1018 1606 sui
1047 1542 1116 1607 sine
1144 1543 1342 1627 praejudicio

67 1645 141 1710 fidei
166 1644 267 1708 solere
290 1643 423 1708 censeri.
468 1642 531 1708 Sed
557 1665 655 1727 quum
682 1642 777 1726 haec,
812 1645 968 1727 quantum
989 1643 1024 1708 in
1047 1666 1156 1708 eorum
1178 1645 1341 1730 frequenti

66 1745 285 1832 postulatione
311 1745 543 1831 persensimus,
581 1744 686 1830 magis
719 1745 764 1809 eis
797 1744 960 1808 excusatio
989 1745 1166 1830 videretur,
1199 1747 1251 1812 vel
1283 1770 1342 1833 pro

67 1870 177 1914 coriam
199 1869 293 1932 prece
316 1847 365 1911 vel
387 1869 446 1930 pro
468 1847 611 1932 obsequii
633 1847 800 1911 occasione
826 1845 979 1910 reddendi
1008 1847 1200 1930 apostolatui
1223 1853 1339 1933 vestro,

61 1960 125 2036 'per
140 1949 306 2015 Justinum
324 1949 490 2013 diaconem
512 1971 616 2013 meum
640 1949 839 2033 praesumpsi
862 1948 968 2030 apices
991 1947 1159 2030 parvitatis
1182 1951 1341 2015 111111111-

65 2073 191 2138 gerere.
242 2049 363 2126 Quibus
390 2050 613 2135 principaliter
639 2050 821 2114 orationum
847 2051 1025 2121 vestrarum
1051 2051 1217 2115 munimen
1246 2075 1341 2137 expo·

65 2177 160 2220 scens
184 2174 312 2238 quaeso,
341 2156 378 2217 ut
400 2144 613 2235 consulentes,
637 2152 774 2237 quidde
797 2151 936 2236 praefati
959 2152 1097 2215 auctoris
1120 2152 1214 2217 dietis
1236 2154 1340 2218 videa-

64 2261 136 2340 tur,
168 2255 359 2321 auctoritate
388 2255 581 2338 apostolicae
614 2253 831 2337 responsionis
862 2257 1057 2337 agnoscant,
1091 2255 1229 2319 maxime
1256 2256 1340 2340 quod

64 2358 125 2424 filii
148 2380 272 2443 quoque
294 2357 392 2422 vestri
413 2356 562 2442 magistri
576 2356 716 2420 militum
732 2354 951 2441 Vitalianus⁴)
975 2358 1007 2420 et
1021 2354 1043 2420 J
1045 2356 1227 2422 ustinianus
1248 2381 1339 2442 prae-

65 2462 159 2544 cipue
182 2481 277 2544 supcr
298 2458 359 2524 hac
381 2481 415 2524 re
436 2459 592 2543 rescripto
620 2456 828 2522 beatitudinis
850 2458 976 2521 vestrae
1002 2457 1150 2522 similiter
1171 2458 1338 2525 informari

64 2561 262 2628 desiderant.

151 2663 182 2728 3.
212 2662 360 2729 Codicern
377 2685 501 2747 quoque
517 2662 758 2727 retractandum
765 2662 791 2747 ⁵)
808 2660 946 2726 antehac
961 2661 1114 2727 direxisse
1129 2685 1180 2727 me
1194 2664 1337 2748 memini,

64 2767 289 2833 continentem
311 2765 399 2829 beati
418 2764 511 2829 Pauli
533 2763 670 2848 apostoli
692 2763 899 2847 epistolarum
921 2763 1173 2849 explanationes,
1196 2788 1255 2850 pro
1277 2788 1339 2850 quo

62 2867 223 2951 rescripto
244 2867 401 2953 gratulari
423 2889 489 2931 non
511 2866 624 2930 merui.
658 2865 751 2930 Unde
774 2865 870 2929 simili
885 2866 1012 2951 precess)
1029 2866 1175 2950 deposco,
1199 2871 1233 2932 ut
1248 2890 1338 2952 prae·
1391 2865 1394 2871 ’

61 2970 246 3055 rogativam
268 2968 501 3034 benedictionis
522 2969 648 3032 vestrae
677 2968 871 3051 competenti
899 2968 1105 3050 responsione
1128 2991 1251 3032 merear
1273 2969 1338 3033 adi-

63 3072 158 3159 pisci.
185 3071 331 3155 Accepta
341 3069 403 3135 XV
414 3069 572 3136 Calendas
583 3069 734 3153 Augusti,
747 3067 915 3155 111111εοῖ)
930 3069 999 3133 viro
1011 3069 1186 3135 clarissimo
1199 3071 1337 3136 consule.

132 3311 154 3378 ³)
174 3308 207 3364 G¹
227 3313 316 3377 Regia.
351 3307 485 3362 Faustum
507 3306 633 3377 pluribus
651 3304 718 3360 locis
735 3321 764 3360 se
782 3304 947 3361 Britannum
965 3304 1077 3361 natione
1095 3323 1151 3361 non
1170 3306 1281 3362 Gallum
1297 3307 1337 3363 in·

63 3395 171 3457 dicare,
190 3393 317 3461 adeoque
336 3410 429 3449 errare
446 3394 649 3457 Possessorem,
666 3390 795 3445 Labbeus
813 3391 842 3444 in
859 3390 933 3444 hunc
950 3391 1042 3445 locum
1060 3392 1198 3446 observat.
1235 3391 1290 3446 Sed
1308 3395 1338 3448 et

64 3498 83 3535 a
99 3478 232 3534 Facundo
251 3480 348 3532 contra
364 3477 522 3533 Mocianum
541 3482 628 3531 Gaitna
644 3475 712 3528 item
729 3476 912 3544 nuncupatur.
955 3476 1052 3530 Avitus
1071 3476 1183 3545 quidem
1200 3476 1338 3533 Viennen-

62 3564 101 3619 sis
118 3563 264 3634 episcopus
281 3563 377 3617 Fausti
394 3562 536 3617 nationem
555 3561 590 3615 ab
610 3560 669 3630 ejus
686 3559 860 3614 habitatione
878 3559 1065 3630 distinguens,
1084 3578 1148 3616 eum
1160 3567 1337 3617 0111111110-
1370 3588 1373 3591 <

63 3671 121 3703 num
138 3653 281 3702 habitaculo
296 3653 444 3715 Regimen
462 3648 555 3713 vocat,
575 3645 618 3699 cni
636 3643 810 3700 consentiens
828 3643 958 3700 Sidonius
976 3646 1056 3715 epist.
1076 3646 1126 3713 IX,
1145 3653 1161 3701 9
1180 3647 1216 3701 ad
1233 3648 1336 3716 ipsum-

63 3736 123 3789 mat
140 3733 273 3787 Faustum
295 3732 335 3787 sic
351 3732 459 3787 scribit:
487 3737 553 3800 Lepi
570 3738 692 3786 uolumina
709 3740 766 3794 tua,
790 3749 854 3798 quae
873 3735 1010 3786 Riochatus
1028 3737 1134 3785 antistes
1153 3753 1185 3785 ac
1202 3739 1336 3788 maachan

63 3831 140 3889 atque
158 3822 354 3873 ultramarinis
370 3824 536 3887 peregrinus,
556 3822 604 3870 tais
621 3819 758 3869 Britannia
776 3825 903 3882 reportat.
934 3813 989 3870 Sed
1006 3816 1064 3870 Jac.
1082 3815 1245 3871 Sirmondus
1262 3818 1347 3873 notis.

62 3904 91 3958 in
110 3903 228 3959 allatum
245 3901 368 3957 Facundi
386 3902 478 3957 locum
496 3900 602 3956 Sidonii
620 3901 649 3955 et
659 3899 736 3954 Aviti
753 3898 840 3954 verba
858 3905 889 3953 de
909 3903 1043 3954 Britannis
1062 3905 1141 3955 Gallie
1158 3921 1238 3969 supra
1256 3907 1335 3971 Lipa-

61 3995 110 4043 rim
126 3994 185 4042 sitia
205 3987 416 4057 interpretatur.
456 3986 543 4040 Porro
566 3985 589 4039 si
610 3983 732 4040 Johanni
753 3983 895 4038 Maxentio
919 3983 1048 4040 habenda
1069 3985 1149 4053 fides,
1173 4001 1269 4040 eorum
1287 3987 1338 4054 qui

62 4073 159 4129 Fausti
177 4072 263 4126 libros
281 4074 312 4126 ut
330 4070 480 4127 catholicos
497 4070 689 4138 vindicabant,
708 4070 853 4124 Possessor
869 4068 999 4140 princeps
1017 4069 1076 4125 fuit.

130 4160 153 4226 ⁴)
170 4157 251 4211 Hunc
273 4158 432 4215 consulatus
455 4155 497 4210 sui
514 4173 608 4211 mense
626 4155 758 4225 septimo,
781 4154 908 4223 adeoque
925 4172 981 4209 non
998 4155 1081 4225 longe
1099 4157 1248 4226 postquam
1265 4158 1336 4213 haec
1414 4188 1416 4192 Α

62 4242 185 4315 epistola
201 4241 306 4311 scripta
324 4243 374 4307 est,
392 4240 421 4294 in
438 4241 544 4311 palatio
558 4241 758 4310 interemptum
771 4256 839 4306 esse,
856 4239 1032 4294 Marcellinus
1049 4240 1077 4293 in
1090 4240 1219 4296 chronico
1238 4243 1333 4297 tradit.

60 4329 103 4384 De
126 4342 194 4381 neca
215 4325 288 4379 illius
310 4326 406 4381 Victor
429 4323 602 4380 Tununensis
623 4324 664 4379 ita
685 4324 820 4394 loquitur:
856 4328 999 4379 Vitalianus
1022 4330 1242 4394 Constantinopoli
1264 4334 1334 4382 intra

58 4418 185 4484 patariam
207 4416 275 4472 loco,
298 4431 368 4480 quern
390 4416 536 4480 Delphicum
558 4430 652 4480 praeca
675 4415 794 4465 vocabulo
818 4414 916 4474 dicum,
938 4415 1078 4465 inaniunt
1093 4416 1200 4479 patricii
1219 4417 1333 4479 factione

60 4504 158 4554 dicitur
175 4501 326 4563 interfectus
341 4501 431 4563 [abac.

133 4584 154 4650 ⁶)
173 4581 192 4634 b
210 4591 361 4634 tractatuum
380 4581 427 4649 (ad
444 4598 533 4651 marg.
552 4583 722 4648 tractandum)
741 4580 942 4635 1101111111.

130 4669 152 4735 θ)
171 4665 205 4720 Ei
221 4663 364 4733 nimirum,
387 4682 459 4734 quae
476 4665 610 4721 Vitaliani
627 4664 830 4734 Justinianique
848 4665 1007 4721 nominibus
1024 4681 1089 4720 mox
1111 4667 1264 4737 praemissa
1282 4673 1332 4724 est.

129 4754 152 4822 7)
169 4749 303 4805 Vitaliani
320 4765 421 4804 nomen
438 4749 501 4805 ideo
519 4750 565 4805 hic
583 4750 693 4805 reticeri
711 4750 827 4806 forsitan
846 4751 907 4819 quis
925 4749 1092 4821 suspicetur,
1111 4751 1251 4820 quiajam
1268 4754 1334 4808 fuis-

58 4841 103 4894 set
114 4836 315 4905 interemptae
333 4835 381 4889 scd
392 4833 474 4904 hujus
486 4835 526 4889 rei
543 4835 616 4889 ratio
629 4853 685 4891 non
697 4835 808 4891 aliunde
820 4834 987 4906 repetenda,
1004 4835 1056 4890 nisi
1068 4837 1144 4905 quod
1156 4837 1333 4893 Hormisdam

59 4921 183 4979 consulis
202 4919 350 4975 Orientalis
368 4935 468 4975 nomen
486 4919 607 4976 latuerit.
