3204 5506
696 361 723 410 S.
741 361 923 411 anaarasll
946 362 972 408 11
994 360 1107 408 PAPAE

762 581 976 685 Epistola)
1005 583 1039 664 6.

135 739 254 795 a.⁴98d.
346 735 527 803 Anastasli
547 710 589 800 ll
612 752 722 820 papae
745 735 787 801 ad
811 736 998 801 universos
1021 735 1205 818 episcopos
1229 750 1302 818 per
1329 733 1478 802 Gallias

141 808 253 878 ΜΒ·
788 837 1016 904 constituas.

420 1007 709 1073 Dilectissimis
731 1007 927 1070 fratribus
950 1006 1149 1071 universis
1171 1029 1243 1093 per
1268 1005 1445 1073 Gallias
1469 1028 1555 1072 con·

512 1110 671 1175 stitutis
695 1109 939 1172 Anastasius
961 1130 1074 1192 papa.

835 1278 915 1344 Car.
938 1279 964 1342 l.

153 1389 252 1443 Psalm.
353 1389 380 1449 1.
420 1391 536 1448 Bonum
563 1395 653 1461 atqacc
673 1387 842 1460 jocundum
870 1379 1044 1445 Davidieus
1082 1403 1186 1445 sermo
1221 1381 1391 1467 designat
1419 1385 1558 1446 habiture

161 1462 246 1522 1321.
263 1492 383 1566 fratres
405 1495 434 1550 in
460 1507 558 1550 naara.
594 1483 677 1547 Nam
700 1504 758 1546 nos
781 1483 857 1546 licet
871 1487 1028 1547 terrarum
1045 1483 1150 1567 spatia
1164 1481 1332 1568 loginqua
1348 1484 1555 1575 discernant,

267 1590 382 1674 spiritu
410 1593 534 1668 temen,
568 1586 623 1670 qui
644 1607 726 1649 unus
749 1606 817 1648 esso
840 1585 933 1648 debet
961 1585 995 1649 in
1025 1585 1172 1648 omnibus
1196 1583 1399 1670 catholicis,
1430 1588 1556 1671 oportet

268 1714 337 1756 esse
360 1690 559 1773 conjunctos.

351 1792 381 1854 2.
416 1790 629 1854 Laudavimus
652 1788 760 1852 fratris
783 1792 815 1852 et
838 1789 1016 1873 coepiscopi
1038 1789 1140 1853 nostri
1159 1789 1379 1855 Arelatensis
1402 1790 1554 1856 sollicitu-

267 1895 390 1977 dinem,
421 1915 483 1977 qua
504 1891 597 1955 nobis
620 1894 657 1953 ut
679 1891 872 1954 arbitramur
899 1891 1114 1955 neeessariam
1136 1891 1312 1956 materiam
1336 1893 1554 1977 praedicatio

268 1997 318 2060 nis
340 1995 478 2079 ingessit
501 1997 612 2057 contra
634 1992 803 2075 haeresim,
834 2016 929 2077 quam
951 1993 1038 2057 intra
1062 1992 1184 2057 Gallias
1206 1993 1372 2058 adfirmat
1397 1998 1553 2077 exortam,

267 2121 330 2182 qua
352 2099 471 2181 putant
492 2094 552 2158 hoc
575 2094 758 2158 rationabili
779 2117 813 2158 se
836 2094 1016 2158 adsertione
1038 2095 1180 2178 suadere,
1210 2096 1301 2180 quod
1326 2095 1483 2162 humano
1504 2118 1554 2183 ge

267 2199 337 2264 neri
359 2200 520 2282 parentes,
544 2200 580 2259 ut
602 2218 640 2259 ex
663 2196 821 2260 materiali
843 2196 932 2259 faece
955 2196 1088 2261 tradunt
1110 2220 1255 2283 corpora,
1282 2199 1335 2263 ita
1354 2198 1463 2263 etiam
1479 2198 1553 2263 rita·

268 2302 307 2364 lis
330 2301 456 2363 animae
478 2299 627 2382 spiritmn
650 2299 804 2361 tribuant.
843 2297 928 2373 Quos
950 2299 1046 2362 debet
1066 2299 1255 2364 fraternitas
1278 2304 1400 2365 vestra
1423 2301 1553 2366 monitis

267 2401 623 2487 praedicationibusque
646 2400 710 2463 suis
734 2423 753 2462 a
776 2423 859 2464 vana
881 2400 1027 2485 falsaque
1049 2400 1257 2485 persuasione
1280 2422 1460 2466 revocare.

352 2503 382 2567 3.
421 2502 505 2565 Nam
526 2504 562 2566 in
583 2506 717 2586 utroque
740 2502 814 2585 quid
838 2501 923 2566 Deus
945 2502 1175 2566 benefaciendo
1202 2524 1309 2588 usque
1335 2504 1374 2568 in
1398 2524 1552 2589 praesens

268 2608 394 2689 tempus
417 2608 581 2688 operetur,
611 2603 848 2687 Scripturarnm
871 2626 1032 2667 sacrarum
1059 2626 1125 2668 non
1148 2602 1305 2688 ambigua
1330 2608 1482 2670 testatur
1503 2606 1551 2670 ad·

117 2713 184 2767 Gen.
194 2708 374 2780 1‚28.serti0.
421 2705 582 2789 Siquidem
604 2706 672 2788 ipse
694 2704 748 2788 qui
771 2705 865 2768 dixit:
893 2713 1019 2769 crescite
1045 2719 1074 2770 et
1101 2712 1356 2785 multiplicamini
1383 2720 1417 2771 et
1440 2715 1551 2788 replete

268 2823 398 2886 terram,
424 2808 459 2871 in
480 2806 541 2871 hac
563 2806 787 2870 benedictione
809 2828 888 2890 opus
911 2811 1051 2890 exercet3
1080 2812 1112 2871 et
1133 2828 1259 2888 rursus,
1284 2807 1317 2871 si
1343 2831 1364 2871 a
1387 2808 1549 2874 mandatis

266 2911 330 2975 suis
354 2913 387 2973 et
408 2909 480 2994 lege
503 2909 666 2993 proposita
681 2909 708 2990 ³⁸,
732 2908 808 2992 quid
831 2908 859 2971 ei
883 2931 940 2992 pro
962 2908 1045 2973 malo
1068 2932 1127 2973 usu
1149 2911 1182 2972 et
1202 2909 1401 2974 temeritate
1425 2910 1549 2976 arbitrii

271 3013 320 3076 sui
342 3011 495 3094 eveniret,
520 3014 607 3074 certa
628 3011 792 3094 praecepti
815 3012 1004 3076 auctoritate
1027 3010 1184 3074 distinxit.

351 3117 381 3177 4.
420 3111 582 3188 Quomodo
605 3133 681 3196 ergo
705 3117 816 3176 contra
838 3113 978 3176 divinam
1007 3113 1201 3176 sententiam
1224 3113 1354 3178 carnali
1379 3115 1484 3180 nimis
1504 3117 1547 3180 in-

266 3216 396 3281 tellectu
431 3216 570 3279 animam
600 3215 639 3277 ad
667 3212 727 3278 Dei
762 3215 936 3299 imaginem
968 3216 1088 3279 tactam
1120 3217 1238 3299 putent
1271 3215 1455 3281 hominum
1483 3239 1548 3303 per-

267 3319 421 3383 mixtione
449 3316 583 3381 diffundi
611 3317 712 3399 adque
739 3317 913 3398 insinuari,
944 3339 1015 3380 cum
1044 3316 1084 3379 ab
1112 3316 1181 3398 illo,
1204 3316 1260 3402 qui
1292 3317 1338 3381 ab
1366 3318 1471 3384 initio
1491 3318 1547 3384 hoc

115 3429 255 3496 Jolr.5,17.
267 3421 354 3501 fecit,
379 3420 461 3483 actio
484 3419 554 3502 ipsa
576 3417 731 3503 hodieque
753 3440 818 3481 non
842 3419 982 3500 desinat,
1012 3418 1183 3501 sicutipse
1206 3417 1309 3483 dixit:
1340 3425 1445 3486 Pater
1472 3443 1549 3487 m

138 2884 248 2954 *suppl

116 2955 264 3020 deflecteret

336 3728 356 3794 ¹)
374 3725 414 3778 Ex
433 3724 526 3778 codice
543 3723 762 3777 Darmstadicnsi
781 3729 847 3779 ‘23‘26
866 3723 967 3778 sacculi
979 3723 1030 3776 Vll
1048 3723 1119 3777 lianc
1137 3722 1287 3793 epistolam
1306 3726 1467 3798 exscripsit
1484 3728 1547 3783 clar.

265 3807 421 3864 Fridericus
432 3808 568 3874 Maassen,
586 3826 604 3862 a
616 3825 670 3876 quo
684 3824 745 3862 eam
759 3808 974 3877 revaJosephus
987 3808 1085 3862 Tosine
1103 3807 1211 3877 accepit
1229 3808 1260 3861 et
1279 3809 1359 3865 uotis
1379 3811 1549 3868 instrum

265 3894 294 3948 in
315 3893 509 3948 Wiedemanni
539 3893 684 3946 annalibus
715 3892 976 3960 (llesterreichische
994 3893 1263 3963 Vierteljahrschrift
1291 3898 1340 3949 fiir
1370 3896 1549 3954 katholisclre

267 3977 418 4047 Theologie
436 3978 468 4030 V.
482 3978 590 4047 Jahrg.)
613 3995 636 4031 a.
653 3982 717 4030 1866
738 3996 765 4047 p.
780 3984 876 4031 bbllss.
895 3978 1000 4046 publici
1023 3978 1090 4048 juris
1111 3978 1183 4032 fecit.
1227 3983 1375 4036 Anastasia·
1396 4004 1490 4053 popae
1512 3984 1550 4038 in·

265 4064 396 4119 scribitur
414 4065 443 4117 et
462 4069 568 4115 l’aulr'ao
587 4070 686 4115 consule
706 4061 893 4130 consignatur.
935 4062 995 4116 Etsi
1010 4064 1070 4131 jam
1088 4062 1227 4117 Anastasii
1245 4063 1258 4116 1
1284 4066 1390 4123 aetate
1411 4085 1500 4125 eamn
1515 4068 1550 4124 de

265 4149 420 4204 animarum
439 4147 626 4216 generatione,
645 4163 716 4215 quac
734 4146 798 4200 huie
816 4146 868 4216 ipsi
887 4147 990 4217 scripto
1005 4166 1102 4202 ansam
1120 4146 1203 4213 dedit,
1225 4148 1355 4204 multum
1374 4152 1495 4222 agilan
1510 4155 1551 4208 ut

265 4236 347 4299 (conf.
367 4233 458 4287 Rufini
476 4232 548 4301 apol.
569 4232 604 4285 ad
623 4232 717 4284 hnast.
738 4249 758 4284 c.
773 4235 807 4300 b),
830 4234 923 4285 tamen
942 4249 1042 4287 nornen
1064 4238 1164 4287 Paulini·
1180 4239 1302 4293 consulis,
1327 4234 1384 4303 qui
1403 4254 1483 4293 anno
1499 4244 1549 4297 498

266 4336 327 4372 eum
345 4318 471 4372 Johanne
491 4317 594 4385 Scytha
617 4319 705 4370 l'asccs
727 4316 814 4384 gessit
837 4318 865 4369 et
886 4316 915 4368 in
934 4317 1084 4372 Occidente
1107 4317 1180 4371 solus
1201 4318 1287 4372 notus
1311 4321 1384 4377 erat
1402 4325 1451 4390 (cf.
1470 4322 1549 4379 aad

265 4403 391 4473 lrrscript.
412 4402 510 4455 Christ.
531 4401 590 4454 urb.
610 4402 715 4454 Itomae
735 4402 753 4463 l,
767 4406 816 4454 410
828 4404 889 4469 aql,
910 4404 1020 4470 tempus
1038 4408 1173 4456 :lacerarit
1189 4405 1222 4455 11
1243 4401 1300 4457 sibi
1323 4407 1472 4476 postulat
1506 4407 1548 4462 Ad

266 4487 429 4542 relationem
448 4487 569 4556 episcopi
582 4485 751 4540 Arelatensis
769 4484 875 4540 directa
893 4486 936 4539 est
947 4486 1045 4541 contra
1058 4487 1192 4555 quosdam
1201 4484 1310 4557 Gallos,
1329 4490 1386 4561 qui
1404 4493 1445 4548 ad
1462 4492 1548 4548 imm

267 4572 430 4626 Tertulliani
448 4572 555 4625 animas
573 4572 707 4625 humanas
725 4570 907 4624 materialiter
922 4588 954 4625 ex
967 4573 1148 4642 generatione
1160 4573 1285 4628 humana
1302 4575 1405 4633 factae
1423 4579 1470 4634 vel
1486 4595 1547 4633 eoa

266 4654 346 4709 tlatas
364 4656 510 4722 docebant,
534 4655 635 4724 quique
653 4656 705 4710 hac
724 4655 830 4710 ratione
850 4655 954 4724 optime
973 4660 1071 4712 contra
1088 4656 1263 4726 Pelagianos,
1282 4658 1314 4713 ni
1333 4661 1434 4727 fallor,
1451 4679 1547 4735 pem

266 4746 326 4793 tum
345 4739 479 4808 originale
498 4741 649 4794 vindicasse
668 4741 720 4794 sibi
738 4740 911 4794 videbantur.
943 4741 1028 4796 ltectc
1046 4745 1142 4796 monet
1159 4740 1410 4815 eradicarentur,
1427 4750 1545 4804 nra-s

267 4822 318 4876 hac
336 4823 396 4893 ipsa
414 4825 534 4894 epistola
552 4824 655 4878 factum
674 4842 745 4889 esse,
772 4827 804 4878 ut
821 4827 920 4894 postea
938 4826 1011 4880 Galli
1033 4827 1162 4881 doctores
1181 4826 1387 4893 quaestionem
1407 4832 1494 4889 'nnn
1510 4831 1545 4887 de

267 4907 419 4962 animarum
439 4909 546 4978 origine
565 4925 650 4975 usque
668 4926 736 4978 prae
755 4909 814 4963 aliis
834 4907 940 4963 cautius
959 4912 986 4963 et
1005 4910 1159 4966 accuratius
1176 4911 1382 4970 necaverint
