3224 5506
234 332 297 397 664
685 342 713 389 s.
731 340 912 389 sisinnum
934 339 1047 386 norrun

127 523 150 559 n.
162 512 219 558 501.
235 508 365 566 animam
394 505 508 561 rrtittere
535 504 565 559 in
592 501 779 576 pebennom,
814 500 867 573 qui
894 499 984 559 dicit:
1022 499 1118 558 Mitti
1145 500 1347 559 uindictam
1371 507 1396 557 et
1415 492 1482 572 eff

135 575 220 705 ἓξὲξ
234 607 465 672 retribuom;
500 604 585 678 opud
606 618 692 676 quern
715 602 900 660 conscientia
929 602 1012 660 nudo
1041 609 1099 674 est,
1123 603 1176 661 cui
1196 618 1257 663 non
1279 600 1486 661 abscondunt!

136 708 220 762 Hebr·
235 710 364 771 occulta.
412 707 555 780 Copitare
571 705 738 779 prudentes
767 705 846 762 m'ros
874 709 1029 779 oportere,
1065 711 1180 778 quanta
1207 707 1431 765 inconvenienter

135 782 220 841 ¹⁰’30'
232 810 500 887 praejudicialiter
523 809 554 865 iu
577 807 670 880 liujus
691 805 800 878 nepoti
821 807 984 880 principiis
992 799 1031 887 39)
1054 808 1260 879 contipissent.
1299 807 1337 865 Et
1357 807 1486 865 noerius

234 931 292 989 per
314 912 410 984 banc,
442 926 532 983 quum
561 911 622 983 ipsi
642 908 808 979 uocabant,
839 910 1039 966 remissionem
1058 910 1193 982 peccatis
1214 925 1275 969 non
1303 911 1417 983 aperire
1438 918 1486 967 se

236 1015 390 1085 claudere,
415 1014 468 1086 qui
488 1011 570 1084 quod
591 1010 749 1068 dicebatur
769 1011 883 1085 majori
896 1010 1016 1083 Judieio
1044 1026 1212 1083 servamus,
1244 1013 1417 1070 instruentes
1435 1019 1486 1068 eet·

237 1118 309 1191 quio
327 1131 387 1190 per
409 1130 463 1173 uos
485 1115 544 1171 illis
567 1112 699 1170 Christus
721 1114 864 1184 innotuit,
894 1128 954 1170 non
976 1128 1039 1170 esse
1062 1114 1158 1171 ouium
1181 1114 1251 1186 lupi
1271 1113 1395 1172 insidias
1409 1127 1486 1187 pra-

239 1219 349 1290 nidere,
375 1217 428 1275 sed
447 1217 586 1289 pastoris,
613 1215 744 1300 maxime
766 1215 837 1287 puio
860 1217 890 1272 in
912 1229 1007 1273 causo
1025 1213 1177 1288 praesuta
1203 1216 1293 1274 multi
1298 1210 1338 1290 1θ)
1361 1214 1486 1288 dedipne

237 1321 348 1378 bantur
369 1333 550 1391 eopnoscere
571 1322 600 1374 et
623 1316 684 1374 lieo
706 1315 899 1391 satisfacere,
927 1332 1002 1389 quos
1029 1332 1118 1375 error
1146 1317 1325 1376 innotuerat.
1372 1314 1410 1375 Et
1428 1318 1486 1389 put!

240 1439 300 1481 non
323 1415 515 1498 poterant⁴¹)
538 1419 635 1492 pluro
663 1419 715 1476 sub
743 1419 802 1478 boc
832 1420 989 1478 occasione
1016 1419 1172 1478 Ecclesiae
1201 1419 1336 1477 membra
1364 1419 1486 1493 disperp-

239 1524 293 1582 sed
319 1523 416 1596 napis
437 1538 497 1596 per
518 1521 774 1579 mansuetudinem
803 1521 959 1586 sustineri,
994 1522 1070 1578 sicut
1095 1520 1166 1579 boni
1192 1536 1247 1579 nos
1274 1521 1376 1595 operis
1397 1519 1486 1579 Paula

134 1603 226 1725 ‘24Ti2nu
242 1628 436 1695 intruserat,
462 1624 563 1681 dicens
584 1622 739 1681 sononoos
760 1639 822 1681 esse
837 1624 988 1697 plurimos
1005 1637 1066 1696 per
1081 1624 1264 1696 patientiam
1287 1628 1316 1681 et
1331 1622 1486 1681 doctrinan

169 1713 176 1736 ,
200 1714 205 1723 .

242 1722 328 1808 ΕΝ)
351 1727 520 1800 quicunque
537 1729 689 1798 putantur
710 1726 756 1781 rei
778 1731 805 1783 et
825 1725 1122 1798 pronitus-peccatis
1136 1725 1270 1796 inuoluti,
1296 1725 1429 1798 quamuis
1442 1741 1486 1782 nu

142 1806 228 1940 1ιῖξῦ
241 1832 288 1888 lus
309 1834 352 1887 est
374 1829 427 1901 uui
448 1827 556 1885 delicto
571 1832 687 1897 curent,
713 1828 790 1884 sieut
803 1827 958 1885 lebannes
973 1832 1102 1909 testatur
1118 1827 1288 1900 apostolus:
1311 1825 1353 1885 Si
1372 1826 1486 1885 dican·

243 1931 345 2006 quod
361 1935 558 2005 peccatum
581 1943 651 1986 non
673 1928 799 2000 liabeo,
823 1929 983 1986 nendos
1006 1944 1095 1996 sunu
1118 1929 1294 1987 testamen
1318 1930 1486 2003 mopt'spre

242 2034 321 2091 suris
342 2032 493 2091 bominum
514 2024 721 2109 sustentori⁴³)
745 2037 773 2088 et
789 2032 976 2105 perterreri,
1005 2030 1061 2088 lios
1086 2017 1242 2104 passiones
1261 2031 1383 2105 judicio
1409 2032 1486 2090 divin

243 2238 300 2317 simi
318 2269 472 2318 discussoris
489 2267 604 2329 indopini
620 2267 763 2316 inuiolatam
781 2266 1096 2318 exbibereeonseientiorn.
1122 2260 1229 2316 Deinde
1242 2261 1410 2317 adversariis
1422 2278 1486 2316 oce·

245 2366 308 2403 rens
327 2347 435 2416 adjicit:
461 2352 544 2401 Nolite
563 2353 713 2407 aestimare,
732 2366 776 2400 eas
795 2353 890 2399 animas
908 2351 939 2399 de
957 2350 1147 2416 inquisitoribus
1166 2366 1215 2400 non
1233 2351 1329 2401 babere
1345 2352 1486 2415 formidine:

246 2453 309 2503 queas
327 2438 396 2486 Deus
411 2452 478 2500 prae
496 2437 589 2485 ceteris
606 2451 650 2485 suo
668 2436 809 2484 reservavit
826 2436 944 2486 examini.
980 2435 1037 2484 Non
1059 2435 1134 2484 babet
1153 2437 1224 2499 apud
1241 2437 1308 2485 illurn
1326 2451 1386 2485 reus
1404 2437 1435 2485 de
1451 2439 1486 2482 oh

245 2524 355 2587 potionis
374 2524 457 2571 nitore
475 2520 616 2579 subsidium,
637 2522 737 2586 quando
756 2522 812 2583 ipso
827 2521 955 2583 factorum
973 2521 1050 2568 utitur
1068 2527 1139 2576 teste,
1164 2537 1213 2585 quo
1225 2521 1328 2583 judice.
1362 2516 1421 2570 Nec
1437 2514 1486 2569 die

143 2625 147 2634 ·
246 2602 362 2667 mulene,
382 2601 457 2670 quod
474 2599 519 2654 hie
536 2599 565 2653 in
584 2601 705 2654 omnium
723 2604 845 2656 mentem
861 2599 951 2666 venit,
975 2607 1034 2670 pisia
1056 2606 1160 2654 omniurn
1178 2607 1318 2656 animarum
1341 2607 1400 2655 telis
1417 2607 1464 2655 erit

247 2694 291 2745 itia
309 2692 494 2755 disceptatione
512 2691 638 2740 conditio:
669 2690 809 2754 replicabo,
832 2685 935 2753 inquit,
957 2691 1000 2738 seni
1017 2691 1123 2738 dietum:
1146 2689 1204 2749 „Tu
1222 2706 1251 2740 es
1270 2691 1364 2741 Petrus
1381 2692 1458 2745 etr‚·‘‚·

246 2790 343 2832 rursun
361 2781 504 2824 sanctorum
522 2789 581 2823 uoce
597 2777 740 2837 pontificum
759 2776 905 2838 dipsitatem
922 2776 992 2824 sedis
1009 2775 1066 2837 ejus
1082 2775 1179 2837 foetam
1196 2781 1251 2825 toto
1265 2775 1327 2825 orbe
1339 2775 1486 2826 venerabil-⁴

248 2864 304 2911 dum
326 2862 363 2910 illi
385 2860 507 2924 quidquid
524 2860 634 2920 fidetium
661 2867 699 2908 est
721 2858 810 2925 ubique
833 2859 994 2916 submittitur,
1025 2861 1081 2908 dum
1107 2861 1184 2909 totius
1210 2861 1330 2923 corporis
1356 2867 1432 2923 eaput
1455 2875 1486 2909 e

247 2948 402 3010 desipnatur.

315 3029 347 3094 ³⁹)
366 3025 407 3079 lta
424 3025 460 3077 Η8
479 3024 521 3091 (ΒΙ
532 3023 566 3076 E²
578 3023 613 3077 Fd
625 3030 757 3093 principis,
777 3026 805 3078 et
822 3023 856 3076 E²
869 3026 995 3092 repotiis),
1013 3023 1060 3078 elii
1077 3030 1213 3093 principio.
1249 3024 1347 3080 Moxb
1365 3039 1389 3080 et
1406 3044 1447 3080 eos

247 3118 320 3174 bunc,
340 3131 420 3180 quoru
440 3113 465 3163 0⁷
478 3112 515 3163 0¹⁰
532 3121 557 3163 et
575 3129 621 3163 nos
638 3115 701 3163 uiam
718 3129 767 3176 per
785 3130 864 3178 qinom.
893 3108 999 3163 Deinde
1017 3108 1051 3162 Fd
1064 3108 1101 3162 H,
1119 3115 1289 3164 remissionem
1305 3117 1408 3179 peccati

242 3203 302 3265 jari
319 3201 406 3264 judici
423 3195 465 3263 (Β1
478 3197 583 3263 judieii)
607 3199 779 3254 seruabanrus;
812 3195 911 3263 postea
932 3193 966 3246 F‘¹
990 3199 1098 3247 innotuit
1121 3207 1211 3249 nostro
1234 3214 1290 3249 esse
1313 3201 1402 3258 wiron,
1430 3195 1454 3248 H
1478 3197 1486 3247 ζ

248 3284 404 3350 pastoribus.

316 3368 349 3433 4ἢ)
367 3365 402 3418 Ε’ἀ
414 3364 440 3418 H
453 3365 474 3418 0
487 3365 516 3417 h¹
539 3370 628 3418 mneltos
649 3384 677 3418 se
700 3364 745 3430 (F‘l
758 3370 787 3426 si,
809 3364 869 3417 1Η3
891 3362 1085 3433 superscripsit
1101 3367 1158 3431 sed)
1181 3369 1354 3433 dipnabantur
1378 3385 1472 3433 opnor-

251 3452 295 3518 (ΙΝ
307 3452 337 3504 h¹
356 3452 519 3519 eopnoseere)
542 3460 568 3503 ut
587 3449 630 3516 (Fd
644 3451 679 3516 et)
704 3455 758 3503 beo
775 3454 929 3514 satisfacere
947 3469 1023 3502 error
1041 3456 1164 3503 inuoluere
1183 3449 1228 3517 (et
1247 3454 1405 3517 involverat).
1436 3448 1486 3502 ΙΞ

250 3553 315 3591 vero
334 3543 431 3596 multos,
450 3541 493 3604 qni
509 3555 537 3587 se
556 3539 758 3604 dedipnobantur
816 3539 963 3596 indoluerat,
983 3533 1082 3601 quibus
1100 3533 1249 3588 concinunt
1266 3534 1299 3588 B¹
1312 3534 1355 3601 E',
1372 3532 1421 3588 nisi
1436 3550 1484 3601 (ι

251 3628 383 3674 multasse
402 3623 572 3688 dipnobantur
589 3618 701 3673 habent.
738 3617 886 3685 Sequimur
902 3618 996 3684 F²H⁸,
1018 3617 1072 3671 nisi
1095 3618 1169 3687 quod
1192 3622 1221 3673 et
1242 3619 1272 3672 hi
1294 3638 1322 3673 ss
1340 3623 1486 3688 dipnabun

250 3707 307 3771 K¹¹,
326 3722 407 3772 quem
426 3707 454 3758 a³
470 3704 602 3773 praefert,
619 3703 719 3772 legisse
731 3703 852 3757 videtur:
871 3709 940 3757 rnrrtti
957 3708 1159 3772 dedipnobantur
1177 3723 1317 3772 apnoseere
1335 3717 1360 3758 et
1377 3709 1422 3758 deo
1435 3722 1486 3756 ει

249 3796 339 3858 faeere
357 3809 470 3843 errorem
488 3796 628 3845 notuerunt.
658 3789 730 3842 Nem
748 3791 776 3842 e³
793 3787 822 3841 in
839 3789 913 3842 huno
929 3788 1042 3841 modum
1059 3787 1215 3859 planiorem
1233 3789 1292 3844 fore
1310 3789 1463 3860 lectionem

252 3875 348 3929 vertit:
367 3881 437 3927 multi
453 3877 656 3941 dedipnnbantur
674 3893 812 3944 opnoseere
830 3893 951 3931 errorent.
970 3883 994 3927 et
1012 3878 1067 3927 Deo
1085 3878 1238 3940 satisfacere
1256 3881 1396 3931 noluerant.

319 3960 351 4026 ⁴¹)
369 3958 414 4011 K¹¹
431 3969 579 4027 potuerant,
598 3958 687 4028 magis
703 3959 828 4028 placeret
845 3968 994 4026 oportuerat
1013 3973 1062 4010 eeu
1078 3962 1221 4026 oportebat.
1256 3958 1323 4012 Mox
1337 3959 1372 4013 F⁶
1382 3964 1485 4013 suein

321 4046 351 4112 ⁸²)
369 4042 388 4096 b
406 4049 460 4100 sed.
489 4042 595 4097 Deinde
614 4047 639 4097 0⁹
658 4044 694 4097 ed
711 4059 815 4112 marga
834 4042 913 4109 „Isid.
927 4048 970 4112 qui
987 4049 1161 4111 irnpupnantur
1179 4049 1245 4104 rei“,
1264 4045 1302 4098 <3¹⁰
1319 4043 1356 4098 ad
1372 4059 1479 4112 marg-

255 4140 432 4198 computentur
449 4134 496 4184 rei.
531 4128 563 4180 B'
581 4131 746 4196 putabantur.

320 4213 352 4279 ⁴³)
372 4212 390 4264 b
406 4217 541 4279 funestari,
560 4229 593 4267 ue
612 4212 710 4267 deinde
723 4213 839 4268 eliorum
853 4212 990 4268 editorum
1002 4231 1017 4268 e
1029 4231 1091 4267 mss.
1103 4212 1125 4267 Ο
1139 4212 1310 4284 descriptum
1320 4213 1486 4269 servutlec

253 4315 325 4352 nem.
352 4298 431 4352 Hane
449 4296 553 4367 etipse
572 4299 599 4351 ω’
617 4297 744 4364 servavit,
762 4298 857 4353 licetu
874 4298 972 4368 synodi
988 4299 1082 4352 mente
1100 4298 1208 4353 sensuit
1225 4298 1347 4354 alienam
1364 4296 1486 4354 etinlz

254 4382 366 4436 modum
388 4382 552 4436 mutandam
574 4383 715 4437 maluerit:
738 4388 783 4438 bos
808 4396 888 4437 tamen
910 4373 975 4452 piae
993 4390 1085 4437 ceteris
1107 4389 1230 4439 boninum
1251 4390 1390 4440 sustentari
1412 4393 1436 4437 et
1455 4392 1486 4446 Α

252 4472 321 4533 ferri
338 4471 439 4533 debere,
459 4488 531 4537 quom
548 4473 692 4534 prolatione
704 4473 801 4534 judieii
817 4490 833 4521 o
845 4473 934 4521 diuinis
953 4474 1081 4536 suspendi.
1117 4468 1307 4538 Quemquam,
1323 4466 1424 4540 pergit,
1438 4466 1486 4520 b

255 4551 423 4606 locutionem
445 4573 462 4605 o
480 4558 570 4606 diuinis
587 4560 709 4620 suspendi
729 4553 870 4623 prioribus
893 4553 1010 4608 saeculis
1030 4551 1186 4607 inauditum
1207 4554 1342 4620 fatemur,
1367 4551 1410 4608 hie
1427 4556 1486 4621 po

254 4635 434 4705 praemittere
453 4636 581 4691 videntur
597 4639 692 4706 patres
709 4655 833 4704 eausam,
853 4655 901 4692 our
919 4655 979 4692 cum
996 4637 1028 4691 iis
1041 4637 1200 4707 Symmachi
1217 4637 1334 4705 clericis,
1351 4637 1397 4708 qui
1411 4636 1445 4691 nb

256 4722 352 4774 sonna
368 4720 480 4789 regulos
497 4719 688 4789 discesserant,
706 4722 799 4776 mitius
818 4725 911 4793 egent.
945 4723 1003 4778 Nos
1025 4721 1199 4777 retinendum
1223 4722 1351 4778 duximus
1369 4718 1486 4777 tuero

255 4803 281 4856 H
292 4803 324 4856 ΒΙ
338 4804 372 4857 E'
383 4804 416 4857 F²
429 4805 463 4862 Εὖ
476 4805 504 4859 h¹
523 4815 662 4862 sustentari
683 4819 707 4861 et
717 4815 869 4876 perterreri
890 4812 914 4877 (1
925 4809 961 4862 H¹
979 4814 1136 4876 praeterire.
1159 4806 1194 4861 E‘
1210 4819 1357 4863 sustentare
1376 4816 1401 4862 et
1413 4808 1486 4875 per*

255 4895 363 4950 reneri,
382 4889 428 4942 K¹²
445 4898 615 4961 praeterreri)
637 4897 683 4947 bos
702 4899 837 4961 pressiones
855 4893 899 4962 (et
915 4896 1055 4962 passionis)
1076 4896 1180 4960 jrtdieio
1200 4897 1289 4948 diuina
1306 4891 1349 4961 (ΒΙ
1361 4894 1457 4960 juditio
