3204 5506
464 360 474 383 κ
533 349 702 401 uers'rouu
726 342 777 400 30.
833 326 836 333 ’
1030 418 1034 423 ¹
1226 334 1291 402 445

100 495 191 571 titione
214 505 353 589 laxetur,
382 505 638 591 remittendaque
659 488 785 590 punitio
808 505 861 588 sit,
883 526 965 589 quae
987 503 1174 570 nonhabet
1200 506 1391 572 maasias.

112 612 239 673 aaut.
271 606 353 683 Quia
374 629 473 692 quum
487 606 569 671 nulli
591 607 718 671 animae
734 607 821 671 Deus
836 607 1039 692 omnipotens
1055 610 1088 671 et
1109 608 1290 673 misericors

106 708 350 775 ecclesiasticam
377 710 530 793 pietatem
559 709 726 792 quaerenti
754 709 895 773 noluerit
921 709 1096 774 remedium
1123 710 1288 795 denegari,

115 807 241 876 dubium
263 815 323 896 est,
346 811 408 876 hoc
429 813 499 895 ipso
521 813 650 874 auctore
673 810 741 875 Deo
763 815 797 875 et
818 811 928 876 divina
951 813 1197 895 compunctione
1218 834 1289 897 pro-

100 957 105 986 ,
128 917 258 979 attane
280 915 319 978 de
341 914 410 998 ejus
425 915 609 998 receptione
623 916 792 997 tractetur,
815 912 943 998 quando
965 935 1003 977 ea
1017 935 1085 977 non
1098 914 1289 998 protelanda

100 1033 147 1097 que
167 1016 343 1081 necessitas
366 1015 537 1100 compellat
558 1015 711 1099 impendi.

113 1117 157 1182 12.
200 1117 320 1183 Nostro
342 1120 508 1202 praeterea
535 1117 701 1182 Salvatore
728 1118 823 1182 beato
846 1117 941 1182 Petro
968 1117 1113 1202 apostolo
1140 1141 1289 1203 praece

100 1239 106 1280 r
129 1219 313 1305 delegante:
344 1223 545 1300 &uacunque
572 1226 717 1298 licaveris
744 1232 993 1303 superterram,
1018 1232 1108 1286 erunt
1133 1227 1232 1301 licata
1258 1229 1289 1287 tn

100 1327 124 1399 tr,
144 1333 174 1386 et
195 1343 397 1402 quaecunque
417 1328 540 1387 solveris
566 1343 658 1402 super
684 1335 809 1401 terram,
839 1334 927 1387 erunt
949 1329 1047 1388 soluta
1074 1334 1105 1387 et
1127 1330 1158 1387 in
1179 1330 1289 1413 coeltsg

100 1426 164 1488 tet
184 1423 237 1487 his
264 1425 370 1489 verbis
392 1423 474 1488 nihil
498 1427 625 1487 constat
646 1428 826 1508 exceptum,
858 1424 904 1488 sic
925 1446 983 1509 per
1013 1424 1206 1509 apostolicae
1227 1425 1290 1488 dis-

100 1525 219 1590 saonis
241 1526 383 1591 officium
411 1528 443 1590 et
470 1528 574 1590 totum
601 1526 704 1609 possit
731 1525 926 1609 generaliter
952 1526 1096 1611 alligari,
1126 1529 1159 1591 et
1186 1529 1290 1591 totum

100 1630 253 1713 requenter
275 1627 411 1692 absolvi:
433 1627 604 1712 praecipue
619 1649 717 1712 quum
732 1649 771 1691 ex
792 1627 852 1691 hoe
867 1627 972 1713 magis
994 1628 1141 1712 praeberi
1165 1631 1289 1694 cunctis

100 1732 168 1794 teat
189 1729 384 1814 apostolicae
407 1727 622 1793 miserationis
645 1729 835 1813 exemplum,
859 1733 896 1793 ut
909 1729 1109 1795 absolutione
1131 1730 1288 1815 damnati,

100 1831 262 1916 esipiscant
284 1831 424 1896 universi
453 1835 485 1895 et
513 1832 554 1894 ab
581 1839 686 1895 errore
717 1853 751 1895 se
778 1831 947 1895 retrahant
973 1835 1068 1915 atque
1097 1831 1137 1895 ad
1165 1836 1289 1917 aposto-

100 1954 107 1996 a
126 1934 356 1999 communionis
378 1933 538 1997 sinceram
559 1933 694 1997 redeant
716 1933 874 1997 unitatem
882 1935 934 2018 ³⁵),
958 1933 1094 2011 vincmis
1110 1955 1143 1997 se
1159 1935 1288 1998 damna-

100 2034 120 2097 is
138 2035 236 2120 illius,
265 2057 361 2124 quam
389 2034 613 2098 universaliter
641 2035 756 2099 merito
783 2035 1055 2119 praevaricatores
1083 2039 1287 2120 exceperant,

112 2137 278 2222 ambigant
299 2137 469 2202 exuendos.
498 2136 610 2221 Neque
633 2137 718 2201 euim
733 2137 788 2222 qui
802 2136 899 2222 longe
921 2136 1042 2222 positos
1064 2137 1289 2223 adintegram

1301 1200 1401 1255 Matth.

1309 1275 1348 1334 16,
1358 1276 1395 1323 19.

100 2259 117 2302 n
148 2261 260 2305 curare
292 2240 442 2326 nitimur,
477 2243 674 2304 revertentes
702 2239 737 2304 in
764 2239 927 2324 praesenti
954 2238 1114 2323 supplices
1147 2239 1289 2304 refutare

100 2361 180 2407 mus.
227 2341 292 2407 Ubi
314 2341 449 2407 sollicite
471 2342 727 2427 praecavendum
749 2346 808 2424 est,
831 2362 873 2406 ne
889 2340 1103 2406 conscientiae
1118 2341 1289 2406 detrimen·

100 2493 101 2504 ,
124 2448 283 2530 negantes
305 2467 405 2529 usque
431 2445 472 2509 ad
481 2444 521 2531 8ss)
551 2447 727 2509 extremum
754 2445 900 2534 poscenti
922 2443 1182 2527 misericordiam,
1205 2443 1288 2528 quod

100 2564 115 2625 2,
138 2545 301 2612 ullatenus
322 2547 519 2630 incidamus,
550 2568 764 2630 censuraeque
793 2546 946 2610 severitas
974 2545 1072 2609 etiam
1100 2546 1186 2611 circa
1216 2568 1289 2629 sup·

101 2668 120 2709 s
142 2649 213 2713 sine
234 2650 299 2714 fine
321 2650 496 2734 persistens
518 2651 664 2712 transeat
686 2649 720 2712 in
742 2653 877 2736 reatum.

104 2752 156 2816 13.
191 2750 331 2815 Proinde
352 2755 509 2836 quantum
531 2751 738 2835 permittente
746 2751 788 2837 37)
822 2750 960 2815 Domino
983 2749 1205 2834 possibilitatis
1232 2749 1289 2813 hu-

100 2870 147 2935 ae,
164 2844 361 2917 desideranti
376 2853 517 2918 remedia
531 2852 751 2937 praebeamus,
775 2857 879 2917 totum
887 2852 926 2935 ³⁸)
949 2852 1033 2935 quod
1048 2873 1144 2935 supra
1158 2855 1288 2916 nostrae
1390 2920 1393 2925 ,

100 3125 180 3179 idum
202 3142 258 3180 non
281 3127 336 3191 est,
353 3112 398 3179 da
420 3123 466 3190 iis,
489 3124 537 3192 qui
554 3123 717 3193 desperatos
739 3123 768 3177 in
791 3125 903 3178 morbos
924 3121 1091 3187 inciderent,
1112 3121 1166 3174 hoc
1186 3122 1286 3175 caven.

100 3210 188 3265 'ariae
206 3210 271 3264 illae
288 3209 420 3275 rationes,
438 3226 507 3275 quas
526 3209 711 3277 undequaque
724 3207 848 3262 Gelasius
865 3209 945 3261 tauto
961 3207 1053 3261 studio
1066 3205 1214 3275 quaeritat,
1233 3222 1288 3273 quo

100 3311 157 3349 rum
179 3295 277 3349 illaesa
300 3293 453 3348 decessoris
470 3293 513 3346 sui
529 3293 668 3348 sententia
685 3293 829 3348 absolvere
847 3310 876 3348 se
894 3309 976 3363 posse
993 3293 1106 3362 probet,
1125 3294 1231 3360 quantu
1248 3309 1289 3346 re·

100 3397 126 3433 te
143 3380 282 3449 majorum
300 3378 418 3433 decretis
435 3377 606 3432 haerendum
624 3379 672 3446 sit,
691 3377 893 3442 demonstrant.

100 3466 122 3531 ⁵)
140 3466 174 3520 G'
189 3468 216 3518 a*
234 3471 386 3533 pueritatem
409 3466 437 3517 et
455 3479 520 3517 mox
537 3470 626 3519 merito
643 3469 873 3532 praevaricatoris,
897 3462 945 3515 ubi
962 3478 1018 3516 nou
1036 3461 1195 3532 displiceret
1211 3483 1287 3531 prae-

100 3556 192 3604 ttionis.

100 3634 123 3703 Β)
140 3635 199 3688 bc²
211 3651 288 3703 seqq.
308 3640 344 3688 ad
360 3647 498 3689 eutrernurn
514 3641 616 3702 pcccati
632 3641 762 3689 arceterian
785 3633 884 3702 (Vatia.
905 3631 997 3687 Coust.
1016 3639 1133 3700 poscenti
1148 3635 1289 3698 materiata)

100 3727 216 3773 ullatenus
233 3724 380 3782 incidamus,
399 3718 436 3772 Na
454 3725 490 3772 ad
507 3730 646 3773 extremam
664 3728 769 3789 peccati
790 3720 922 3795 materiam
942 3724 994 3772 atta
1015 3723 1162 3774 incidamus.
1198 3715 1289 3771 Since-

100 3810 145 3856 cst
161 3802 245 3857 lectio
264 3803 299 3857 G¹
312 3803 345 3867 (2¹
360 3806 396 3857 at
433 3802 489 3857 Sed
506 3803 604 3857 melior
627 3805 669 3857 est
691 3804 791 3857 deinde
813 3804 883 3857 haec
904 3801 941 3854 N⁵
964 3822 1136 3872 censuraeque
1158 3809 1289 3864 secentas,

100 3907 107 3937 r
125 3887 246 3955 quadiu
263 3886 413 3957 praedietis
431 3906 494 3941 mss.
514 3905 547 3942 ac
565 3888 685 3957 vulgatis
702 3908 874 3958 censuraeque
892 3897 987 3942 emtas
1005 3887 1089 3957 (vulg.
1108 3889 1243 3955 ueritatis).

100 3974 122 4040 ²)
140 3972 175 4026 (³¹
188 3974 230 4038 a¹3
249 3973 307 4026 bc²
318 3989 395 4041 seqq.
414 3984 602 4041 praemonente,
630 3976 749 4041 moxque
763 3976 788 4026 c²
806 3972 885 4026 addit
903 3984 941 4026 est
959 3974 1192 4042 (posthumam),
1215 3972 1289 4040 quod

103 4056 308 4130 saubauditur.

100 4145 124 4210 ὁ)
140 4142 242 4196 Totum
262 4142 335 4196 hunc
351 4143 442 4196 locum
461 4160 547 4210 usque
569 4143 605 4196 ad
627 4144 715 4197 verba
736 4149 788 4197 ntia
806 4149 981 4211 desum-torum
998 4142 1117 4211 Vigilius
1135 4158 1210 4212 papa
1228 4159 1290 4197 con·

100 4241 185 4281 nsua
204 4230 241 4295 (a.
255 4231 315 4295 553)
333 4227 413 4297 epist.
427 4233 460 4281 24
477 4246 501 4281 u.
520 4234 567 4281 luc
585 4227 707 4281 inseruit.
736 4228 812 4282 Haec
830 4229 929 4282 eadem
940 4227 1131 4297 perstringens
1143 4226 1289 4280 Facundus

100 4310 162 4366 risu.
183 4314 282 4366 contra
298 4310 456 4365 Moeianum
473 4312 735 4382 interpretationem
758 4312 797 4365 eis
815 4311 945 4381 adjungit
962 4329 980 4366 a
997 4310 1102 4365 Gelasii
1122 4311 1215 4364 mente
1233 4325 1289 4364 non

115 4401 286 4463 securam,
309 4396 358 4450 ubi
380 4397 478 4451 habet:
515 4402 551 4450 Et
574 4405 717 4466 apostolica
739 4404 837 4467 quidem
857 4402 932 4451 sedes
953 4415 1002 4465 per
1024 4400 1047 4452 b.
1068 4400 1193 4449 Gelasium
1215 4399 1290 4461 nesus

100 4491 132 4548 at,
146 4493 208 4550 post
224 4493 327 4537 mortem
345 4487 513 4536 condemnare
531 4488 670 4551 quempiam
687 4489 713 4536 in
725 4487 858 4538 Ecclesiae
875 4501 940 4550 pace
958 4485 1109 4549 defunctum,
1128 4500 1199 4549 quum
1211 4484 1285 4534 dicit:
1316 4495 1318 4504 ¹

100 4570 207 4636 deuper
225 4578 329 4621 nostrae
345 4572 478 4635 facultatis
496 4577 534 4619 est
552 4573 681 4630 ntodulurn,
705 4573 789 4621 diuino
806 4572 909 4633 jndicio
926 4570 1123 4635 rettnqmna.“
1159 4563 1232 4618 Nam
1242 4562 1289 4618 Vi·

100 4688 105 4713 .
127 4652 163 4706 ud
184 4667 268 4719 quem
290 4650 409 4705 maxime
431 4649 557 4719 respicit,
587 4650 615 4703 in
633 4650 772 4704 Ecclesiae
793 4667 863 4720 pace
885 4647 998 4703 minime
1021 4649 1166 4703 defunctus
1187 4648 1287 4704 fuerat.

100 4749 198 4802 uquam
215 4734 355 4805 generalis
374 4735 476 4790 Gelaeii
488 4734 633 4789 'renuntia
651 4734 705 4788 elici
722 4735 823 4804 potest,
842 4736 978 4803 quatenus
992 4733 1094 4788 Christi
1113 4733 1212 4799 verbis,
1230 4732 1289 4808 qui·

100 4818 202 4874 taam
219 4822 426 4890 superterram
443 4820 549 4888 ligandi
568 4820 599 4874 fit
615 4822 749 4889 potestas,
772 4817 877 4885 nititur,
900 4817 975 4886 quod
993 4835 1026 4872 ex
1045 4819 1105 4889 ejus
1122 4818 1215 4875 verbis
1233 4817 1288 4888 epi·

100 4910 147 4959 t18
163 4911 218 4960 na
237 4907 400 4959 continuare
417 4905 490 4959 licet.
946 4898 949 4903 ’
