3204 5506
481 459 485 465 ¹
539 394 711 444 uersrona
736 385 785 444 lu.
1235 377 1298 443 779

100 549 216 614 atheus
245 551 278 613 et
305 548 419 612 Petrus
452 549 566 613 horum
593 569 744 634 sequaces
777 549 922 614 homines
955 552 1063 615 mente
1097 550 1238 635 corrupti
1265 553 1298 615 et
1310 570 1335 609 a.
1346 560 1403 609 516.

100 654 131 716 ’.ε
151 651 307 737 quaedam
328 650 468 716 nominis
490 651 680 717 detestanda
703 651 869 736 catholici3
891 673 1026 737 quorum
1042 653 1298 718 communionem

100 756 174 819 etro
189 755 354 840 amplexus
367 754 515 838 Aeacius,
532 754 679 818 similiter
693 775 817 839 quoque
832 755 950 818 meruit
969 755 1075 820 subire
1090 756 1296 820 sententiam.

104 858 239 921 tantum
260 857 380 920 malum
408 856 499 942 quasi
526 857 618 942 parvi
646 856 820 921 aestimans
847 859 881 921 et
907 858 1105 942 propositum
1132 880 1298 944 nunquam

100 959 222 1023 meliora
245 962 445 1042 convertens,
469 980 510 1023 ne
533 958 660 1023 abillis
682 957 810 1043 quidem
832 981 866 1024 se
887 981 969 1044 quae
991 959 1026 1024 in
1048 959 1223 1025 Antiochia
1245 960 1297 1026 de·

100 1082 186 1125 imur
216 1060 390 1144 abstinuit3
428 1060 473 1125 ibi
505 1082 629 1146 quoque
655 1061 872 1147 trangressori
901 1061 997 1127 Petro
1027 1062 1249 1128 communione
1259 1063 1298 1149 ¹²)

100 1185 208 1247 nexus,
237 1163 273 1227 in
296 1164 498 1247 Apamenam
525 1162 735 1228 nihilominus
764 1163 925 1230 hostiliter
946 1167 1090 1229 versatus
1119 1163 1297 1248 ecclesium,
1380 1162 1383 1167 ’

100 1288 159 1330 am
181 1287 304 1351 quoque
326 1287 392 1329 non
415 1287 452 1329 ea
474 1287 537 1349 qua
559 1265 665 1330 decuit
686 1266 876 1352 integritate
898 1267 1082 1352 disponens.

114 1367 144 1433 4.
181 1367 318 1452 Propter
339 1389 431 1453 quae,
456 1367 654 1432 dilectissimi
675 1367 804 1453 fratres,
828 1369 869 1433 ab
892 1391 1001 1434 eorum
1014 1369 1223 1434 innodatione
1238 1369 1298 1433 sol·
1382 1387 1385 1396 ·

100 1492 158 1553 es,
181 1470 271 1534 velut
292 1470 504 1554 regionemffl)
526 1469 696 1554 quamdam
718 1471 906 1555 pestiferam
933 1472 1166 1557 relinquentes,
1196 1493 1298 1537 serve-

125 1571 332 1657 apostolieam
355 1571 568 1657 disciplinam.
607 1571 710 1661 Saluti
732 1574 862 1637 nostrae
884 1574 972 1638 omni
994 1574 1163 1659 diligentia
1185 1576 1218 1638 et
1239 1572 1299 1638 sol-

100 1675 196 1739 udine
218 1674 437 1758 providentes,
466 1696 504 1738 ea
528 1696 603 1738 cura
625 1666 757 1738 nefandi
779 1674 920 1739 Nestorii
947 1674 1143 1741 declinemus
1165 1698 1298 1761 errores,

108 1775 298 1859 Eutychetis
320 1776 420 1859 impia
442 1777 575 1840 inventa
598 1776 828 1860 persequimur.
862 1776 1003 1842 Maxime
1018 1778 1104 1842 enim
1118 1801 1206 1844 nunc
1228 1779 1299 1844 reli-

100 1900 123 1942 a
143 1878 217 1942 fidei
241 1877 392 1963 dogmata
415 1878 538 1943 diverso
560 1879 689 1942 incursu
713 1878 842 1963 horum,
877 1880 931 1963 qui
953 1880 1109 1963 praedicti
1130 1884 1207 1946 sunt
1213 1931 1223 1964 ,
1251 1883 1299 1946 in-

106 1983 202 2045 antur
233 1979 374 2063 insidiis,
411 1980 554 2044 scelestis
587 2001 645 2064 pro
678 1981 802 2045 ratione
834 1981 988 2065 temporis
1022 2003 1079 2046 sua
1109 1987 1300 2068 argumenta

100 2082 246 2165 entibus,
270 2081 297 2145 si
319 2104 381 2167 quo
403 2083 528 2166 possint
548 2082 770 2147 innocentium
792 2082 852 2147 viis
872 2082 1018 2148 fraudem
1033 2106 1109 2149 suae
1124 2084 1300 2169 impietatis

103 2207 182 2249 rere.
227 2186 334 2269 Atque
356 2183 427 2249 ideo
449 2186 533 2249 sicut
560 2184 645 2248 docti
673 2184 846 2248 numularii
875 2188 909 2249 et
935 2186 1110 2269 prudenter
1136 2187 1298 2271 instructi,

100 2286 314 2371 improbandis
336 2286 496 2351 laudanda
518 2290 718 2370 separantes,
750 2286 865 2352 talenti
891 2288 981 2352 vobis
1011 2287 1124 2353 crediti
1152 2289 1300 2373 poteritis

100 2389 248 2473 tiplieare
270 2390 494 2454 substantiam.

118 2491 147 2556 5.
185 2490 291 2574 Haeo,
321 2491 519 2556 dilectissimi
548 2492 681 2575 fratres,
715 2490 899 2575 scripsimus
926 2492 1042 2576 plenae
1071 2493 1216 2558 caritatis
1243 2493 1300 2558 im-

100 2614 141 2676 ru,
176 2593 251 2677 quia
279 2596 311 2657 et
338 2616 427 2678 spem
458 2594 532 2657 fidei
560 2597 684 2657 vestrae
711 2592 850 2677 primum
873 2593 911 2657 de
933 2593 994 2658 Dei
1017 2595 1100 2659 dono
1127 2595 1241 2660 deinde
1269 2599 1302 2660 et

100 2695 143 2759 ris
165 2695 268 2759 nostri
288 2695 461 2779 Johannis,
485 2696 539 2779 qui
562 2696 651 2759 vobis
673 2696 844 2779 praesidet,
869 2696 1066 2779 professione
1088 2699 1301 2782 praesumpsi-

100 2819 119 2880 ι,
142 2820 206 2882 qua
228 2776 420 2861 nominatim
442 2819 563 2881 omnes,
587 2818 665 2882 quos
688 2798 864 2882 apostoliea
888 2820 926 2862 ac
946 2799 1107 2883 generalis
1130 2799 1301 2864 catholico

100 2923 105 2962 r
127 2899 319 2964 condemnat
333 2899 489 2982 Ecclesia,
514 2899 724 2964 exsecrabiles
746 2900 808 2963 sibi
831 2921 899 2963 esse
922 2900 1106 2965 declaravit.
1141 2900 1230 2977 Quod
1245 2924 1301 2966 vos

100 3022 157 3085 que
179 3002 214 3064 in
235 3001 352 3066 litteris
375 3001 490 3066 vestris
512 3001 653 3085 oportuit
675 3001 838 3065 evidenter
858 3002 1046 3085 exprimere,
1069 3023 1129 3067 nec
1151 3003 1301 3067 arbitrari

100 3125 126 3168 re
147 3103 294 3167 sufficere
316 3103 376 3167 suh
397 3103 498 3167 tantis
521 3102 710 3187 praesertim
726 3103 850 3167 insidiis
866 3102 1064 3188 callidorum,
1088 3126 1165 3188 quos
1180 3105 1301 3170 viritim

100 3205 233 3290 cingulos
255 3205 407 3268 insectari
430 3205 581 3269 convenit
602 3208 697 3288 atque
720 3205 883 3288 damnare,
907 3205 966 3269 sub
982 3206 1118 3289 quadam
1137 3229 1190 3271 eos
1205 3229 1301 3291 gene-

117 3307 324 3370 damnationc
347 3307 544 3371 concludere.
598 3307 796 3391 Diligentem
823 3311 982 3390 quaerunt
1009 3306 1142 3372 vulnera
1169 3310 1302 3393 antiqua

100 3409 243 3491 licinum,
278 3431 338 3474 nec
366 3409 535 3473 abundans
563 3430 631 3473 esse
660 3408 814 3491 creditur,
849 3408 1001 3494 quidquid
1029 3431 1086 3493 pro
1112 3410 1302 3496 integritate

100 3513 108 3576 i
131 3515 164 3576 et
186 3511 364 3576 stabilitate
386 3510 552 3596 religionis
575 3510 754 3575 adhibetur.
800 3509 893 3575 Unde
920 3511 1064 3575 libellum
1093 3534 1164 3576 cum
1186 3512 1302 3577 litteris

99 3615 189 3696 imuS,
216 3614 266 3677 cui
289 3636 343 3677 vos
366 3612 616 3697 subscriptiones
639 3613 784 3697 proprias
806 3612 998 3699 inseritefl),
1027 3617 1064 3678 ut
1084 3614 1162 3677 fides
1185 3618 1301 3698 vestra,

100 3715 280 3780 m-directa
308 3737 365 3799 per
393 3715 545 3779 Rufinum
574 3715 743 3779 diaconum
771 3714 892 3798 scripta
919 3718 1097 3799 testantur,
1132 3717 1217 3799 apud
1245 3739 1302 3781 nos

111 3817 208 3901 hujus
231 3839 354 3902 quoque
376 3816 577 3901 repetitionis
597 3817 776 3901 adjectione
791 3816 1002 3881 manifestior.
1036 3817 1122 3882 Data
1138 3817 1217 3882 XllI
1233 3817 1300 3883 Cal.

102 3921 228 3986 embres
250 3919 347 3983 Petro
370 3917 509 3984 consule.

101 4194 135 4262 ¹²)
153 4192 197 4246 lta
213 4193 294 4258 bcc;
313 4192 346 4246 G¹
361 4194 387 4245 a¹
407 4211 540 4247 concinnae,
577 4189 708 4255 Quamvis
725 4192 841 4245 Aeacius
855 4192 931 4246 Petri
943 4192 1065 4246 Fullonia
1083 4192 1304 4247 communionem
1341 4221 1343 4224 ·

100 4293 124 4331 re
143 4276 329 4343 affectaverit,
348 4293 410 4329 eum
429 4294 461 4329 co
480 4278 587 4342 tumen,
606 4293 665 4329 curn
686 4292 741 4344 quo
760 4276 858 4330 Petrus
873 4277 992 4345 Mongus
1010 4275 1244 4343 communicabat,
1262 4294 1304 4332 so·

100 4362 137 4417 rte
156 4360 320 4429 conjunctus
338 4360 515 4426 censebatur,
535 4378 568 4414 ex
586 4378 641 4429 quo
653 4361 730 4414 Pctn'
742 4361 824 4430 hujus
835 4361 931 4431 Mongi
943 4361 1164 4416 communionem
1176 4362 1304 4432 suscepit.

100 4464 132 4501 uc
156 4444 241 4500 etiam
259 4445 375 4499 Aeacius
397 4446 510 4515 proprie
529 4463 562 4499 ac
584 4462 635 4514 pcr
652 4462 693 4510 se,
712 4445 759 4499 scd
777 4446 853 4501 idern
870 4447 967 4500 Petrus
985 4446 1063 4501 Pullo
1086 4445 1115 4500 in
1132 4447 1305 4517 Apamenam

100 4529 182 4586 caiam
211 4529 348 4583 hostiliter
379 4547 407 4583 se
435 4529 537 4599 gessit,
565 4548 649 4598 quum
677 4528 769 4583 invitis
796 4530 947 4599 Apamenis
974 4530 1129 4586 Johanncm
1156 4532 1302 4587 ordinavit.

100 4633 139 4670 rm
158 4615 231 4668 hunc
248 4615 404 4669 Johanncm
422 4615 457 4669 ab
476 4615 518 4669 his
536 4615 670 4683 rejectum
689 4632 774 4684 quum
791 4615 909 4670 Aeacius
926 4617 984 4686 ipse
1002 4620 1101 4687 postea
1118 4616 1209 4686 Tyriis
1225 4633 1305 4688 prac-

104 4742 112 4764 ,
132 4702 166 4754 ut
182 4700 211 4753 in
224 4699 326 4754 Gelasii
343 4701 424 4755 tract.
443 4701 456 4753 Ι
474 4719 499 4754 n.
517 4707 547 4753 1⁵2
559 4701 702 4768 narratur,
719 4699 820 4754 merito
833 4700 972 4770 arguitur,
991 4701 1082 4770 utqui
1094 4701 1208 4771 Tyriam
1221 4702 1305 4758 ecclc·

100 4835 102 4840 .
121 4800 179 4840 non
199 4783 293 4838 debita
310 4784 472 4854 integritate
491 4784 663 4854 disposuerit.

101 4873 135 4937 ¹⁸)
154 4869 222 4922 boc
239 4877 384 4938 religionem
456 4890 518 4940 quos
536 4891 579 4925 uos
598 4890 695 4940 quoquc
766 4876 885 4938 sufficere
902 4876 952 4927 siti
967 4877 1054 4931 tantu.

103 4958 135 5024 ¹⁴)
157 4952 192 5006 G¹
207 4956 232 5007 a¹
251 4960 378 5018 inrum,
397 4955 515 5010 fortasse
533 4955 718 5026 supplendum
736 4967 847 5026 oportet.
