3204 5506
544 373 739 423 saissonis
763 362 834 421 129.
860 363 930 422 130.
1313 356 1374 422 947

100 549 174 592 vere
196 548 352 612 magnum
374 527 505 611 pietatis
527 526 733 612 mysterium,
762 528 837 612 qnia
858 548 941 590 unus
971 548 1008 591 ex
1036 530 1150 592 sancta
1172 528 1252 616 et³⁹)
1281 528 1484 594 uniusasso.

100 629 258 694 essentiae
286 628 446 692 Trinitate
474 628 678 712 incarnatus,
713 631 746 693 et
772 627 867 693 homo
896 628 1002 694 factus
1031 628 1118 695 Deus
1145 628 1306 715 Verbum,
1341 631 1377 696 in

98 733 235 815 unaque
257 733 375 794 natura
398 729 528 794 deitatis
557 733 589 796 et
616 729 827 795 humanitatis
854 729 991 795 indivise
1014 733 1046 795 ct
1068 731 1236 797 inconfuse
1260 754 1377 819 cogno·

100 833 203 897 scitur
220 833 253 897 et
275 831 436 915 adoratur,
459 853 527 896 non
550 832 790 898 conversionem
813 832 862 897 rel
884 832 1097 897 mutationem
1120 835 1292 918 sustinens,
1322 835 1378 900 sed

100 934 331 1019 proprietatem
359 932 524 1019 utriusque
551 937 687 999 naturae
717 934 752 998 in
781 956 846 998 una
873 955 1012 1019 persona
1038 934 1073 999 in
1103 936 1274 1022 semetipso
1304 959 1378 1002 con-

100 1057 244 1102 servans.

187 1139 217 1202 7.
253 1137 303 1202 ob
325 1138 411 1203 hane
432 1138 535 1223 igitur
555 1138 651 1202 fidem
673 1138 854 1224 praedictas
870 1142 999 1204 sanctas
1014 1139 1151 1224 synodos
1167 1141 1378 1226 suscipientes

101 1242 142 1326 ct·
156 1239 382 1322 custodientes,
407 1240 717 1305 anathematizamus
733 1263 853 1324 omnes,
877 1239 931 1326 qui
947 1241 1098 1306 adversus
1119 1264 1172 1307 eas
1188 1265 1377 1330 quocunque

103 1344 248 1425 tempore
263 1341 313 1405 vel
328 1341 422 1406 modo
438 1340 558 1426 aliquid
574 1343 844 1428 conscripserunt,
867 1342 1039 1427 praecipue
1054 1342 1076 1408 J
1077 1343 1239 1410 ohannem
1254 1348 1378 1430 Aegeo-

101 1443 228 1527 tam⁴⁰)‚
252 1442 306 1527 qui
329 1442 480 1507 adversus
503 1448 713 1508 memoratam
735 1447 882 1509 sanctam
904 1443 1199 1511 Calchedoncnsem
1221 1447 1379 1532 synodum

100 1542 221 1607 multas
243 1546 280 1607 nt
301 1543 514 1610 Nestorianus
536 1545 752 1631 blasphemias
775 1546 929 1630 evomuit3
955 1545 1104 1611 similiter
1127 1549 1378 1613 condemnantes

102 1648 136 1708 et
159 1644 362 1710 Timotheum
384 1647 539 1711 Aelurum
562 1647 837 1732 cognominatum,
859 1647 943 1712 sicut
964 1647 1247 1733 Eutychianistam
1269 1651 1379 1715 adver-

103 1767 158 1810 sus
181 1768 252 1811 eam
276 1770 347 1812 cum
363 1748 428 1812 suis
444 1749 619 1813 latrantem
634 1750 834 1834 sequacibus
872 1750 923 1814 Ita
946 1771 1023 1834 ergo
1047 1772 1118 1815 cum
1134 1750 1194 1815 Dei
1212 1752 1378 1836 juvamine

103 1870 230 1932 semper
252 1850 408 1914 sensimus
435 1853 468 1913 et
495 1849 592 1914 etiam
618 1872 706 1915 nunc
733 1852 899 1916 sentimus.
946 1849 1148 1937 Quapropter
1174 1853 1259 1918 hanc
1287 1853 1379 1918 satis-

102 1951 280 2015 factionem
308 1955 432 2015 vestrae
465 1951 639 2016 obtulimus
668 1953 800 2038 pietati;
835 1952 998 2038 jubere⁴¹)
1031 1955 1117 2019 enim
1147 1954 1282 2041 dignata
1318 1958 1377 2038 est,

99 2074 161 2116 nos
188 2053 353 2136 proprium
380 2052 580 2117 intellectum
607 2057 640 2118 et
667 2055 933 2139 quemadmodum
961 2055 999 2118 de
1026 2078 1105 2120 sana
1133 2056 1195 2120 fide
1223 2057 1378 2121 sentimus

102 2176 279 2239 exponere:
302 2154 377 2238 quia
400 2154 529 2238 quidam
551 2155 724 2240 haeretici,
749 2155 825 2221 dnm
846 2178 936 2220 suam
959 2157 1078 2220 malam
1100 2157 1195 2222 fidem
1217 2158 1379 2249 occultare

100 2255 277 2338 festinant,
300 2258 446 2320 nostram
467 2256 503 2321 in
525 2256 653 2323 Christo
675 2257 858 2323 libertatem
883 2261 917 2323 et
938 2260 1061 2323 rectam
1083 2259 1179 2323 fidem
1200 2259 1380 2325 detrectare

103 2359 273 2421 conantur.
312 2355 537 2442 Supplicamus
558 2359 670 2444 igitur,
694 2363 834 2424 vestram
856 2359 1061 2425 clementiam
1082 2359 1378 2447 sollicitudinem⁴²)

102 2459 144 2522 de
166 2458 311 2542 perfecta
332 2460 538 2525 ecclesiarum
553 2461 699 2525 unitione
715 2464 901 2526 sanctarum
914 2460 1033 2526 habere
1049 2463 1178 2528 debere:
1200 2467 1238 2528 nt
1258 2464 1377 2546 unitas,

103 2582 186 2645 quae
209 2582 281 2625 cum
302 2558 363 2626 Dei
385 2561 475 2626 facta
500 2562 599 2627 fuerit
622 2563 805 2646 juvamine,
835 2585 896 2628 nec
923 2563 988 2629 ullo
1016 2564 1167 2650 deinceps
1194 2565 1380 2631 rationabili

104 2664 161 2725 aut
182 2662 398 2727 irrationabili
419 2664 597 2729 occasionis
620 2665 730 2729 fomite
752 2666 927 2750 inquietari
941 2688 1005 2750 pax
1020 2668 1132 2751 possit.
1169 2667 1257 2732 Deus
1273 2672 1380 2733 autem

103 2763 247 2829 omnium
268 2768 410 2829 vestrum
432 2766 521 2851 pium
543 2766 718 2852 adimpleat
740 2767 933 2832 desiderium
960 2768 995 2832 in
1017 2769 1155 2854 gloriam
1184 2771 1234 2834 sui
1261 2774 1295 2835 et
1320 2771 1379 2835 rei·
1402 2785 1406 2793 “

103 2866 252 2951 publicae
274 2865 493 2951 disciplinam!

601 3038 785 3142 Epistola
811 3040 881 3123 130

716 3174 765 3212 Seu

132 3248 268 3305 Relatio
289 3248 474 3318 Epiphanii
496 3250 646 3319 episcopi
669 3251 1038 3319 constantinopolitani
1060 3254 1104 3309 ad
1124 3254 1351 3312 Hormisdam.
1392 3221 1529 3359 (3·ἓὲξέ

26 3391 92 3439 120,
141 3361 211 3424 Quae
229 3362 451 3428 Constantinopoli
468 3365 602 3414 secandum
619 3365 775 3416 Hormisdus
796 3370 948 3416 voluntatem
968 3374 1077 3430 peracta
1099 3370 1151 3418 sint
1172 3376 1248 3436 atque
1271 3373 1345 3420 etiam
1405 3373 1461 3412 800·
1475 3357 1502 3410 d·

142 3464 207 3497 nnnc
225 3447 402 3505 observentur,
429 3449 544 3499 brenitico
562 3451 725 3514 perstrinpit,
756 3457 831 3515 utque
853 3453 894 3499 ille
918 3450 995 3500 libelii
1010 3453 1134 3516 supplicia
1156 3456 1346 3518 provinciarum
1393 3425 1519 3493 3⁰N⁰V·)

141 3533 227 3590 Ponti,
247 3534 327 3582 Asine
346 3541 371 3583 et
389 3536 497 3583 maxine
516 3532 628 3584 Orientis
646 3537 769 3584 rationem
787 3535 887 3593 lateat,
906 3543 990 3599 repat.
1028 3536 1124 3587 Preces
1141 3554 1190 3602 pro
1207 3555 1236 3589 ae
1254 3545 1279 3590 et
1295 3556 1345 3604 pro

142 3619 305 3666 ecelesiarum
323 3620 433 3668 unitione
450 3619 483 3668 ub
501 3621 588 3668 eodem
603 3620 704 3684 iiayitnt
722 3626 747 3669 et
765 3636 867 3669 neuneru
879 3636 929 3684 pro
940 3635 960 3669 s.
975 3621 1050 3670 Petri
1066 3624 1204 3673 ministerio
1225 3625 1345 3675 destinat.

260 3732 427 3796 Domino
449 3755 519 3819 per
540 3735 669 3799 omnia
692 3738 833 3799 sancto
861 3757 903 3800 ac
932 3735 1165 3802 beatissimo
1194 3740 1315 3804 fratri
1342 3743 1380 3805 et

105 3858 188 3866 ——.
199 3859 264 3864 -..-

177 3905 210 3970 ³⁹)
227 3902 272 3955 Ita
290 3902 485 3972 corrigendum
504 3903 642 3971 duximus,
661 3905 788 3974 quamvis
806 3903 893 3959 nostri
907 3904 1015 3959 codices
1027 3908 1057 3960 ut
1070 3925 1154 3977 supra
1165 3925 1233 3978 prae
1246 3927 1275 3963 se
1288 3910 1381 3964 ferant

106 3998 133 4043 et
151 3993 224 4040 uniar
242 3995 352 4042 essentia
374 3992 515 4042 Trinitatis.

176 4073 209 4139 ⁴⁰)
228 4072 263 4127 G¹
282 4078 429 4143 Aeprotnrn,
447 4072 485 4125 Η8
497 4078 650 4142 Eyoiumen,
670 4075 704 4128 el.
720 4079 835 4144 Epotnrn.
863 4075 947 4131 Forte
959 4076 1108 4145 legendum
1122 4082 1276 4142 Nicaeotnrn,
1296 4095 1381 4149 quom

106 4157 294 4227 Theophanes
317 4175 381 4228 pag.
407 4164 454 4212 127
479 4157 533 4225 (ed.
556 4158 643 4213 Bonn.
668 4177 695 4229 p.
720 4163 780 4226 229)
804 4160 886 4216 alteri
906 4160 1028 4215 Johanni
1049 4162 1236 4218 Alexandrino
1258 4163 1380 4233 praesuli

105 4242 271 4297 successisse
283 4243 383 4308 tradit,
402 4242 516 4311 quique,
530 4243 629 4298 eodem
642 4243 813 4314 Theophane
825 4263 891 4315 pag.
907 4252 955 4300 130
973 4246 1026 4315 (ed.
1040 4245 1128 4301 Bonn.
1141 4267 1168 4318 p.
1183 4251 1244 4317 234)
1256 4251 1379 4316 auctore,

106 4327 215 4396 synodo
234 4327 453 4383 Calchedonensi
470 4328 511 4382 ita
528 4328 646 4382 infestus
668 4332 741 4396 erat,
764 4331 795 4383 ut
812 4330 960 4385 Anastasio
982 4329 1147 4401 imperatori
1168 4332 1301 4388 ducentas
1319 4333 1381 4388 auri

105 4411 194 4467 libras
212 4412 342 4467 daturum
360 4431 388 4468 se
406 4413 545 4484 pollicitus
563 4412 611 4480 sit,
630 4414 653 4467 si
671 4431 733 4469 eam
751 4414 874 4469 funditus
892 4416 1051 4485 abrogaret.
1082 4416 1124 4471 De
1142 4416 1241 4473 eodem
1253 4418 1381 4474 Johanne

105 4498 255 4552 Liberatus
267 4515 289 4553 c.
305 4505 336 4553 18
353 4499 406 4553 hoc
424 4498 574 4554 memoriae
592 4497 729 4568 prodidit,
748 4499 823 4568 quod
841 4517 903 4553 cnm
915 4500 1063 4556 Timotheo
1081 4502 1212 4572 episeopo
1226 4502 1382 4558 Constanti·

106 4581 272 4652 napolitano
295 4584 432 4638 unitatem
453 4583 518 4637 iniri
539 4601 595 4638 non
617 4599 700 4654 posse
723 4583 908 4652 existimaret,
933 4607 963 4640 eo
986 4592 1113 4656 quoditie
1131 4594 1243 4643 eumden
1259 4594 1382 4658 mnodum

106 4684 165 4724 non
183 4673 411 4724 anathematizavit.
452 4670 478 4723 Is
499 4668 529 4722 in
546 4668 667 4739 vulgatis
686 4668 798 4738 quidem
816 4669 941 4725 Liberati
959 4670 1100 4727 codicibus
1118 4676 1262 4734 Martiale,
1286 4672 1381 4727 sedin

107 4752 262 4823 exemplari
280 4752 361 4808 Corb.
381 4759 483 4809 Niciotn
501 4754 721 4824 cognominatur.

177 4839 209 4905 ⁴¹)
229 4837 273 4892 Sic
292 4856 354 4893 cum
371 4858 436 4919 mss.
455 4840 482 4892 h*
497 4843 530 4895 οἳ.
567 4840 738 4895 Posteriores
756 4853 781 4896 et
799 4854 825 4895 ut
837 4845 932 4908 jubere
949 4848 1063 4912 dignata.
1171 4883 1173 4886 ι

177 4927 210 4995 ⁴²)
229 4925 272 4979 lta
290 4942 351 4978 mss.
371 4924 399 4978 h'
413 4928 449 4979 a'.
480 4924 585 4980 Poster.
604 4932 794 4982 sollicitudinem
809 4930 953 4997 perfectam
971 4934 1010 4992 in,
1030 4929 1059 4983 ot
1076 4929 1166 4984 omitt.
1186 4937 1264 4985 hirta

1115 5015 1178 5082 60*
