3204 5506
120 356 184 420 558
599 368 627 414 s.
644 366 783 414 cuaasu
806 364 922 412 aaran

122 525 232 588 nensis
256 521 452 602 admittitur,
477 520 585 583 omnia
608 522 754 582 constare
777 518 931 599 debcant,
960 537 1042 601 quae
1064 515 1132 580 illic
1154 515 1300 581 videntur
1327 543 1405 587 esa
1470 560 1472 565 -

122 626 327 708 deprompta:
352 627 406 687 aut
429 622 513 686 enirn
537 643 574 684 ex
598 624 665 684 bota
689 620 793 705 eam³)
810 619 937 682 admitti
953 621 1109 702 oportere,
1135 620 1192 682 aut
1206 618 1233 682 si
1248 624 1397 706 exparte

122 726 331 810 repudiabilis
354 728 412 806 est,
437 725 562 787 firmam
585 746 622 787 ex
644 725 713 786 toto
736 726 883 786 constare
905 742 971 785 non
987 741 1095 804 posse:
1120 717 1391 806 cognoscamini·

121 832 175 892 tur
202 829 281 892 illud
289 829 315 912 ⁴)
348 827 521 891 secundum
551 824 732 907 Scripturas
760 828 889 888 sanctas
923 822 1194 907 traditionemque
1225 823 1388 907 majorim,

122 931 296 994 secundum
320 952 458 992 canones
481 927 670 1011 regulasque
693 926 868 1008 Ecclesiae,
892 926 984 1010 prol)
1006 925 1084 1007 fide,
1116 925 1320 990 communione
1365 920 1389 978 <²1

124 1033 257 1095 veritate
281 1030 438 1096 catholica
461 1035 494 1094 et
516 1031 708 1114 apostolica,
740 1051 798 1113 pro
821 1051 883 1113 qua
906 1027 989 1092 hanc
1012 1028 1082 1091 fieri
1106 1027 1197 1093 sedes
1219 1024 1390 1112 apostatica

123 1133 284 1217 ‹lelegavit
310 1134 494 1217 factamque
521 1132 675 1214 firmavit,
706 1154 724 1194 a
751 1134 820 1194 uta
842 1129 988 1194 Ecclesia
1009 1129 1233 1194 indubitanter
1253 1117 1391 1193 amati·

123 1236 198 1298 Alia
221 1239 343 1316 alitem,
372 1257 452 1320 quae
475 1256 532 1318 per
554 1234 824 1316 incompetentem
852 1232 1146 1316 praesumptionem
1174 1231 1239 1296 illic
1264 1223 1394 1316 prolata

124 1341 200 1401 suut
222 1338 272 1400 vel
294 1338 401 1421 potius
424 1336 596 1418 ventilata,
626 1357 707 1418 quae
736 1335 825 1398 sedes
848 1333 1025 1418 apostolica
1046 1334 1194 1419 gerenda
1211 1333 1396 1398 nullanus

124 1439 295 1521 delegavit,
320 1440 435 1523 queml)
458 1460 530 1500 mox
554 1461 572 1500 a
596 1437 722 1501 vicariis
746 1436 828 1500 sedis
852 1437 1047 1520 apostolicae
1071 1435 1267 1501 contradictu
1285 1423 1399 1498 mani·

123 1540 241 1603 festum
265 1544 323 1624 ost,
348 1562 427 1623 tpuac
451 1540 539 1603 sedes
562 1538 747 1623 apostoliea,
775 1539 871 1601 etiam
894 1541 1024 1623 petente
1047 1538 1213 1603 Marciano
1234 1537 1403 1623 principe,

125 1642 306 1706 nullatenus
337 1642 543 1726 approbavit,
582 1663 662 1726 quae
690 1640 818 1725 praesul
841 1640 993 1704 ecclesiae
1016 1639 1407 1725 Constantinopolitau11(¹

124 1747 202 1807 tunc
225 1744 396 1808 Artatolius
419 1765 479 1807 nec
501 1766 534 1807 se
557 1743 806 1828 praesumpsisse
834 1743 996 1826 professus
1018 1746 1083 1826 est,
1118 1743 1184 1830 eti)
1211 1743 1245 1806 in
1266 1739 1413 1826 aposto·

123 1844 204 1909 licac
227 1846 310 1909 sodis
334 1846 490 1909 antistitis
512 1867 578 1909 non
600 1845 734 1930 negarit
760 1845 865 1927 posita
887 1847 1061 1928 potestator
1092 1867 1174 1931 quae
1195 1845 1279 1927 ideo,
1304 1836 1416 1907 sicat

123 2031 340 2103 interpolatoris,
353 2031 401 2099 qni
413 2032 543 2102 strpplero
556 2033 671 2086 conatus
685 2031 812 2099 estquod
827 2031 922 2085 deesse
935 2030 988 2085 sibi
1000 2030 1157 2086 videbatur.
1177 2030 1232 2085 Sed
1243 2029 1425 2099 abmpbum

124 2116 192 2169 illud
211 2116 354 2170 exordium
372 2116 453 2185 sapit,
472 2116 503 2169 nt
519 2115 653 2186 praedixi,
672 2114 913 2169 commonitorium
927 2115 1027 2184 legat-is
1040 2133 1208 2171 arcanorum
1220 2113 1426 2170 consiliorum

125 2202 238 2255 consciis
256 2201 398 2256 traditum.
436 2200 506 2254 Hinc
524 2217 574 2253 neo
592 2216 661 2270 opus
679 2201 748 2265 erat,
771 2201 802 2253 ut
820 2217 874 2263 eos,
897 2199 931 2254 de
950 2200 1051 2266 quibus
1069 2201 1245 2270 loquebatur,
1267 2192 1428 2254 astasius

124 2287 300 2355 exprimeret,
319 2285 386 2354 quia
404 2301 473 2353 quos
491 2285 526 2338 ad
540 2284 695 2340 orientales
714 2285 882 2351 destinabat,
899 2284 990 2354 ipsum
1007 2301 1059 2339 nec
1078 2284 1113 2340 de
1131 2285 1193 2341 aliis
1209 2302 1260 2341 nec
1276 2278 1429 2339 idalio·

124 2370 200 2439 loqui
217 2388 272 2425 non
291 2369 467 2440 ignorabant.

192 2458 212 2524 ³)
231 2454 305 2508 liditi
324 2454 414 2509 omitt.
427 2475 488 2508 eam.
513 2454 578 2507 Mox
590 2454 663 2507 1)·”(11
683 2461 767 2524 rectpt
783 2455 854 2522 (loco
868 2458 986 2522 admitti),
1006 2472 1039 2509 ac
1052 2454 1153 2510 deinde
1166 2455 1202 2509 D⁹
1212 2447 1429 2527 repudianda

191 2543 212 2607 ⁴)
231 2539 356 2592 lubuit-³
367 2546 482 2608 qttaaiatu
495 2538 541 2605 (θ’
555 2544 631 2607 artati)
645 2546 708 2593 illuct
717 2545 860 2605 accumbas,
878 2539 913 2592 D¹
927 2545 990 2592 ittutl
1001 2544 1070 2608 quod
1080 2546 1224 2605 sectandam,
1243 2540 1269 2592 d'
1284 2538 1312 2593 d*
1332 2533 1432 2591 illut

124 2631 193 2694 parcet
209 2631 337 2677 coustituit
360 2630 500 2676 sectandum.
541 2623 674 2677 Similiter
692 2623 818 2677 Gelasius
842 2623 920 2694 epist.
935 2629 968 2676 ‘26
991 2641 1018 2676 n.
1032 2630 1048 2673 li
1071 2632 1135 2678 mate
1154 2636 1253 2691 pestate
1272 2624 1431 2695 tpuod‘ffl

125 2709 229 2773 tlufinit,
247 2708 327 2762 idest
345 2720 435 2762 contra
453 2714 596 2776 scripturas
613 2720 726 2775 sanctas,
744 2719 835 2761 cantra
853 2714 993 2762 doctrinam
1011 2719 1120 2776 patrum
1139 2702 1432 2764 contraeatesfastt·

124 2813 169 2847 cas
186 2801 296 2859 reputas,
316 2814 388 2862 quam
407 2805 460 2847 tota
478 2797 596 2847 Ecclesia
615 2814 663 2845 atra
681 2799 791 2861 recepit,
816 2803 841 2847 et
856 2799 997 2861 praecipue
1015 2800 1091 2848 sedes
1109 2800 1251 2863 apostolica
1268 2814 1314 2850 aaa
1343 2803 1431 2859 ΡΝ

125 2884 199 2938 travit.
218 2878 259 2932 ita
277 2881 305 2932 ot
323 2878 427 2932 ibidem
444 2883 507 2932 tene
523 2891 620 2946 ‚aestum
637 2883 758 2945 casnedum
776 2877 815 2931 sic
827 2878 957 2947 designat
973 2879 1002 2932 et
1014 2878 1142 2949 exponit;
1160 2885 1190 2932 id
1206 2892 1245 2935 cst
1260 2877 1431 2933 secundm

125 2971 269 3031 scripturas
286 2974 390 3017 stancius
403 2969 537 3017 secundam
550 2969 735 3031 expositionem
750 2974 853 3030 patrum
869 2969 1004 3018 secuudum
1022 2970 1211 3018 eccteuasticae
1228 2970 1335 3032 tendat
1369 2970 1432 3025 1²¹⁰

121 3055 174 3116 ficte
192 3054 317 3103 cellatica
337 3060 361 3102 ct
379 3054 546 3102 comarumione
563 3054 698 3116 prolatam,
718 3067 791 3116 quara
809 3061 899 3102 attacta
916 3054 1015 3118 recepit
1025 3052 1144 3103 Ecclesia
1161 3060 1187 3103 et
1202 3054 1306 3104 maxime
1316 3042 1432 3101 seda

125 3140 274 3202 apostatica.

193 3221 212 3285 ³¹)
231 3218 265 3270 Ι)Ι
287 3221 348 3284 (seo.
368 3223 463 3285 manu)
481 3218 555 3272 D⁹a¹
571 3235 606 3272 cc
628 3240 676 3286 pra
698 3225 751 3285 fide
778 3226 906 3273 camaraci.
942 3218 969 3271 d¹
983 3218 1012 3271 d‘
1029 3238 1079 3287 pro
1094 3224 1159 3286 fidet
1175 3225 1367 3275 communione
1403 3218 1433 3256 ΦΧ

126 3303 257 3370 analogia
274 3302 384 3356 illorum
403 3303 507 3358 Gelasii
526 3302 606 3371 epist.
622 3310 652 3356 12
671 3309 724 3356 n.8
742 3324 791 3371 pro
806 3309 870 3370 fidei
890 3308 1030 3358 catholicae
1052 3315 1130 3373 atque
1153 3311 1309 3372 apostalicae
1340 3292 1433 3352 Μή·

126 3400 177 3442 tate
190 3394 414 3457 ccmtrutm'ouequc.
438 3388 569 3441 Nostram
582 3388 730 3442 lectionem
742 3407 805 3442 mss.
820 3388 1000 3457 (D¹F¹¹¹N³a³)
1018 3389 1165 3459 praebent,
1184 3391 1214 3444 et
1231 3371 1435 3464 confirmant

125 3476 185 3526 tum
202 3473 289 3526 verba
307 3472 386 3542 epist.
401 3479 433 3525 ‘tu
451 3478 506 3525 nb
530 3473 654 3542 proxime
674 3473 767 3539 allata,
794 3474 854 3526 tum
872 3473 928 3526 alia
946 3471 1071 3542 ejusdem
1089 3473 1226 3544 epistolae
1242 3492 1270 3528 n.
1284 3481 1333 3537 lt),
1380 3455 1434 3511 ¹¹l¹

126 3557 250 3611 Gelasius
267 3558 389 3611 Leonem
411 3560 440 3611 et
458 3557 711 3612 Calchedonensem
734 3558 869 3627 synodum
893 3559 1014 3614 firmasse
1036 3561 1066 3614 et
1088 3565 1214 3629 quidquid
1232 3566 1300 3613 uttra
1331 3559 1434 3621 Μ

126 3647 157 3696 ab
176 3649 262 3697 codem
277 3663 327 3710 pro
343 3649 395 3709 ficte
413 3654 490 3711 atquc
512 3650 680 3698 cournruaioac
704 3649 829 3697 catttotica
852 3654 928 3713 atque
951 3649 1095 3714 apostoliea
1116 3651 1168 3699 illle
1189 3649 1311 3714 aptatum
1352 3644 1433 3685 “⁰¹''

124 3739 207 3781 staret
225 3747 280 3780 csse
298 3732 450 3796 deteaatum,
474 3748 523 3795 pec
540 3735 696 3784 occasionem
713 3741 820 3798 praetcr
839 3733 969 3783 Nicaeaos
990 3749 1102 3783 canones
1119 3735 1250 3784 uideretur
1267 3726 1433 3783 testam·

124 3832 245 3866 uacaasse
263 3811 352 3866 docet.

193 3900 213 3966 6)
233 3900 257 3951 c'
273 3914 307 3951 oe
326 3897 415 3950 omitt.
435 3919 507 3967 qaae,
527 3899 600 3967 quod
618 3899 725 3953 habent
741 3917 803 3953 mss.
825 3901 853 3953 et
870 3899 947 3952 d¹d².
978 3899 1041 3952 Non
1059 3899 1149 3953 solum
1167 3876 1432 3971 eonmdixerssl*

126 3982 295 4055 aptastolioac
314 3982 386 4036 sedis
403 3983 490 4050 legati
509 3985 561 4037 act.
577 3990 617 4049 lo,
635 3984 684 4037 sed
702 3986 730 4037 et
748 3983 801 4037 hoc
818 3983 918 4038 Leonis
935 3984 1068 4039 mandato
1086 3988 1232 4055 praestare
1250 4002 1279 4039 se
1290 3964 1430 4038 testall

125 4071 156 4122 nt
174 4074 342 4123 contradictio
361 4080 458 4129 aastra,
477 4068 605 4136 inquiunt
622 4070 650 4121 in
668 4071 722 4123 line
741 4069 863 4137 ejusdem
882 4068 1009 4135 actionis,
1033 4074 1340 4139 supersuturam,
1385 4064 1428 4119 I*

125 4154 235 4209 tienmt.
271 4154 327 4208 Leo
350 4155 445 4207 autem
466 4153 537 4206 hanc
559 4153 716 4221 legatorum
738 4170 850 4207 suorum
873 4153 1058 4210 constantiam
1080 4154 1179 4209 laudat
1205 4158 1235 4211 et
1255 4130 1425 4225 αρριῡΜ

127 4239 205 4308 epist.
222 4245 269 4291 lut
287 4257 313 4291 n.
328 4244 351 4303 4,
365 4244 389 4304 5,
402 4245 425 4303 ti,
452 4255 484 4290 ao
502 4238 644 4291 decretum
663 4239 691 4290 in
709 4239 829 4307 gratiam
848 4240 943 4305 regiae
960 4238 1034 4292 sedis
1052 4238 1159 4294 editum
1178 4239 1263 4297 etiarn
1279 4234 1376 4310 pete
1383 4217 1423 4269 ’ψ’

126 4323 267 4377 Marciano
285 4325 395 4376 iirnrare
414 4323 505 4376 renuit
524 4323 603 4392 epist.
621 4330 667 4377 lul
686 4342 711 4376 n.
726 4332 741 4377 3
754 4326 782 4377 et
793 4330 818 4376 4.
854 4323 1000 4377 Anatolius
1017 4339 1083 4379 vcro
1103 4341 1144 4391 sc,
1173 4327 1206 4379 ut
1222 4304 1421 4380 madorem·

127 4410 269 4463 auctorem
288 4424 342 4463 non
360 4407 443 4462 luisse
462 4408 605 4477 epist.132
623 4426 641 4461 n
663 4415 677 4461 -l
697 4407 733 4462 ad
750 4409 872 4462 Leonem
889 4410 1043 4478 profitetur.
1069 4408 1142 4464 Vide
1160 4408 1323 4482 superiorem
1360 4386 1421 4440 ὥθ’

127 4492 188 4547 lanii
206 4493 352 4563 epistolam
371 4499 402 4546 uo
421 4512 447 4545 n.
462 4499 501 4546 10.

194 4581 215 4646 ⁷)
234 4577 260 4630 d¹
281 4585 341 4638 sccl;
369 4594 487 4645 atroxque
510 4584 595 4646 posita
618 4600 673 4633 csse
699 4585 724 4632 iu
746 4590 874 4647 potestate
898 4586 988 4632 antium
1009 4583 1089 4633 cabrer
1114 4584 1219 4643 tradent
1248 4568 1422 4649 glutit,ul

127 4661 202 4715 Nihil
219 4662 264 4715 hic
282 4662 368 4728 (locst,
386 4663 434 4717 sed
452 4662 544 4731 petius
566 4663 710 4733 superfluit
727 4663 874 4718 relativum
894 4685 957 4733 patae
976 4666 1041 4719 ante
1059 4670 1126 4720 itteo.
1163 4664 1210 4721 Sic
1226 4658 1354 4719 suunt*
1391 4634 1425 4733 ῳ

127 4746 254 4817 ligendns
270 4747 316 4801 bic
334 4748 423 4814 locus,
446 4747 519 4801 acsi
537 4749 688 4817 legeretur:
714 4755 774 4802 Atia
795 4761 876 4802 aunem
894 4756 952 4803 idea
969 4755 1044 4804 scates
1061 4755 1206 4819 apomelica
1222 4770 1270 4804 aas
1283 4726 1429 4801 ruffi·

128 4831 260 4897 lliusdcm
279 4831 383 4886 decreti
402 4832 544 4886 siccasionc
565 4834 619 4886 tao
638 4833 716 4902 epist.
733 4841 779 4886 utu
798 4852 823 4887 n.
838 4841 853 4886 t
871 4833 1032 4903 sculpserat:
1056 4839 1086 4889 Si
1104 4841 1167 4907 quid
1187 4854 1284 4907 usquam
1301 4810 1433 4883 ffta,

128 4937 201 4988 paratu
219 4923 256 4970 illi
272 4916 396 4983 tNitutcni
416 4920 519 4985 patras)
537 4928 659 4978 statuere,
677 4925 854 4987 praesumitur,
873 4926 927 4972 sinc
946 4925 1104 4975 cunctatione
1123 4934 1248 4979 cassatur.
