3204 5506
585 373 754 427 sers'roan
779 365 829 427 27.
1279 364 1343 433 433

42 536 92 601 tis
117 556 258 601 errasse
280 532 408 619 quidll)
430 530 512 614 illos,
535 531 586 596 vel
606 554 663 596 suo
684 533 848 616 proposito
869 533 959 596 illam
977 534 1118 598 tenuisse
1134 536 1339 620 sententiam,
1354 546 1389 612 (a.
1403 552 1474 614 sss.)

45 637 278 724 agnoscendo
286 635 331 720 7¹)
358 634 434 720 quid
461 633 550 698 sedes
578 633 754 718 apostolica
780 635 937 699 definiret.
983 638 1051 700 Aut
1078 637 1179 721 igitur
1202 637 1341 722 collegas

46 742 85 805 et
105 740 245 805 fratres
266 738 307 802 de
330 736 475 822 proximo
501 736 537 800 in
565 739 738 820 conspectu
765 740 871 801 vestro
898 736 949 801 vel
972 737 1145 802 catholicos
1173 741 1261 824 sequi
1290 740 1342 804 de·

46 842 195 925 buirus,
218 839 273 905 vel
294 839 450 924 impetere
477 838 504 902 si
528 838 705 902 credebatis
727 860 843 920 errare,
874 861 933 905 nec
960 838 1034 922 illis,
1065 863 1084 904 a
1110 841 1225 925 quibus
1252 841 1341 905 nullo

48 941 258 1011 discrimine
279 941 489 1024 vexabantur,
511 940 666 1025 praebere
689 961 893 1024 consensum3
916 942 1017 1005 donec
1040 943 1157 1006 veritas
1180 965 1219 1007 ex
1241 944 1341 1009 omni-

50 1048 120 1112 bus
154 1033 326 1130 patefacte
354 1046 527 1125 constaret,
560 1047 594 1107 et
625 1042 816 1127 regulariter
848 1043 887 1106 de
915 1043 960 1106 eis
990 1043 1198 1109 ecclesiastici
1226 1046 1340 1129 judicii

49 1148 173 1214 forms
195 1144 396 1231 procederet.
427 1144 533 1231 sinc)
555 1166 630 1211 vero
646 1145 731 1209 sedis
753 1144 947 1228 apostolicae
961 1145 1106 1229 regulam
1122 1146 1342 1231 subsequendo

52 1248 318 1336 perspiciebatis
339 1245 411 1311 illos
432 1245 518 1311 hanc
539 1250 649 1311 tenere
673 1246 900 1329 constentiam,
925 1252 1157 1331 consequenter
1177 1270 1236 1332 per
1257 1248 1339 1332 illos

53 1356 92 1418 et
113 1350 203 1437 quid
226 1352 337 1415 nostra
357 1348 502 1414 definitio
525 1349 714 1431 contineret,
745 1371 811 1413 non
833 1348 990 1412 habuistis
1012 1350 1182 1433 incertum,
1214 1355 1247 1414 et
1273 1351 1341 1416 illo-

10 1512 13 1521 .
52 1476 136 1520 rum
160 1451 422 1539 persecutoribus
444 1450 615 1514 adnuendo
630 1474 649 1515 s
664 1452 748 1516 sedis
770 1474 825 1515 vos
841 1449 1044 1534 apostolicae,
1069 1473 1134 1515 non
1152 1452 1341 1537 ignorantes

55 1558 133 1641 ejus
165 1553 382 1636 sententiam,
410 1553 572 1617 consortio
599 1553 790 1618 retraxistis.
835 1551 881 1615 Et
908 1551 1011 1617 adhuc
1041 1553 1147 1618 dicitis
1175 1554 1341 1639 ignorasse
1401 1559 1404 1563 '

55 1679 137 1742 ros,
170 1656 253 1742 quid
274 1655 363 1720 sedes
385 1654 561 1740 apostolica
583 1655 769 1737 censuisset,
793 1677 891 1739 quum
918 1654 958 1718 ab
967 1654 1007 1738 ⁷³)
1034 1655 1099 1718 illis
1123 1656 1342 1721 sacerdotibus

57 1758 233 1825 catholica
253 1757 315 1822 fide
338 1761 372 1821 et
393 1757 615 1821 communione
637 1756 833 1840 pollentibus
854 1778 920 1820 non
943 1756 1048 1820 verbis
1064 1761 1120 1821 aut
1134 1758 1262 1842 litteris,
1286 1759 1341 1823 sed

56 1860 217 1949 personis
241 1859 463 1944 praesentibus
485 1858 661 1923 didiceritis
683 1858 843 1942 universa,
873 1861 906 1921 et
935 1858 975 1921 ub
998 1859 1109 1922 eadem
1135 1880 1191 1923 vos
1212 1861 1342 1944 proprio

10 2014 13 2069 ι
53 1963 189 2050 judicio
211 1982 377 2045 separasse
398 1960 642 2041 videamini⁷⁴)?
674 1960 719 2024 Et
740 1959 843 2024 adhuc
866 1959 982 2042 dicitis,
1011 1960 1167 2043 synodum
1189 1961 1223 2024 in
1246 1963 1341 2026 unius

10 2072 15 2161 j
57 2063 211 2131 hominis
234 2083 372 2147 persona
394 2061 541 2126 debuisse
562 2061 706 2144 tracturi,
730 2083 826 2145 quam
848 2061 882 2125 in
906 2061 1097 2125 damnandis
1112 2062 1213 2125 tantis
1235 2064 1341 2147 ponti-

10 2164 15 2227 ἵ
58 2168 182 2234 ficibus
204 2163 375 2230 catholicis
397 2185 464 2228 nou
485 2163 679 2248 quaesistis?
704 2163 825 2239 Quibus
848 2165 955 2226 sutem
979 2162 1084 2245 vultis,
1108 2167 1144 2227 ut
1166 2164 1204 2227 de
1229 2163 1341 2228 talium

10 2266 12 2345 Ξ
58 2289 241 2335 esussrum
266 2265 422 2331 relatione
449 2266 636 2330 credamus?
674 2264 847 2331 Catholicis
880 2287 922 2328 an
951 2263 1145 2328 haereticis?
1178 2267 1232 2329 Ab
1253 2266 1341 2330 omni

10 2348 14 2369 ’
58 2369 308 2437 hoereticorum
338 2368 530 2453 contagione
545 2367 724 2463 discretis,
766 2390 809 2430 an
845 2366 1080 2430 haereticorum
1118 2368 1341 2434 communione

60 2469 228 2560 pollutis?
256 2468 336 2546 Quis
359 2473 467 2534 sutem
488 2490 555 2533 non
576 2468 699 2552 videat,
728 2468 800 2532 illos
829 2489 896 2531 esse
925 2466 1098 2532 catholicos
1130 2473 1164 2533 et
1190 2470 1231 2533 ub
1253 2470 1341 2533 omni

58 2574 234 2641 manses
255 2575 347 2657 peste
372 2592 501 2656 prorsus
523 2570 660 2652 alienos,
689 2570 744 2655 qui
771 2570 909 2655 propriis
938 2571 1069 2634 urbibus
1096 2571 1218 2635 detrusi
1246 2575 1279 2634 et
1306 2572 1340 2635 in

59 2676 219 2745 exsilium
241 2677 319 2739 sunt
340 2673 476 2756 redacti3
498 2676 531 2736 et
553 2694 616 2754 eos,
640 2671 694 2756 qui
717 2670 943 2756 superstitibus
964 2671 1129 2736 catholicis
1145 2694 1341 2737 successores

59 2778 132 2846 teri
157 2776 232 2842 susi
261 2778 354 2857 sunt,
384 2773 559 2838 catholicos
587 2774 717 2837 omnino
745 2795 811 2837 non
840 2795 924 2855 esse,
954 2774 1009 2836 sed
1037 2778 1093 2837 sut
1121 2774 1341 2859 Eutychianos

58 2880 272 2959 manifestos,
296 2879 354 2940 sut
374 2897 483 2940 eornm
505 2876 715 2940 sectatoribus
738 2875 1035 2939 communicantes?
1274 2942 1278 2949 ,

152 2984 206 3046 ll.
253 2976 346 3043 Haec
373 2977 520 3063 pestisll')
548 2977 633 3061 spud
662 2999 715 3040 eos
737 2976 900 3061 hodieque
915 2977 1077 3061 perdurat.
1123 2976 1286 3061 Siquidem
1308 2982 1341 3042 et

60 3108 136 3153 enm
166 3082 272 3148 Petro
294 3079 515 3144 Alexandrino
543 3083 576 3144 et
604 3100 676 3144 cum
704 3079 909 3142 Antiocheno
936 3077 1032 3142 Petro
1059 3078 1280 3143 indifferenter
1306 3080 1339 3161 ii,

63 3243 144 3252 ..μ-ι
152 3240 244 3249 ——u
254 3237 379 3245 ..-

126 3321 164 3387 ²⁰)
183 3318 225 3373 D¹
237 3316 278 3371 Ν*
290 3314 324 3369 0¹
338 3314 373 3369 0¹
390 3319 456 3380 Qasr
472 3321 529 3370 illos
546 3323 596 3377 rel,
620 3315 693 3370 unde
711 3315 739 3369 d¹
760 3320 827 3381 Quid
842 3322 899 3371 illos
917 3321 1001 3370 dicitis
1018 3322 1068 3381 sel,
1086 3315 1122 3368 D⁴
1134 3316 1170 3368 Ι)7
1183 3318 1209 3368 c⁵
1220 3332 1297 3384 seqq.
1312 3316 1341 3368 d²

59 3408 129 3471 Quid
146 3410 210 3458 allos
223 3407 304 3469 Juvat
320 3406 368 3457 rel.
397 3399 505 3454 Neutra
522 3399 604 3454 lectio
621 3400 845 3469 interpolationis
862 3399 1016 3469 suspicione
1035 3404 1123 3466 vacat,
1141 3400 1225 3455 immo
1239 3400 1342 3455 Uolusii

58 3492 189 3544 mmm
202 3486 310 3540 neutra
321 3482 460 3553 exprimit.
483 3484 563 3538 Unde
574 3485 723 3559 lectionem
735 3485 769 3538 F‘¹
781 3485 822 3538 ΕΝ
835 3485 869 3538 0¹
882 3484 1058 3554 arripientes,
1078 3485 1121 3538 cui
1139 3487 1197 3538 l'ere
1214 3484 1243 3537 in
1256 3486 1341 3538 omni·

58 3574 111 3630 bur
127 3571 237 3628 favent
253 3568 290 3623 D'
303 3567 342 3621 N·
353 3566 388 3620 0¹
400 3570 434 3635 θ’,
454 3585 597 3638 speramus
615 3569 682 3624 satis
700 3586 750 3623 nos
769 3587 877 3624 sensum
901 3572 929 3623 et
950 3570 1037 3623 rerba
1058 3570 1179 3623 auctoris
1201 3573 1341 3624 assecutos

56 3675 126 3714 ene.
160 3653 347 3711 similises
362 3653 568 3708 resarciendum
584 3654 682 3710 suasit:
700 3673 804 3709 errasse
822 3661 920 3724 quidem
936 3660 992 3708 illos
1010 3661 1109 3708 celsus
1125 3665 1260 3724 proposito
1275 3662 1342 3709 illum

55 3750 174 3799 ιωίαι
192 3744 365 3801 munim,
383 3750 427 3792 aut
444 3744 633 3807 cognoscendo,
653 3744 715 3808 qnid
731 3745 806 3794 sedes
824 3746 964 3807 apostolica
983 3745 1110 3807 definiret.

122 3830 160 3896 Ἰ)
180 3826 234 3895 lta
245 3822 291 3876 0¹.
315 3822 350 3876 F*
361 3822 401 3876 Fe
413 3823 451 3877 N*
464 3822 499 3876 θ’
510 3822 540 3876 d²
552 3845 585 3878 an
597 3830 757 3892 assuescendo
770 3823 815 3891 (Pl
826 3824 864 3877 Ν3
875 3828 1073 3891 repraesento),
1091 3824 1128 3876 Ι)5
1140 3823 1176 3876 D⁷
1188 3827 1212 3877 c'
1226 3829 1252 3878 c⁵
1264 3842 1341 3893 seqq.

50 3926 97 3969 ns
113 3912 321 3982 cognoscendo.
555 3931 556 3934 ¹

122 4000 160 4065 τἵ)
182 3994 221 4048 «1²
237 3998 265 4046 el
280 4012 350 4048 sero.
383 3992 503 4060 Moxque
522 3996 548 4046 0⁵
566 4009 642 4061 seqq.
660 3999 845 4048 retrocessistis
862 3992 965 4046 omisso
986 3998 1070 4047 mites
1087 4014 1139 4048 sos.

121 4085 160 4151 ²³)
181 4080 222 4134 In
239 4076 279 4131 F*
290 4076 332 4131 1³³¹¹
344 4077 379 4128 θ’
391 4078 415 4130 c'
435 4077 514 4131 deest
531 4080 572 4130 ab.
607 4077 727 4146 Moxque
746 4077 780 4130 0³
798 4082 948 4138 solentibus,
967 4077 1014 4131 ulii
1027 4077 1135 4131 codices
1148 4078 1194 4144 (θ’
1207 4078 1242 4130 D·
1255 4078 1288 4130 Fe
1301 4078 1341 4130 ΡΜ

42 4170 84 4227 11⁸
98 4169 139 4223 0Ι
155 4180 233 4220 mss.
244 4163 278 4217 α’
288 4163 326 4231 0¹)
337 4165 489 4224 menemus,
508 4163 535 4215 c⁵
546 4177 622 4229 seqq.
636 4160 665 4214 d²
683 4163 862 4215 correxerunt
879 4167 1040 4230 pollentibus,
1058 4163 1095 4214 Df‘
1107 4162 1134 4214 d¹
1149 4166 1177 4215 a³
1195 4168 1341 4215 catholicam

145 4251 394 4306 excommunionem
411 4251 557 4302 colentibus.

116 4340 157 4405 ¹⁸)
179 4334 221 4388 ln
238 4347 307 4384 mss.
319 4329 355 4384 D¹
367 4329 404 4384 D·
414 4329 451 4384 D⁹
463 4329 498 4383 F*
510 4330 551 4383 ΡΝ
563 4331 601 4384 N'
613 4333 646 4384 0¹
660 4331 705 4384 hic
717 4333 882 4402 repetuntur
894 4333 980 4385 verbu
992 4331 1141 4400 superioris
1154 4331 1289 4400 epistolae
1302 4347 1341 4384 se-

35 4424 181 4483 cundum
203 4413 324 4485 brevius
341 4415 498 4485 exemplum
515 4434 542 4468 n.
557 4421 600 4469 14:
619 4420 688 4469 Ecce
701 4428 857 4484 opnooerunt
874 4422 900 4469 ia
917 4437 1002 4470 eonem
1019 4421 1181 4484 professione
1194 4427 1240 4468 etc.
1255 4432 1341 4482 usque

32 4530 133 4584 „qu
154 4507 219 4561 nisi
235 4505 419 4569 resipiscentes
434 4511 556 4569 poter-unt
571 4502 681 4569 prorsus
698 4505 801 4556 absolui.
832 4501 892 4554 Hoc
910 4502 1097 4568 fragmentum
1110 4501 1204 4552 autem
1221 4500 1266 4552 hic
1279 4517 1341 4552 cunr

31 4602 62 4655 e'
76 4600 113 4653 θ
132 4606 228 4660 seqq.
250 4585 283 4639 d¹
296 4583 367 4639 d²a³
384 4583 549 4652 omittimus,
574 4585 639 4652 quiu
661 4586 740 4640 deest
762 4586 790 4639 in
812 4604 875 4639 mss.
900 4584 983 4637 (ΜΝ)
995 4586 1019 4637 c¹
1033 4588 1067 4649 οῖ’,
1091 4590 1119 4636 et
1142 4582 1208 4650 quis
1229 4600 1341 4653 praece-

29 4678 150 4739 dentia,
176 4690 219 4730 ac
241 4662 394 4739 sequeutia
415 4686 551 4739 personae
574 4671 712 4725 secundae
734 4682 759 4724 er
782 4675 865 4725 addire
888 4675 973 4724 diesis
995 4686 1056 4721 oum
1078 4669 1131 4721 hoc
1149 4667 1342 4722 additamento

223 4754 334 4812 tersae
350 4758 421 4809 Ecce
438 4769 594 4825 agnoverunt
615 4772 671 4809 non
689 4755 817 4810 videntur
836 4772 998 4822 congruere.
1034 4754 1120 4806 Porro
1139 4759 1165 4806 c³¹
1183 4771 1260 4821 seqq.
1280 4759 1342 4807 diri·

30 4863 72 4910 tiu
92 4857 202 4914 esan,
223 4844 267 4899 D⁴
284 4844 372 4895 dicitis
389 4844 464 4894 eliam
480 4845 572 4898 adduc.

113 4941 153 5004 n)
175 4931 211 4987 d‘
231 4925 322 4983 addit
338 4931 411 4978 estu.
445 4925 509 4980 Mox
528 4926 563 4979 0²
581 4932 755 4981 conscissione
771 4933 901 4991 permisti.
966 4969 973 4975 .

74 5031 259 5079 semrom
274 5026 384 5066 noxus.
398 5027 509 5066 eorrrr.
527 5015 549 5070 Ι,
1100 5018 1139 5076 28
