3204 5506
560 376 755 424 urrsronan
779 367 809 425 8.
835 368 863 424 9.
1296 364 1360 429 339

67 532 167 609 studi,
196 527 308 610 perire
329 527 504 592 volentium
527 529 668 593 nitamur
690 529 851 593 declinare
873 530 1059 614 perniciem,
1084 535 1126 615 et,
1151 533 1234 616 quod
1257 533 1359 598 solum
1373 545 1485 612 (0490.)

68 628 186 693 facere
212 630 396 713 debeamus,
428 630 571 695 divinam
598 653 658 716 pro
684 631 749 695 illis
778 654 908 696 exorare
938 633 1157 716 elementiam,
1187 639 1222 698 ut
1250 636 1359 720 resipi-

67 735 171 795 scant
197 755 218 795 a
242 732 364 796 diaboli
385 732 517 818 laqueis,
542 756 638 818 aquo
655 734 741 819 capti
757 734 943 799 detinentur
958 736 998 798 ab
1006 737 1033 815 ⁵)
1056 736 1156 820 ipsius
1177 737 1358 802 voluntate:

66 839 105 897 ut
129 834 177 898 ab
202 834 424 900 obstinatione
446 836 612 900 mortifera
634 823 988 922 respirantes‘pcstem
1010 860 1105 922 quam
1122 860 1155 901 se
1173 840 1358 904 humanitus

66 937 234 1001 incidisse
259 938 358 1002 etiam
384 938 448 1022 ipsi
470 940 624 1022 sentiunt,
654 939 762 1002 inutili
791 940 1001 1004 verecundiae
1023 939 1179 1024 languore
1202 941 1377 1026 depositos

66 1039 108 1102 ad
132 1040 367 1124 recuperanda
387 1041 529 1106 remedia
551 1042 746 1125 sempiterna
768 1041 868 1105 libero
892 1043 985 1107 eorde
1008 1042 1209 1127 resipiscant.

156 1143 193 1207 3.
234 1141 299 1215 His
323 1163 400 1227 ergo
422 1144 571 1228 cognitis,
595 1166 688 1227 quae,
712 1144 795 1207 sicut
817 1144 964 1226 diximus,
989 1144 1029 1207 ad
1051 1145 1218 1230 regionum
1240 1150 1358 1210 vestra·

64 1267 140 1308 ram
166 1247 254 1308 sunt
276 1245 399 1309 directa
421 1246 600 1329 pontifices,
634 1249 666 1309 et
695 1246 757 1328 ipsi
786 1250 976 1330 protegente
998 1270 1053 1310 vos
1076 1246 1214 1312 Domino
1236 1248 1359 1313 debetis

62 1370 138 1411 csse
156 1347 399 1412 convenienter
414 1349 575 1432 instructi,
601 1352 633 1411 et
647 1348 820 1431 provinciis
837 1349 947 1412 eadem
968 1349 1144 1434 quibusque
1161 1351 1322 1435 contiguis
1332 1351 1357 1436 ⁰)

60 1450 278 1515 fiducialiter
292 1449 488 1534 praedicare.
513 1449 603 1514 Nihil
626 1454 675 1513 est
697 1451 794 1533 enim,
818 1451 901 1535 quod
924 1473 1040 1536 pavere
1056 1452 1237 1535 debeamus,
1261 1475 1358 1538 quum

58 1558 201 1617 certum
225 1553 275 1616 sit
301 1576 322 1616 a
353 1553 484 1617 coelesti
512 1553 659 1637 praesule
692 1575 758 1617 non
785 1553 978 1637 derelinqui,
1003 1539 1087 1638 quos
1115 1577 1190 1618 suae
1214 1557 1358 1618 veritatis
1425 1538 1428 1545 “

56 1656 246 1741 praestitit
270 1666 359 1719 arma
380 1659 538 1737 tractare,
562 1677 623 1720 nec
644 1655 816 1740 quidquam
832 1656 1073 1742 011100100οῑ)
1047 1678 1074 1721 er
1091 1657 1252 1721 ullatenus
1268 1679 1360 1741 prae
1369 1693 1431 1749 M„
1418 1695 1469 1751 „h

52 1759 263 1842 serendum,
286 1780 385 1842 quum
406 1759 494 1842 ipsas
517 1759 641 1822 animas
664 1762 790 1822 nostras
806 1780 863 1841 pro
886 1780 993 1821 earum
1016 1781 1075 1821 nos
1097 1760 1235 1823 voluerit
1256 1760 1358 1825 salute
1378 1770 1417 1884 lLtJ,
1404 1773 1464 1887 Π39

54 1865 301 1926 contemnere.
326 1858 471 1936 Qualiter
492 1864 597 1931 autem
620 1859 669 1924 vel
692 1860 840 1974 proficiat
826 1860 979 1924 tibidem
1002 1860 1194 1944 religionis
1186 1885 1220 1925 111
1221 1831 1438 1946 tegritasL¹¹⁰
1373 1909 1411 1966 14
1417 1879 1457 1956 66

50 1965 111 2030 rel
136 1963 228 2051 quid
252 1963 393 2027 forsitan
416 1967 586 2045 asseratur,
612 1964 738 2047 saepius
760 1962 853 2026 nobis
874 1965 980 2026 vestra
1003 1963 1110 2026 dilect'
1086 1967 1131 2027 tro
1147 1987 1212 2028 non
1228 1964 1357 2027 omittat

49 2067 268 2134 ostendere:
303 2069 340 2129 ut
367 2066 548 2129 necessaria
576 2065 705 2130 Christo
733 2066 895 2129 tribuente
923 2065 1064 2129 subsidia
1094 2066 1253 2149 responsis
1283 2087 1356 2131 eon-

47 2169 274 2256 gruentibus
311 2168 539 2232 ministremus.
589 2172 777 2248 Subscriptio
812 2190 925 2248 papae.
977 2168 1063 2231 Deus
1099 2172 1131 2230 te
1165 2167 1355 2232 incolumem
1401 2244 1403 2248 6

48 2272 251 2354 custodiat,
276 2270 324 2333 fili
346 2270 571 2334 dilectissime!

600 2457 784 2560 Epistola
811 2459 844 2541 9.

169 2610 319 2681 (1010οἰ1
342 2627 452 2694 papae
475 2610 518 2676 ad
542 2607 755 2677 Suetonium
778 2612 981 2694 episcopum
1005 2609 1135 2676 Atrum
1158 2611 1251 2694 apud

408 2712 754 2795 Constantinopoltm
776 2715 1027 2780 constitutum.

1365 2592 1399 2655 (a.
1411 2594 1461 2644 493
1474 2606 1496 2643 c.

1401 2657 1459 2726 fin.)

10 2870 35 2919 s,
87 2859 272 2924 Episcopum
290 2856 364 2913 iiiam,
383 2856 426 2919 qui
441 2857 641 2918 persecutionem
656 2855 812 2904 Arianorum
828 2855 930 2920 sapiens
945 2855 1165 2918 Constantinopoli
1182 2858 1319 2917 improuide

88 2959 153 2993 eus
166 2940 340 2992 aduersmim
351 2941 467 2989 sementia
479 2943 672 2991 communicasse
683 2939 846 3004 arpnebatur,
867 2947 893 2988 ut
905 2941 1053 3004 quantocius
1065 2941 1180 3003 corr-ipat
1192 2940 1317 2991 obsecrat.

151 3079 190 3140 1.
241 3072 382 3156 Quum¹)
410 3076 485 3137 tuae
508 3073 687 3139 dilectionis
709 3074 744 3136 in
767 3072 894 3137 Christo
918 3072 1133 3135 constantiam
1161 3072 1352 3137 ferventem·

49 3202 122 3266 que
147 3174 348 3241 doctrinam
370 3174 576 3240 celeberrima
586 3160 779 3261 'loqueretur
801 3175 920 3259 opini0,
944 3174 1007 3238 dici
1030 3195 1094 3236 non
1112 3177 1228 3256 potest,
1253 3196 1352 3257 quan-

50 3283 101 3348 tis
126 3277 523 3367 gaudiisexsultavimus
544 3278 579 3343 in
602 3278 750 3361 Domino,
780 3277 865 3361 quod
894 3299 948 3340 vas
978 3276 1142 3360 egregium
1171 3275 1246 3339 belli
1274 3279 1352 3339 tem-

51 3384 183 3470 pore²)
216 3379 365 3444 maxime
386 3380 589 3464 profuturum
616 3381 725 3444 divina
754 3380 860 3464 gratia
888 3380 1125 3463 praeparasset,
1152 3383 1247 3462 teque
1270 3378 1352 3442 votis

51 3485 228 3552 omnibus
253 3480 441 3564 ambientes,
466 3485 499 3545 et
520 3483 612 3566 quasi
628 3484 771 3547 cominus
788 3483 997 3547 constitutum
1020 3483 1088 3542 toto
1111 3478 1214 3543 cordis
1235 3481 1351 3544 affectu

53 3585 317 3655 comitabamur
338 3583 512 3648 absentem.
558 3583 620 3648 Sed
647 3585 731 3648 tristi
754 3584 859 3648 subito
887 3604 1013 3647 rumore
1041 3583 1183 3665 percussi
1212 3587 1352 3646 conster-

53 3696 158 3774 nata,
186 3687 343 3768 fatemur,
372 3689 480 3751 mente
503 3686 709 3769 concidimus,
738 3685 959 3769 haesimusque
981 3686 1046 3765 diu,
1076 3690 1182 3748 utrum
1210 3685 1352 3748 0110011-

54 3797 174 3859 tatem
209 3793 306 3853 tuam
332 3809 428 3872 super
455 3787 505 3852 1110
527 3788 652 3852 litteras
685 3789 898 3870 mitteremus,
932 3810 1007 3850 nam
1041 3786 1127 3870 loqui
1160 3785 1352 3868 prohibebat

54 3896 171 3975 dolor,
199 3896 313 3955 tacere
335 3887 464 3955 chrisa*
477 3890 603 3955 affectio
630 3912 695 3954 non
722 3890 858 3954 sinebat.
904 3889 994 3952 lnter
1016 3889 1140 3972 quasit
1153 3888 1216 3951 ista
1239 3888 1350 3951 fluctu·
1405 3876 1423 3969 ⁸,

56 4002 163 4062 antes
191 3992 275 4056 sicit
297 3990 406 4056 divina
427 3992 573 4073 scientia,
603 4013 665 4075 quo
687 3996 755 4055 toto
778 3991 1016 4074 Scripturarnm
1045 4011 1174 4073 corpore
1203 3990 1349 4073 perdoce-

132 4240 158 4303 ἠ
180 4229 263 4287 Mati.
283 4246 358 4300 aequ.
379 4228 528 4284 01019900.

131 4325 157 4388 ⁶)
180 4316 262 4371 nati
282 4334 358 4383 aequ.
378 4316 511 4368 omittunt
528 4321 660 4383 rantiquis.

124 4411 158 4469 ³}
179 4404 265 4458 Idem
282 4399 409 4456 Gelaaiua
428 4400 506 4469 epist.
522 4408 537 4454 3
551 4420 575 4454 n.
590 4407 606 4453 o
622 4403 737 4470 profert.

133 4497 156 4557 ³)
178 4489 219 4543 N³
238 4488 313 4541 hanc
336 4485 543 4555 inscriptionem
562 4485 696 4555 epistolae
720 4479 817 4539 habet:
847 4490 964 4554 Epistola
982 4507 1067 4554 paline
1088 4492 1183 4539 tietnsii
1200 4491 1236 4537 ad
1253 4489 1347 4540 Succo-

58 4586 129 4632 m'm
150 4581 309 4644 episcopum
327 4575 420 4637 Afrum
437 4576 508 4639 apud
525 4574 766 4639 Constantinopolim
784 4579 957 4631 constitutum,
977 4577 1019 4638 qui
1034 4577 1233 4637 persecutionem
1255 4575 1348 4624 Arria-

58 4685 155 4719 m
176 4667 210 4714 de
224 4662 326 4724 Africa
341 4660 442 4721 sapiens
455 4660 708 4723 Constantinopolim,
729 4662 868 4723 improvide
881 4661 1082 4725 cornrnnuicpnuo
1101 4662 1126 4708 in
1143 4661 1348 4723 praevaricatio-

58 4772 117 4805 ιιι
139 4745 367 4802 wessionensis
382 4747 475 4809 synodi
491 4746 607 4807 arquitur
624 4748 766 4795 corruisse:
785 4753 812 4793 nt
828 4747 949 4809 corripui.

130 4836 155 4899 ²)
175 4826 298 4884 Scilicet
315 4839 372 4879 uon
389 4823 475 4879 solum
493 4824 523 4878 in
540 4823 634 4879 Africa
652 4825 701 4880 sed
719 4824 803 4878 etiam
821 4843 893 4878 nunc
911 4823 1158 4895 Constantinopoli.

132 4922 154 4987 ³)
174 4910 260 4968 Editi
277 4907 370 4963 omitt
387 4929 458 4979 qaae.
495 4909 601 4963 Deinde
620 4911 691 4979 forte
708 4908 857 4976 legendum
875 4915 921 4963 ita.
956 4909 1020 4962 Mox
1039 4909 1108 4964 editi
1128 4916 1166 4964 sic
1185 4924 1347 4978 praeventos.

1081 4995 1146 5056 22*
