3204 5506
491 355 686 406 nrrsronsa
708 340 761 406 26.
785 346 836 404 27.
1237 340 1297 406 tet

114 511 148 576 2.
186 510 283 576 Dedit
304 511 432 596 quidem
455 510 624 574 clementia
650 512 758 574 vestra
780 508 879 574 veluti
902 508 1044 573 obsidem
1072 511 1228 595 propositi
1250 513 1299 577 sui
1312 520 1408 570 acts„

118 613 304 679 testimonio
331 611 506 697 imperialis
535 611 716 696 alloquii2),
751 613 785 674 et
811 632 845 675 se
875 611 966 695 quasi
997 612 1134 696 pignore
1162 614 1298 698 quodam

100 738 136 780 ae
158 715 333 781 voluntatis
356 713 543 796 adstrinxit3
567 713 621 778 sed
636 734 715 797 opus
738 715 787 776 est
806 713 928 797 coeptis
944 712 1081 796 adjicere
1096 714 1297 782 firmitatem:

102 821 163 905 ant
195 817 326 901 plenum
359 816 504 880 decorem
531 815 621 898 jacta
652 814 858 899 fundamina,
896 837 962 878 non
993 815 1202 881 remittantur
1227 840 1299 902 pro·

100 919 249 1003 nantes³)
272 940 330 1002 pro
345 917 405 982 Dei
428 917 570 982 ecclesiis
592 940 716 982 manus.
751 917 859 981 Toties
873 916 1069 982 Israeliticus
1085 917 1185 982 hostis
1200 918 1298 984 inter-

100 1025 125 1104 t,
161 1021 284 1105 quoties
311 1020 438 1103 Moyses
467 1017 597 1083 brachia
624 1041 691 1083 non
719 1019 851 1084 remisit.
906 1017 1049 1084 Effectus
1076 1041 1189 1105 opera,
1223 1007 1396 1136 finisff‘ffl·

100 1123 235 1187 mendat
256 1120 361 1185 initia.
398 1119 474 1184 Non
495 1121 626 1204 prodest
648 1121 788 1205 coepisse
810 1121 1019 1204 deserentem,
1043 1121 1118 1205 quia
1140 1121 1208 1186 sola
1230 1144 1299 1205 per·
1346 1117 1352 1141 '
1392 1110 1398 1131 ‘

100 1224 213 1288 nantia
234 1223 308 1287 fidei
331 1223 387 1286 dat
409 1222 554 1286 salutern.
600 1221 824 1287 Benedicimus
846 1222 965 1305 Deum,
995 1223 1085 1306 cujus
1107 1223 1175 1288 zelo
1196 1224 1300 1308 pietas
1313 1195 1411 1324 {tati}

100 1348 139 1390 ra
160 1328 414 1409 transgressores
435 1325 550 1409 impios
570 1322 754 1389 Nestorium
777 1329 810 1389 et
831 1323 1077 1408 Eutychetem⁴)
1100 1325 1150 1389 vel
1172 1326 1244 1390 odio
1265 1348 1299 1390 se

100 1427 178 1512 :equi
202 1448 274 1490 cum
295 1426 443 1490 nefandis
475 1431 507 1490 et
533 1426 699 1511 sacrilegis
727 1426 931 1511 dogmatibus
959 1427 1136 1509 profitetur.
1180 1426 1301 1491 Probat

101 1550 136 1593 se
158 1550 191 1593 sc
213 1528 303 1610 vitia,
326 1528 381 1612 qui
404 1527 596 1592 condemnat
618 1531 773 1613 errantes,
797 1551 857 1593 nec
872 1528 1026 1613 relinquit
1040 1528 1102 1593 sibi
1119 1528 1225 1592 locum
1248 1530 1300 1594 de-

100 1631 156 1713 rdi,
186 1629 240 1713 qui
265 1652 331 1693 non
358 1630 538 1714 pepercerit
565 1629 740 1695 excedenti.
796 1630 922 1695 Primus
948 1631 1153 1695 innocentiae
1181 1631 1300 1716 gradus

115 1732 219 1797 odisse
235 1731 409 1816 culpanda:
433 1732 488 1796 sed
510 1733 655 1796 veritatis
677 1732 823 1814 interest,
847 1733 974 1796 domine
994 1732 1051 1837 lili,
1075 1737 1108 1797 et
1122 1731 1299 1797 catholicae

100 1832 231 1917 iplinae,
255 1837 291 1897 ut
313 1837 486 1898 sectatores
508 1833 606 1897 etiam
630 1855 738 1898 corum
761 1837 856 1919 atque
871 1834 1044 1918 participes
1060 1834 1201 1918 oderitis,
1225 1857 1300 1919 quo·

100 1936 336 2002 rexsecrandos
358 1934 520 2021 principes
538 1935 702 2018 judicatis.
747 1934 822 2000 Non
843 1937 879 1999 in
901 1935 1091 2000 damnandis
1114 1935 1182 2000 sola
1202 1936 1300 2000 idest

101 2038 284 2120 anomina,
314 2038 425 2102 sedin
448 2037 498 2101 his
521 2037 628 2120 etiam,
660 2038 714 2121 qui
736 2036 904 2102 damnatos
927 2041 1112 2122 sequuntur,
1142 2039 1218 2101 sunt
1241 2037 1299 2101 cri-

100 2161 120 2202 a
142 2138 371 2224 persequenda.
415 2139 545 2202 Frustra
569 2139 706 2203 aversari
729 2161 763 2203 se
784 2139 891 2224 plures
914 2140 1037 2222 asserit,
1062 2139 1117 2223 qui
1138 2161 1239 2203 unum
1260 2138 1298 2203 de

100 2243 160 2325 qui
182 2241 394 2305 detestatione
416 2241 508 2326 digni
525 2240 713 2324 judicantur
741 2241 915 2325 exceperit:
943 2263 1009 2304 non
1037 2241 1123 2305 enim
1148 2261 1298 2305 numerus

100 2344 210 2407 ntium
232 2342 413 2425 hominum,
438 2343 493 2406 sed
515 2342 664 2407 meritum
688 2343 907 2407 consideratur
929 2364 1080 2407 errorum.
1124 2342 1195 2407 Hoc
1216 2342 1298 2426 ideo,

100 2444 191 2509 'acile
219 2429 312 2530 putet
339 2448 445 2508 vestra
473 2444 643 2508 clementia
665 2445 777 2510 Aeacii
804 2445 1069 2530 praetereundam
1098 2466 1165 2509 esse
1193 2465 1299 2528 perso-

104 2596 117 2608 .
163 2547 281 2612 Nonne
303 2546 357 2610 ille
385 2549 433 2610 est
455 2547 609 2631 Aeacius,
640 2548 694 2632 qui
718 2569 816 2612 coeno
838 2546 943 2630 Petri,
974 2546 1119 2611 Dioscori
1147 2548 1180 2610 et
1200 2544 1299 2629 Euty·

100 2648 136 2711 is
156 2650 306 2734 dogmate
328 2653 362 2712 et
383 2650 604 2713 communione
627 2649 793 2735 polluti5),
823 2650 898 2713 dum
921 2648 1104 2733 copulatur,
1132 2649 1299 2712 immersus

131 2750 216 2814 illius
243 2751 406 2815 sustinens
434 2752 468 2814 in
491 2751 756 2815 condemnatione
779 2749 986 2835 supplicium,
1022 2751 1111 2835 cujus
1139 2749 1238 2835 elegit
1265 2750 1299 2812 in

100 2853 256 2918 munione
272 2850 491 2917 consortium?
521 2852 583 2928 Qui
598 2853 718 2917 viritim
740 2856 871 2936 propter
893 2852 1074 2937 impietates
1097 2874 1170 2917 suas
1185 2851 1299 2915 horum

100 2952 176 3018 ulos
203 2955 287 3037 odit,
317 2958 349 3018 et
376 2955 411 3018 in
432 2954 496 3018 illis
519 2955 673 3018 Acacium
696 2975 826 3019 necesse
849 2958 897 3018 est
919 2954 1037 3037 oderit,
1067 2958 1100 3018 et
1126 2974 1236 3018 omnes
1264 2953 1299 3016 in

100 3053 152 3118 aio
174 3079 241 3121 non
263 3057 392 3121 amavit.
432 3057 484 3121 Ab
505 3055 561 3120 illo
582 3079 640 3141 per
655 3056 835 3120 Orientales
858 3055 1008 3121 ecclesias
1029 3056 1223 3120 fermentum
1244 3077 1298 3119 ne·

101 3153 121 3217 i
144 3159 261 3225 erroris
282 3158 425 3222 inolevit.
1039 3170 1041 3174 ’

107 3256 144 3323 3.
176 3261 257 3325 Inde
272 3261 511 3325 Alexandrinae
527 3259 679 3345 perfidiae
696 3281 833 3345 eousque
855 3259 978 3325 nutrita
999 3260 1159 3344 superbia,
1182 3262 1296 3324 utnon

100 3465 109 3514 t
130 3461 201 3519 Non
223 3463 268 3519 hic
286 3455 397 3518 noram'
405 3463 519 3534 aliquod
536 3463 682 3534 scriptum,
705 3464 781 3533 quod
798 3463 983 3530 desideretur,
1003 3464 1053 3518 sed
1069 3463 1229 3534 pristinum,
1247 3481 1299 3533 per

100 3539 188 3604 ilium
206 3567 239 3604 ac
256 3549 345 3604 socios
363 3548 428 3602 darn
447 3567 464 3604 a
481 3549 571 3618 prima
588 3550 728 3619 legatione
746 3551 952 3604 reverterentur
969 3547 1173 3615 transmissum,
1191 3548 1244 3602 hoc
1257 3549 1299 3602 est

100 3625 178 3688 *lam
198 3641 241 3700 10,
259 3633 305 3688 hic
322 3633 351 3686 in
368 3634 531 3688 memoriam
549 3633 686 3700 revocari,
705 3651 738 3688 err
756 3634 885 3689 subnexis
901 3635 1016 3704 planam
1033 3635 1089 3689 fiet.

100 3734 101 3748 ¹
128 3716 182 3775 Ita
199 3719 284 3776 G¹a¹.
319 3719 506 3788 bpapnantes.

130 3803 173 3859 G¹
193 3809 325 3874 Eutychen
343 3823 372 3880 sp
387 3805 415 3858 at
432 3810 516 3859 odisse
529 3821 598 3876 esea
614 3811 710 3874 quicum
731 3810 849 3872 nefandis
921 3812 1069 3873 profitetur,
1089 3802 1161 3858 unde
1174 3805 1297 3858 nostram

100 3898 179 3943 uem
197 3890 325 3945 eruimus.
360 3890 432 3943 Nam
449 3889 517 3943 illud
535 3897 578 3959 qut
595 3890 634 3956 (in
652 3893 759 3960 quicum)
777 3892 820 3944 est
830 3889 929 3944 vitium
946 3889 1066 3956 librarii,
1083 3888 1209 3943 ultimam
1223 3891 1298 3944 ante-

100 3964 153 4036 stis
170 3976 250 4030 verbi
271 3975 408 4043 syllabam
427 3993 479 4045 per
497 3975 672 4030 oscitantiam
689 3974 848 4045 repetentis.
889 3973 1013 4044 Respicit
1030 3974 1133 4045 quippe
1151 3974 1299 4028 Hormisda

100 4067 154 4114 ec
171 4059 311 4116 Anastaaii
329 4059 463 4129 epistolae
483 4067 514 4115 to
531 4079 557 4114 rr.
571 4068 597 4114 l:
616 4065 783 4129 Impimstmos
802 4066 945 4114 Nestorium
963 4073 1039 4130 atque
1052 4063 1216 4129 Eutyctetem
1234 4065 1298 4114 nita·

100 4155 202 4200 artur
219 4159 244 4200 et
252 4151 389 4209 torrenta,
409 4166 494 4200 sortem
505 4152 699 4200 condemnantes
717 4157 743 4200 et
759 4150 1001 4199 anathematizantes
1019 4160 1044 4199 et
1052 4151 1187 4214 ‘personas
1198 4156 1225 4198 et
1236 4151 1298 4212 dop-

100 4227 305 4285 detestabatur
322 4237 463 4299 sacrilegiis
481 4237 661 4299 comparanda.
701 4229 837 4296 Quocirca
859 4229 1039 4285 conciliorum
1061 4229 1214 4284 editoribus
1235 4247 1298 4299 pro·

100 4325 108 4354 l
135 4330 198 4370 non
215 4317 307 4370 fuerat
324 4317 393 4370 haec
410 4315 523 4370 Batonii
542 4316 689 4370 correctio:
713 4327 739 4369 et
757 4321 921 4384 Eutpcltetcm
938 4324 977 4369 aet
995 4335 1039 4369 eoa
1055 4324 1232 4385 persequitur,
1256 4322 1300 4386 qui

101 4404 221 4460 eranam
239 4411 263 4455 et
280 4407 414 4470 sacrilegis
431 4406 587 4469 dogmatibus
604 4408 765 4469 profitentur.
801 4398 873 4465 Quid
885 4399 958 4454 enim
970 4399 1023 4454 sibi
1035 4399 1094 4454 vult
1111 4400 1233 4454 barbara
1250 4399 1299 4454 illa

100 4479 170 4540 litia
187 4493 226 4541 oet
243 4506 287 4541 eos
305 4493 348 4554 qai
364 4507 417 4540 cum
436 4492 554 4552 nefandis
572 4497 597 4540 et
614 4491 746 4554 sacrilegis
763 4489 919 4554 dogmatibus
934 4492 1106 4554 profitentur?
1137 4484 1226 4539 Sibis
1239 4501 1298 4540 vcr-

100 4564 303 4640 ltelligantnr,
331 4569 378 4638 qui
398 4570 606 4640 praedictorum
629 4569 833 4624 haereticorum
853 4569 959 4639 placita
979 4571 1134 4636 sectantur,
1158 4573 1298 4640 repugnat
1339 4606 1342 4613 ·

107 4654 252 4710 eorrectio
270 4656 357 4710 menti
374 4656 551 4721 Hormisdac‚
568 4656 632 4710 hinc
648 4655 826 4710 Anastasium
843 4655 999 4724 arguentis,
1022 4654 1097 4723 quod
1113 4654 1297 4723 Eutychetem

100 4744 165 4794 lare
184 4741 342 4808 contentus,
360 4743 511 4795 sectatores
529 4741 587 4808 ejas
604 4740 677 4795 tueri
694 4757 750 4794 non
768 4740 883 4795 desinat.

100 4815 117 4881 'l
138 4823 249 4879 Scilicet
266 4825 343 4880 Petri
360 4825 468 4896 Mongi,
486 4826 534 4896 qui
545 4825 670 4880 Dioscori
687 4827 716 4880 et
727 4825 888 4908 Eutychetis
900 4825 1093 4881 communione
1104 4827 1189 4896 atque
1203 4841 1297 4883 errore

100 4909 236 4965 *minatus
255 4912 324 4966 crat.
343 4943 375 4949 --
393 4910 443 4964 Ed.
460 4919 571 4981 ptrttntas
641 4917 742 4966 arrrarit.
