3204 5506
313 261 377 329 552
539 260 545 265 ’
788 275 815 324 s.
832 271 972 321 occasu
995 271 1109 318 raras

316 431 446 512 minem,
471 432 504 494 et
525 428 614 493 vides
636 381 722 493 hunc
745 427 872 512 quidem
894 426 934 491 de
956 429 1053 509 terra,
1076 407 1164 491 buno
1185 446 1261 491 vero
1276 424 1316 489 de
1332 423 1438 509 coelis,

318 533 406 598 vides
428 532 514 595 hamc
537 531 683 615 equidem
706 553 744 594 ex
767 529 880 613 Maria,
904 529 990 593 hunc
1013 532 1121 593 autem
1143 551 1181 592 ex
1204 527 1313 611 Patre,
1343 531 1377 592 et
1396 529 1447 592 utr

215 621 300 756 ἓξὲξ)
316 657 349 700 se
378 632 638 718 inseparabiliter
666 632 831 716 copulata,
861 630 940 695 illud
967 631 1129 716 intellige,
1158 631 1242 716 quod
1271 636 1353 697 Deus
1378 640 1447 696 nasis

316 757 492 804 corisomeas
513 746 565 799 est.

401 842 546 921 Ejusdem
577 840 727 902 adversus
748 839 885 900 Jadeeos
914 839 947 900 ia
974 839 1095 901 Pascha
1125 841 1264 919 loquens.
1308 833 1447 902 Omnino

319 962 396 1007 cura
417 940 476 1004 tibi
496 942 546 1004 est
563 960 674 1002 vocum
697 937 972 1022 propheticarum:
996 960 1052 1002 cur
1074 938 1159 1002 celes
1175 959 1285 1003 vocem
1300 937 1446 1003 Danielis

233 1028 304 1152 ἓξ·
318 1048 397 1108 tem:
421 1048 515 1122 Lapis
537 1047 671 1106 obserate
692 1050 737 1104 eet
757 1047 822 1105 siae
842 1046 980 1105 monibus
1001 1051 1030 1104 et
1048 1044 1156 1116 factas
1176 1052 1220 1105 eet
1235 1047 1268 1105 ia
1283 1052 1413 1106 monum
1425 1061 1447 1104 a

235 1136 258 1163 ⁹’
299 1141 429 1228 'Putas,
454 1166 520 1207 non
541 1142 603 1207 tibi
625 1141 751 1206 videtur
773 1164 857 1207 neoris
871 1142 986 1225 Maria,
1009 1148 1091 1222 Iopis
1111 1150 1176 1206 aas
1189 1147 1328 1208 manitas
1350 1148 1447 1210 aesca

320 1251 405 1330 stus,
434 1253 516 1326 Iopis
543 1251 676 1310 otsoims
702 1251 766 1308 siae
793 1250 931 1308 morsibus
959 1243 1053 1308 homo
1081 1247 1179 1309 natus
1207 1245 1277 1309 sine
1309 1245 1447 1333 amplexi

321 1348 383 1415 Sed
411 1370 453 1412 ne
481 1351 513 1411 te
535 1346 733 1431 redarguens
761 1346 840 1410 mais
862 1347 967 1412 verbis
996 1347 1068 1410 dem
1096 1347 1310 1431 suspicionem
1338 1347 1447 1432 aliqua

236 1468 238 1473 ’
320 1450 478 1535 phemiae,
502 1471 567 1513 non
589 1448 751 1513 hominem
783 1471 900 1533 purum
928 1448 1016 1532 dieo,
1047 1449 1219 1533 carissime,
1248 1448 1303 1513 sed
1333 1448 1447 1514 homin

321 1574 415 1638 quem
439 1551 546 1615 salvus
567 1551 673 1615 factus
695 1553 754 1634 est,
783 1550 962 1634 hominem,
992 1572 1087 1636 quem
1108 1550 1285 1636 prophetae
1312 1550 1447 1635 praedic

322 1653 485 1719 hominem
507 1652 729 1716 ostendentem
755 1653 814 1717 tibi
839 1653 985 1717 eoelestis
1008 1653 1093 1717 vitae
1115 1653 1321 1737 principium,
1350 1652 1447 1717 homi]

323 1778 385 1841 quo
407 1756 522 1840 plenae
544 1757 621 1818 sunt
643 1776 753 1819 omnes
775 1754 974 1839 prophetiae,
998 1755 1161 1819 hominem
1183 1755 1314 1839 quippe,
1336 1753 1392 1839 qai
1414 1753 1447 1818 ds

171 1866 311 1931 Joh.8‚40.
323 1858 465 1923 dicebat:
491 1861 570 1933 Quia
590 1879 636 1921 me
657 1865 805 1936 qnaeritis
827 1864 975 1935 occidere,
1000 1863 1146 1922 homiaem
1162 1864 1216 1938 qai
1229 1863 1388 1922 veritaaem
1403 1860 1447 1922 du

323 1965 362 2027 nt
383 1963 473 2026 alibi:
505 1958 609 2034 Quum
631 1958 765 2043 videris,
795 1958 916 2044 inquit,
946 1960 999 2043 qui
1027 1982 1065 2023 ex
1089 1958 1192 2023 Maria
1215 1961 1274 2043 est,
1298 1962 1447 2044 perscrut

324 2063 445 2128 celatus
467 2065 518 2126 est
538 2061 683 2125 interius.

408 2164 460 2230 27.
505 2166 665 2228 severiani
688 2167 827 2245 episcopi
848 2166 1033 2229 Gabsloram
1057 2172 1166 2229 contre
1186 2168 1351 2229 Novatam.
1380 2162 1447 2229 Uni

324 2267 428 2333 Deum
449 2263 592 2330 Verbum
620 2268 713 2348 pater
734 2265 848 2349 genuit
869 2264 966 2347 Deus,
1002 2268 1035 2329 et
1056 2287 1139 2329 nova
1167 2269 1200 2329 et
1227 2265 1267 2330 iis
1294 2265 1447 2352 peregrin

172 2373 314 2440 Lucam.
324 2367 471 2453 Virginis
499 2366 704 2452 germinavit.
751 2367 837 2431 Audi
871 2367 1104 2452 evangelistam
1131 2367 1306 2433 dicentem:
1338 2372 1447 2434 Ecce,

324 2478 356 2537 in
379 2483 465 2536 atero
487 2482 515 2534 et
532 2475 640 2549 paries
658 2475 764 2550 filiam,
792 2481 822 2534 et
843 2475 993 2535 vocabunt
1018 2491 1126 2535 nemea
1147 2477 1214 2552 ejice
1240 2477 1359 2550 lesum,
1395 2471 1447 2556 qui

327 2594 458 2657 corpore
491 2571 664 2664 pariendus
698 2575 757 2635 est.
803 2571 863 2636 Sed
898 2572 1005 2636 nullus
1027 2573 1243 2656 reprehendat
1271 2596 1399 2657 vocem,
1433 2576 1447 2637 t

327 2674 459 2739 seorsim
481 2672 600 2737 dicenti
623 2672 736 2757 Deum,
761 2673 893 2738 seorsim
915 2696 990 2738 vero
1013 2696 1158 2740 earnem:
1186 2675 1393 2742 intellectum
1415 2697 1447 2740 se

328 2776 549 2842 adorationem
571 2797 637 2839 non
660 2797 843 2859 separemus

411 2878 463 2944 28.
486 2881 650 2944 Athanasii
672 2882 811 2959 episcopi
833 2899 871 2942 ex
886 2883 1020 2961 epistola
1042 2884 1084 2945 ad
1099 2883 1282 2962 Epiotetum.
1304 2879 1447 2946 Diceae

327 3004 399 3046 eum
431 2981 465 3045 in
495 2984 624 3044 carnem
650 3001 786 3063 versum,
815 2980 916 3063 ipsius
945 2981 1043 3045 Verbi
1071 3003 1129 3045 nos
1158 2982 1373 3048 mutationem
1401 3005 1447 3047 sev

327 3084 397 3168 quis
416 3083 485 3167 jam
508 3082 546 3145 de
575 3085 680 3146 cetero
708 3103 766 3145 nos
793 3083 935 3166 patietur
961 3083 1041 3147 haec
1070 3083 1268 3148 solummodo
1289 3084 1447 3150 dicentesi

328 3187 413 3251 enim
436 3184 560 3249 haeresi
583 3183 624 3247 ad
647 3183 847 3267 impietatem
870 3185 1007 3269 amplius
1030 3185 1227 3250 declinastis.

175 3299 316 3365 Joh.1‚14.
412 3288 465 3351 29.
503 3290 645 3370 Gregorii
667 3290 805 3368 episcopi
826 3291 1018 3353 Nasiemeai
1040 3293 1235 3386 expepistols
1256 3294 1299 3354 sd
1313 3293 1447 3356 Gledoaiv

231 3469 273 3523 20
328 3398 397 3456 basta
419 3390 527 3474 itaque
550 3392 766 3464 sorsfactum
788 3400 832 3452 est
854 3389 1031 3473 aequaliter
1052 3389 1133 3453 mihi
1154 3390 1281 3455 videtur
1304 3390 1447 3457 haberes

276 3485 315 3522 ΟΥ.

239 3543 309 3602 533¹·
329 3492 413 3576 quod
435 3491 562 3573 dicitur,
581 3501 741 3571 peccalum
758 3512 822 3556 aaa
834 3495 972 3568 factam:
995 3514 1060 3557 non
1078 3492 1113 3556 in
1129 3514 1200 3556 eam
1215 3493 1357 3558 Domino
1372 3497 1447 3559 tren

329 3595 420 3680 (nam
442 3593 598 3679 quomodo
619 3592 786 3678 poterat‘l)
816 3592 871 3655 sed
899 3592 934 3656 in
962 3615 1014 3676 eo,
1050 3595 1134 3679 quod
1161 3594 1248 3660 hane
1275 3597 1434 3681 suscepit,

184 3698 438 3775 sassanostra
461 3695 645 3778 assumpsit,
669 3697 702 3758 et
723 3702 887 3773 lanquores
908 3708 1027 3761 nostros
1043 3704 1192 3776 portavit.

413 3801 558 3880 Eiusdem
591 3819 630 3860 ex
662 3802 772 3862 eodem
798 3801 941 3878 epistola.
986 3797 1018 3862 Si
1042 3799 1128 3863 euim
1155 3821 1221 3863 non
1251 3799 1387 3884 dicitur,
1418 3804 1447 3865 ir

329 3899 535 3964 maledictam
551 3921 623 3962 eum
645 3901 875 3983 peccatumque
898 3921 1097 3984 conversum,
1121 3923 1218 3985 quum
1241 3901 1322 3966 haee
1344 3902 1447 3968 dicitur

329 4024 432 4087 neque
454 4002 489 4065 in
513 4022 642 4065 earnem
665 4000 779 4064 dicatis
808 4022 880 4064 eum
904 4023 1106 4086 conversum
1134 4002 1214 4067 haec
1242 4027 1384 4090 namque
1410 4026 1447 4069 mi

329 4103 539 4188 blasphemia.

414 4206 465 4271 30.
510 4209 664 4271 Ambrosii
687 4208 825 4287 episcopi
845 4207 1145 4291 Mediolanensisffl).
1174 4206 1236 4273 Sed
1259 4208 1354 4291 ajunt
1375 4207 1447 4295 quid

179 4324 318 4391 Joh.1,14.
330 4312 441 4392 ptum:
464 4308 539 4392 quia
567 4313 695 4372 l'erbum
719 4329 794 4373 coro
811 4310 932 4384 soctcsm
954 4320 1008 4373 est.
1043 4309 1133 4385 erod
1156 4309 1312 4394 scriptum
1335 4315 1395 4396 eet,
1417 4332 1447 4376 m

399 4495 431 4562 ⁶²)
450 4491 557 4549 Clarius
577 4510 609 4547 cx
628 4510 742 4563 graeco:
763 4497 840 4559 Quam
857 4507 939 4549 autera
958 4501 1043 4550 dicius
1062 4503 1087 4550 in
1105 4517 1207 4551 caraem
1225 4516 1334 4560 versvm,
1358 4500 1437 4554 Verbi

332 4584 450 4633 tutionem
469 4584 590 4648 effiapitis
664 4599 757 4634 omrem
776 4587 869 4649 quippe
888 4585 1011 4635 harmain
1030 4587 1157 4649 impietate
1175 4589 1328 4652 superastis.

399 4665 431 4730 ⁸³)
450 4663 516 4733 Ipsa
532 4663 671 4718 Ambrosii
690 4666 784 4731 verba,
804 4664 844 4718 ati
858 4664 918 4733 jam
938 4664 1093 4732 observavi,
1119 4665 1148 4719 in
1166 4683 1323 4736 synonyma
1339 4667 1447 4724 interdu

333 4750 385 4801 tur.
421 4746 501 4802 Unde
519 4747 639 4818 euspicio
662 4767 716 4805 non
742 4750 832 4817 deest,
862 4766 896 4804 ea
918 4766 972 4804 noa
995 4768 1028 4804 ex
1050 4750 1137 4805 latino
1156 4751 1298 4807 Ambrosii
1320 4751 1447 4825 exempla

332 4831 427 4903 graeei
444 4832 596 4902 scriptoris,
616 4834 663 4902 qui
680 4833 779 4890 iisdem
798 4853 861 4889 usus
875 4835 937 4903 Jam
955 4836 1056 4904 iuerat,
1077 4836 1203 4908 exemplo
1223 4836 1366 4909 descripta
1381 4853 1447 4895 ena
