3204 5506
183 340 245 404 366
624 354 652 402 s.
668 351 875 403 soanrsnas
897 351 1012 400 aaran

74 531 169 582 atur.
185 509 270 575 beati
294 508 381 573 Petri
404 507 540 594 apostoli
567 506 751 592 profutura,
780 528 799 570 a
827 505 960 571 caritate
987 509 1045 600 tua
1072 505 1211 572 directa.
1256 504 1343 570 Data
1363 505 1447 591 tw)

184 609 342 677 Calendas
366 609 498 695 Aprilis,
522 608 652 674 Valerio
674 608 742 673 viro
765 608 941 674 clarissimo
963 606 1106 674 consule.

677 794 859 900 Epistola
886 795 965 880 139.

44 932 172 1059 &iffi
280 949 494 1016 Hormisdao
516 915 627 1032 papae
649 948 693 1014 ad
715 947 887 1029 synodum
912 948 1361 1032 constantinopolitanam.

218 1089 319 1154 Synodt
335 1091 367 1140 de
385 1089 532 1154 Epiphanio
551 1090 715 1139 testimonium
736 1104 765 1137 ee
785 1094 922 1152 gratanter
940 1089 1070 1153 accepisse
1088 1090 1226 1153 significat.
1264 1088 1339 1139 troas
1355 1091 1418 1139 ordi·
1453 1108 1473 1160 p.
1483 1094 1518 1143 no.

241 1177 367 1226 nationem
384 1175 478 1240 prodat
495 1182 571 1241 atque
589 1182 617 1223 ut
634 1174 691 1223 linc
708 1175 871 1224 ecelesiarum
887 1174 1007 1238 perfectu
1025 1175 1167 1225 concordia
1183 1182 1308 1240 aequum
1324 1181 1401 1240 optat.

336 1306 549 1373 Hormisda
572 1305 753 1401 synodo¹)
777 1304 1273 1390 Constantinopolitanae.

270 1425 416 1491 Fratrem
439 1430 472 1492 et
493 1426 716 1511 coepiscopum
730 1427 878 1490 nostrum
892 1423 1112 1510 Epiphaniam
1135 1426 1222 1510 apud
1243 1426 1449 1491 felicissimam

185 1529 254 1594 Deo
282 1529 412 1593 favente
435 1527 748 1612 Constantinopolim
775 1527 811 1591 iu
835 1518 981 1592 'officium
1006 1527 1147 1593 muneris
1178 1528 1385 1593 sacerdotalis
1410 1552 1449 1593 as

62 1634 351 1724 0p‚131‚sumptum
374 1630 557 1713 pervenisse
580 1629 620 1694 ad
641 1651 700 1693 nos
721 1628 928 1693 fraternitate
949 1632 1056 1693 vestra
1074 1629 1248 1715 referente,
1272 1631 1450 1715 gaudemus;

185 1733 262 1818 quis
290 1732 415 1817 gratim
443 1731 673 1816 quodammodo
702 1731 920 1815 suscipiuntur
947 1729 1083 1814 iudicia,
1118 1752 1201 1816 quae
1232 1733 1450 1818 significaverit

187 1839 296 1900 amata
317 1855 470 1920 persona,
500 1838 533 1898 et
554 1836 646 1897 tanto
668 1832 773 1917 majus
794 1854 853 1917 pro
875 1832 1066 1897 auctoritate
1087 1834 1197 1898 nuntii
1219 1835 1366 1899 nascitur
1385 1857 1450 1920 gau·

190 1937 287 2019 (lium,
311 1938 432 2021 quanto
453 1957 521 1999 non
543 1938 592 1999 est
614 1934 698 2019 quod
721 1933 760 1999 de
782 1934 967 1999 testimonio
989 1934 1179 2019 disputetur.
1223 1935 1277 2001 Sic
1300 1940 1370 2001 erat
1389 1958 1452 2001 cou-

188 2059 314 2124 gruum,
340 2037 496 2102 carissimi
518 2037 623 2120 nobis,
653 2035 732 2122 sio²)
756 2057 790 2100 se
813 2037 898 2102 circa
920 2037 1100 2121 proximum
1123 2037 1309 2121 patefacere
1331 2038 1451 2103 decebat

85 2160 89 2170 “
187 2141 352 2223 affectum,
382 2142 419 2203 ut
445 2160 503 2224 per
524 2160 580 2203 vos
602 2137 669 2202 sedi
696 2137 890 2222 apostolicae
918 2139 1118 2221 innotescat,
1147 2138 1233 2224 quod
1261 2141 1401 2206 moribus
1425 2146 1452 2204 et

187 2242 361 2306 sanctitate
383 2241 539 2326 fulgeret,
568 2240 651 2324 quod
673 2262 773 2325 usque
796 2239 874 2305 adeo
896 2262 930 2305 se
952 2239 1062 2326 oliml)
1090 2241 1202 2325 bonis,
1234 2241 1321 2308 sicut
1346 2246 1380 2308 et
1405 2265 1453 2306 vos

191 2343 350 2426 asseritis,
379 2342 496 2407 imbuit
517 2341 692 2423 institutis,
722 2344 851 2406 utnon
884 2342 928 2406 sit
952 2341 1069 2407 fortius
1094 2343 1201 2407 meriti
1230 2345 1453 2426 testimonium,

188 2446 316 2531 quam⁴)
344 2445 381 2509 in
408 2445 562 2509 honorem
584 2443 758 2508 sacerdotis
785 2442 953 2508 adscitum.
999 2441 1082 2518 Quid
1109 2447 1159 2509 est
1186 2446 1292 2529 enim,
1320 2445 1400 2531 quod
1420 2446 1455 2511 de

188 2570 225 2612 eo
254 2547 411 2612 habeatur
439 2546 641 2631 ambiguum,
677 2546 712 2610 in
739 2567 802 2631 quo
830 2545 869 2608 de
897 2544 990 2609 bonis
1017 2545 1158 2610 moribus
1186 2546 1247 2611 sub
1276 2548 1456 2632 probatione

188 2649 295 2713 factae
333 2647 521 2712 concordiae
557 2651 785 2732 praesuscepta
822 2650 898 2711 sunt
934 2646 1064 2710 divina?
1117 2646 1324 2734 Quapropter
1357 2650 1456 2715 facitis

191 2753 315 2833 sancte,
339 2749 448 2814 facitis
463 2749 622 2835 religiose,
645 2749 755 2813 facitis
769 2749 832 2833 pie,
848 2748 932 2833 quod
946 2748 1075 2813 veritati
1089 2750 1314 2816 testimonium
1327 2751 1457 2817 libenter

188 2851 391 2937 impenditis,
426 2851 510 2935 quod
538 2851 716 2935 praemium
743 2851 825 2915 bene
852 2849 975 2914 meritis
1003 2872 1070 2914 non
1096 2852 1242 2936 negatis,
1277 2854 1354 2939 qnia
1380 2854 1456 2919 mem

188 2937 278 3019 error
299 2957 349 3018 est
371 2957 478 3018 tacere
493 2953 673 3036 veritatem,
697 2953 752 3037 qui
774 2955 824 3016 est
836 2951 928 3016 falsis
943 2951 1104 3036 assistere,
1128 2957 1162 3018 et
1176 2955 1291 3019 eadem
1303 2956 1457 3040 injustitia

189 3061 254 3140 est,
279 3055 306 3120 si
329 3059 467 3140 negetur
488 3055 591 3120 honor
612 3055 754 3119 moribus
775 3053 919 3138 placitis,
949 3059 1117 3139 quaeest,
1143 3056 1171 3120 si
1195 3056 1391 3122 concedatur
1414 3058 1457 3122 in·

189 3158 307 3244 dignis
360 3157 489 3222 Certum
518 3160 581 3240 est,
617 3156 846 3240 amantissimi,
881 3155 1069 3240 participari
1096 3178 1152 3220 vos
1183 3179 1257 3222 cum
1290 3159 1457 3225 sacerdotis

189 3262 337 3326 laudibus
366 3259 542 3343 intimatis,
577 3259 652 3344 quia
684 3259 773 3323 omni
803 3258 1019 3323 fraternitatis
1052 3259 1157 3323 ordini
1190 3261 1456 3343 transcribitauil,

190 3363 274 3448 quod
297 3363 331 3426 in
354 3384 434 3444 uno,
464 3383 557 3446 quem
580 3383 619 3425 ex
640 3361 731 3425 vobis
760 3359 918 3445 elegistis,
947 3381 1016 3426 esse
1044 3359 1202 3425 laudatur.
1249 3361 1339 3428 Deus
1366 3363 1457 3428 omni·

190 3468 321 3550 potens,
357 3463 430 3526 fidei
457 3484 533 3527 suae
562 3484 675 3546 pacem
704 3462 763 3527 sub
790 3463 1005 3547 perpetuitate
1032 3465 1457 3547 conservans,·electionem

192 3564 490 3649 ordinationemque
518 3568 674 3647 veebum,
709 3584 805 3648 quam
832 3563 1061 3629 insinuandam
1088 3563 1156 3628 sedi
1186 3565 1385 3649 apostolicas
1407 3588 1458 3652 per

190 3664 377 3730 Johannem
399 3665 533 3730 fratrem
556 3670 588 3730 at
611 3664 833 3750 coepiscopum
855 3670 1000 3731 nostrum
1021 3687 1081 3730 nec
1096 3687 1163 3730 non
1186 3670 1220 3730 et
1234 3666 1456 3734 Heraclianum

189 3767 412 3851 presbyterum
448 3772 544 3852 atque
574 3768 824 3833 Constantinum
852 3769 1022 3834 diaconum
1048 3768 1131 3833 filios
1158 3773 1288 3834 nostros
1318 3771 1457 3858 religiose

258 3975 278 4038 ³)
296 3971 346 4024 Ed.
372 3974 447 4024 VIII
468 3977 535 4030 Cat:
557 3969 734 4040 corriguntur
752 3988 785 4025 ex
807 3971 862 4025 fide
881 3971 925 4039 G',
943 3971 1021 4042 cujus
1039 3970 1189 4027 lectionem
1208 3989 1330 4042 eaqueus
1348 3973 1458 4045 epistola

193 4057 347 4111 confirmat.
464 4126 468 4134 ⁵

192 4147 239 4195 139
277 4144 297 4209 ¹)
317 4140 402 4210 Cujus
421 4139 552 4194 nimirum
570 4146 613 4194 est
630 4139 756 4210 superior
775 4140 895 4211 epistola
915 4147 970 4196 131.

256 4230 278 4294 ²)
296 4226 330 4284 H.
349 4243 386 4290 e,
410 4224 450 4280 sic
466 4226 589 4279 veebum
607 4225 739 4280 affectum
757 4225 831 4281 cirea
847 4224 1036 4296 Epiphaniam
1058 4227 1219 4297 proximum
1237 4245 1272 4284 ac
1288 4229 1404 4286 trahem
1420 4245 1459 4283 re

189 4311 278 4363 amum
297 4328 326 4364 sc
343 4311 503 4380 patefacere
521 4309 646 4364 decebat.

257 4397 278 4463 ⁸)
296 4394 346 4449 Ed.
358 4415 387 4450 ae
403 4400 507 4450 omnium
526 4398 597 4447 tonia
655 4402 759 4451 meritis.
788 4396 860 4451 Hinc
870 4396 1049 4451 Hormisdam
1067 4397 1147 4467 epistt
1164 4403 1212 4452 131
1232 4417 1260 4454 n.
1274 4407 1300 4469 2,
1319 4399 1367 4456 ubi
1382 4400 1458 4455 habe

189 4497 265 4533 mus:
288 4484 457 4548 Epiphaniam
474 4483 606 4532 virtutibus
625 4492 649 4533 et
667 4486 869 4536 correctionibus
886 4492 912 4534 et
924 4487 1085 4536 praeditatione
1103 4488 1248 4538 diuinam
1259 4491 1392 4553 floream
1401 4495 1457 4541 arri·

185 4574 334 4630 pturarnm.
353 4582 408 4618 non
426 4569 626 4619 correctionibus
644 4565 693 4620 sed
711 4572 833 4621 imitante
850 4565 951 4635 legiase
968 4566 1064 4635 liquet.
1100 4567 1181 4622 Unde
1201 4569 1233 4623 at
1250 4569 1389 4628 incertum
1405 4586 1457 4626 eva

190 4648 243 4715 dit,
262 4650 355 4703 utrum
372 4647 569 4718 interpretatio
588 4650 749 4718 praedictae
762 4649 897 4721 epistolae
912 4658 972 4719 131,
991 4668 1063 4721 quae
1082 4651 1118 4706 sd
1130 4670 1182 4707 nos
1193 4656 1342 4724 pervenit,
1360 4673 1393 4713 ea
1405 4655 1457 4726 ipsa

190 4733 289 4800 fuerit,
308 4750 365 4802 qua
381 4733 531 4788 Hormisda
548 4750 613 4788 usus
632 4736 683 4789 est.

257 4821 277 4885 ⁴)
296 4817 422 4872 Planius:
442 4839 514 4888 quan
532 4825 601 4889 praed
617 4841 634 4874 n
652 4825 721 4875 uotis
737 4827 764 4874 tn
782 4825 901 4876 tenorem
917 4827 1062 4878 scandetis
1080 4833 1119 4877 en
1136 4829 1276 4879 amcam.

258 4905 278 4969 ¹¹)
297 4901 331 4977 (ξ’
346 4905 371 4956 a'
391 4908 602 4961 transcribantur.
638 4905 704 4960 Mox
722 4905 765 4961 etl.
784 4913 820 4961 ita
838 4918 863 4961 et
881 4912 994 4962 omnium.
