3224 5506
599 400 770 452 snsrons
795 389 844 447 11.
1089 447 1093 454 ,
1294 382 1358 451 255

104 557 239 639 tentiam,
266 578 345 641 quae
373 555 407 620 in
434 556 588 621 Acacium
615 556 871 640 perturbatorem
898 555 997 618 totius
1031 554 1173 619 Orientis
1204 557 1356 625 ecelesiae
1369 544 1463 617 alst

10 742 12 747 Ι
99 660 183 723 dieta
208 664 261 742 est,
295 658 345 722 his
373 680 496 743 queque
524 648 617 723 nune'
639 659 754 722 iterum
783 657 972 743 congregati
997 658 1212 743 adjicimus¹²)
1240 660 1357 726 litteris

10 762 12 767 ’
90 765 296 825 memoratam
318 760 481 826 subdendo
504 757 708 843 sententiam,
732 783 827 845 quam
849 759 970 843 placuit
993 782 1050 843 per
1071 760 1189 825 Tutum
1212 762 1355 827 defenso-

85 885 158 927 rem
181 864 328 927 eeelesiae
351 863 471 927 Aeacio
493 862 599 947 dirigi,
628 886 669 927 ne
700 862 841 926 volentes
870 861 967 946 aliqui
994 846 1254 927 circumscribere
1276 867 1355 929 veri-

80 968 205 1048 tatem,
242 964 484 1049 malignissimis
518 965 745 1028 blandimentis
781 963 989 1047 simpliciores
1019 986 1158 1047 quosque
1188 966 1353 1030 seducant.

74 1065 172 1129 Nam
200 1067 228 1129 si
254 1069 340 1130 terra
367 1065 510 1150 marique
537 1066 720 1130 orthodoxis
749 1088 814 1129 non
842 1075 1037 1149 ponerentur
1057 1067 1202 1147 insidiae,
1226 1067 1355 1150 plurimi

71 1190 117 1230 ex
141 1168 242 1231 nobis
264 1190 335 1232 curn
358 1169 469 1232 eadem
492 1169 649 1255 eontra¹³)
673 1169 828 1232 Acacium
851 1168 1011 1231 sententia
1032 1168 1141 1231 venire
1164 1170 1353 1251 potuissent.

69 1269 179 1334 Unde
201 1293 288 1334 nunc
311 1293 407 1335 eausa
421 1270 643 1334 Antiochense
654 1271 692 1356 Η)
715 1270 867 1334 eeclesiae
890 1270 973 1353 apud
996 1270 1214 1333 beatissimum
1225 1270 1356 1334 Petrum

64 1373 266 1455 apostolum
288 1372 424 1456 collecti,
448 1395 574 1436 rursum
597 1372 761 1436 dilectioni
783 1375 907 1435 vestrae
922 1373 1100 1455 rnorem¹⁵l,
1124 1374 1178 1454 qui
1198 1374 1281 1455 apud
1296 1395 1355 1436 nos

62 1494 212 1559 semper
235 1474 385 1557 obtinuit,
409 1475 651 1559 properavimus
665 1474 818 1537 indicare.
864 1473 1017 1548 Quotiens
1040 1473 1126 1536 intra
1141 1472 1270 1536 ltaliam
1284 1497 1355 1557 pro-

58 1579 148 1659 pter
178 1574 414 1640 ecclesiasticas
437 1598 560 1658 causae,
584 1576 755 1659 praecipue
778 1576 862 1658 fidei,
888 1575 1084 1658 colliguntur
1101 1573 1229 1637 Domini
1253 1597 1355 1639 saeer-

57 1677 183 1759 dotes,
209 1678 404 1742 eonsuetudo
426 1678 592 1760 retinetur,
617 1681 652 1740 ut
674 1700 838 1742 successor
860 1676 1040 1760 praesulum
1062 1676 1354 1758 sedisapostolicae

57 1801 105 1843 ex
132 1800 282 1863 persona
304 1783 492 1844 cunctorum
513 1781 611 1844 tritius
634 1779 747 1843 Italiae
773 1780 972 1843 sacerdotum
993 1779 1085 1861 juxta
1108 1777 1354 1842 sollicitudinem

56 1881 132 1944 sibi
154 1880 368 1945 ecelesiarum
382 1881 588 1946 *omnibus
605 1885 839 1964 competentem
855 1885 971 1945 cuncta
987 1880 1172 1961 constituat,
1189 1880 1242 1963 qui
1259 1885 1506 1963 eaput*l.ouutum
1567 1902 1579 1920 ’

56 1988 118 2047 est
151 1983 311 2066 omnium,
341 1982 480 2048 Domino
509 1984 548 2045 ad
582 1982 711 2046 beatum
733 1982 864 2047 Petrum
889 1983 1032 2046 dicente:
1067 1985 1113 2045 Tu
1134 2003 1165 2044 cs
1184 1988 1301 2060 I’ctrus,
1326 1997 1355 2046 et
1365 1972 1464 2094 {13²3

55 2108 174 2167 super
203 2090 285 2149 tanc
306 2097 429 2166 petram
460 2091 628 2154 aedificato
652 2072 818 2150 Ecclesium
846 2105 951 2162 meanz,
982 2098 1011 2147 et
1032 2095 1145 2162 portae
1172 2087 1268 2160 inseri
1293 2106 1352 2148 non
1406 2082 1412 2105 ’
1453 2083 1458 2093 '

50 2191 300 2268 praevalebunt
327 2194 472 2252 aduersus
498 2209 574 2251 curn.
619 2186 720 2261 Quam
749 2208 857 2249 vocem
886 2189 1053 2269 sequentes
1081 2186 1216 2248 trecenti
1245 2187 1354 2248 decem

58 2294 98 2353 et
116 2293 204 2353 octo
220 2287 326 2351 sancti
342 2291 448 2371 patres
464 2288 548 2371 apud
563 2288 718 2352 Nicaeam
734 2288 933 2372 congregati,
959 2288 1233 2350 confirmationem
1248 2309 1354 2351 rerum

58 2398 179 2477 atque
207 2388 432 2454 auctoritatem
462 2395 593 2454 sanctae
616 2390 781 2454 Romanae
810 2380 1229 2476 ecelesiaecletiilen111t¹⁰):
1257 2411 1353 2473 quam

141 2666 179 2732 ¹²)
198 2665 225 2716 a¹
247 2665 403 2721 adducimus.
422 2660 456 2715 G¹
476 2662 509 2729 (si
527 2664 601 2716 reete
618 2662 748 2732 legimus)
767 2669 902 2725 odulinum,
923 2662 994 2715 unde
1013 2668 1146 2730 arljicimus
1163 2679 1215 2732 pro
1234 2662 1354 2731 genuina

58 2750 197 2804 lectione
217 2744 415 2801 derivavimus.
442 2746 502 2801 Hoc
520 2749 613 2802 autem
633 2749 717 2802 verbo
736 2748 865 2802 restituto
884 2750 913 2800 et
930 2749 1038 2801 mutatu
1051 2747 1273 2816 interpunctione
1285 2747 1354 2800 nihil

55 2836 125 2904 jam
147 2830 310 2896 orationis,
329 2847 400 2897 quae
418 2832 483 2885 ante
500 2832 600 2886 mutila
617 2832 779 2898 ridebatur,
802 2831 960 2901 integritati
977 2832 1074 2885 deerit.
1113 2831 1257 2900 Significat
1274 2848 1353 2899 syuo-

58 2921 131 2983 dns,
153 2933 188 2971 se
207 2915 342 2970 eamdem
360 2914 401 2968 his
418 2915 518 2970 litteris
536 2917 686 2986 subjecisse
709 2917 889 2983 sententiam,
912 2935 995 2985 quum
1018 2916 1126 2984 pridem
1145 2916 1233 2969 Tutus
1252 2916 1353 2970 Acacio

59 3002 246 3074 pertulerat.
266 3030 302 3038 -
319 2998 384 3053 Mox
402 3000 436 3053 G¹
455 3000 560 3055 omittit
578 3023 651 3071 quam
670 3004 746 3069 (ante
763 3005 878 3070 placuit).

136 3090 176 3155 ¹³)
195 3086 246 3140 Ita
263 3085 309 3157 (ἶς’.
344 3083 425 3153 Vulg.
446 3092 533 3140 ecdem
553 3093 645 3141 Aeacii
660 3093 787 3141 sententia
862 3092 958 3140 beatiam
979 3092 1088 3142 Petrum.

137 3175 176 3241 ¹⁸)
196 3169 280 3235 Quae
299 3170 371 3222 esset
388 3184 460 3224 nova
477 3169 526 3224 illa
537 3170 728 3225 Antiochense
746 3172 878 3225 eeclesiae
891 3190 983 3237 eausa,
1001 3190 1026 3224 n.
1039 3179 1054 3225 5
1068 3171 1228 3240 explicatur,
1247 3171 1353 3224 scilieet

58 3257 212 3314 Acacium
232 3254 325 3323 ejecto
345 3252 506 3308 Calendioni
523 3255 653 3325 episeopo
673 3256 809 3310 catholico
828 3256 941 3311 Petrum
959 3256 1101 3309 Fullouem
1125 3256 1290 3324 subrogasse
1312 3255 1351 3308 in-

58 3346 179 3397 famem
201 3336 385 3393 haeretieum.
420 3337 471 3392 His
489 3342 583 3393 autem
602 3340 765 3406 rationibus,
784 3341 884 3409 quibus
902 3341 1022 3410 synodus
1036 3341 1205 3394 Graecorum
1223 3344 1352 3409 expostu-

58 3426 243 3490 lationibus,
261 3423 336 3491 quod
352 3440 370 3477 a
386 3422 444 3478 solo
461 3423 553 3479 Felice
572 3424 720 3480 damnatus
739 3428 813 3479 esset
830 3426 955 3492 Aeacius,
977 3425 1137 3479 satisfacere
1156 3425 1263 3490 nititur,
1282 3425 1351 3478 abas

59 3512 176 3583 adjicit
193 3508 327 3563 Gelasius
344 3508 422 3578 epist.
435 3513 469 3562 26
486 3527 513 3564 n.
528 3516 567 3563 14.

138 3601 177 3663 ¹⁵)
198 3594 240 3648 G¹
258 3615 347 3655 mares,
363 3593 439 3664 vulg.
458 3615 535 3661 more,
555 3594 633 3648 unde-
645 3613 696 3650 nos
713 3616 805 3650 morem
822 3596 1001 3650 restituimus.

138 3686 177 3749 ¹⁸)
197 3679 238 3733 G¹
258 3684 398 3733 detulerunt
421 3700 468 3749 que
542 3687 620 3734 omnis
640 3685 743 3743 Christi,
771 3682 911 3736 mendose.
953 3683 994 3736 Ea
1017 3681 1129 3748 (pridem
1151 3683 1275 3750 potestas
1297 3681 1351 3735 Ro·

59 3782 157 3822 mano
178 3762 311 3836 pontifici
326 3766 358 3817 ut
373 3764 589 3835 metropolitano
606 3765 634 3818 in
653 3766 804 3820 Urbieariis
822 3766 970 3835 provinciis
989 3767 1152 3820 attribuitur
1171 3767 1286 3821 coneilio
1304 3767 1350 3820 Ni·

61 3869 163 3908 ffleno
184 3866 211 3904 o.
225 3854 246 3901 4
261 3847 303 3903 his
319 3849 420 3903 vorbis:
445 3854 563 3904 Potestas
580 3871 641 3904 sanc
658 3859 699 3904 uel
715 3859 872 3918 confirmatio
890 3856 1028 3919 pertinebit
1051 3872 1099 3920 per
1117 3858 1228 3920 stapulas
1245 3859 1349 3919 prouin-

60 3945 123 3992 cias
143 3941 187 3990 ad
205 3940 431 4003 metropolitanum.
467 3933 523 3988 Sed
541 3951 574 3988 cx
592 3935 729 4005 adjunctis
751 3935 796 3989 hic
814 3936 955 4005 quoddam
977 3936 1116 4005 singulare
1138 3937 1351 4005 privilegiuma

62 4020 187 4093 synodo
206 4018 261 4072 ills
275 4018 416 4074 Romanae
434 4019 566 4075 eeclesiae
584 4019 709 4075 delatum
728 4021 855 4075 denotari
873 4021 1021 4090 colligitur,
1041 4021 1116 4089 quod
1133 4020 1234 4074 litteris
1252 4021 1288 4074 ad
1301 4021 1350 4072 Sil·
1416 4018 1425 4025 ”

61 4112 206 4163 restrum
229 4103 339 4174 seriptis
359 4120 450 4174 neque
476 4104 559 4159 hodie
586 4105 758 4159 exstantibus
786 4123 947 4176 expressum
973 4106 1057 4160 fuisse
1084 4105 1261 4175 suspicamur.
1307 4105 1350 4158 Ad

64 4193 180 4248 harum
197 4188 325 4260 ipsarum
342 4188 527 4244 imitationem
544 4190 616 4244 forts
635 4191 735 4244 artifex
752 4191 781 4244 in
799 4191 976 4261 supposititia
997 4191 1046 4244 illa
1067 4190 1186 4259 epistola
1208 4191 1263 4256 (Ps.
1283 4190 1347 4242 Silr.

64 4278 157 4350 epist.
175 4282 209 4330 12
228 4274 259 4328 iu
276 4273 367 4329 Coust.
386 4292 429 4345 sp.
442 4275 522 4328 Rom.
539 4275 615 4343 pont.
630 4275 781 4345 Appendl
799 4294 864 4345 pag.
879 4281 922 4345 53)
940 4276 1077 4329 Nicaenos
1098 4278 1194 4343 patres
1217 4275 1253 4327 acl
1276 4292 1349 4327 eum·

64 4362 137 4419 dem
155 4362 202 4416 ita
212 4357 375 4431 pontificem
386 4358 494 4413 induxit
505 4359 671 4414 scribentes:
691 4365 764 4425 Quod
781 4373 864 4415 autem
881 4367 1052 4416 constituimus
1070 4368 1094 4413 iu
1108 4366 1213 4414 concilio
1225 4365 1347 4423 il'icueuu,

60 4467 229 4518 precam,
252 4457 279 4498 ut
300 4451 381 4500 uestri
401 4451 455 4500 oris
476 4451 605 4500 consortio
619 4452 791 4513 confirmetur.
828 4446 883 4499 Sed
906 4449 935 4500 et
957 4448 1021 4500 ante
1038 4445 1190 4498 Nicaeuam
1213 4445 1348 4513 synodum

64 4531 202 4604 episcopi
214 4528 330 4584 Arelate
348 4529 518 4599 congregati,
536 4532 653 4600 etpost,
672 4530 720 4600 qui
732 4530 863 4585 Sardieae
882 4533 1077 4595 convenerant,
1097 4528 1232 4597 quidquid
1250 4530 1349 4584 eonsti-

66 4619 198 4682 tuerant,
223 4614 299 4669 Jalio
317 4613 490 4669 etSilrestro
508 4615 662 4670 retulerunt
680 4616 744 4684 (rid.
763 4615 828 4670 Silr.
847 4616 926 4685 epist.
942 4624 957 4669 ⁴.)
981 4618 1009 4670 et
1025 4616 1078 4669 Jul.
1099 4615 1177 4683 epist.
1194 4619 1228 4683 3).
1263 4615 1347 4670 Forte

66 4703 161 4757 etiam
172 4699 223 4755 hie
234 4700 409 4754 memoratur
421 4700 588 4755 consuetudo
605 4700 636 4753 in
647 4699 771 4754 Nicaena
788 4700 893 4769 synodo
907 4719 928 4754 e.
940 4708 955 4754 6
974 4701 1144 4766 confirmata,
1162 4718 1218 4768 qua
1229 4701 1348 4755 Romani

42 4778 216 4858 ‘pontificis
234 4784 273 4840 ad
292 4783 382 4838 instar
397 4784 563 4854 potestatem
585 4784 615 4838 in
636 4785 729 4855 plures
751 4784 907 4854 provincias
924 4785 1110 4839 Alexandrino
1129 4788 1157 4838 et
1175 4785 1347 4840 Antiocheno

65 4871 250 4928 antistitibus
271 4868 412 4923 attribuit.
447 4868 514 4937 Ejus
537 4872 630 4924 autern
652 4870 868 4934 consuetudinis,
892 4888 975 4936 quam
995 4889 1066 4925 nuuc
1083 4871 1211 4926 Romana
1228 4871 1347 4940 synodus

64 4958 207 5028 explieat,
228 4952 394 5023 exemplum
410 4952 543 5008 habemus
560 4954 588 5008 in
605 4954 671 5009 lulii
689 4955 767 5025 epist.
784 4963 795 5008 1
816 4975 840 5008 u.
855 4964 879 5008 8.
977 4971 984 4977 ·
