3204 5506
463 341 663 391 raacrarus
686 345 719 390 r.
743 345 790 390 vr.
1196 327 1259 394 599

99 517 171 560 rum
193 495 296 560 omnis
319 495 520 561 Christianus
542 496 705 561 Ecclesiae
727 501 785 579 est,
814 500 1032 581 competenter
1053 497 1169 564 debeat
1190 500 1258 564 vin-

98 647 104 660 .
132 596 238 662 Tanti
261 599 346 662 enim
368 597 527 682 sacrilegii
550 598 653 681 majus
676 603 725 663 est
747 600 878 681 crimen,
902 602 1022 684 quanto
1045 602 1173 667 animae
1195 602 1258 667 for·

99 719 115 762 o
136 699 228 783 pejor
249 703 298 764 est
320 700 474 784 eorporis;
502 722 578 763 nam
599 722 656 783 per
679 701 805 766 animae
827 701 1074 767 fornicationem
1096 703 1136 767 ab
1159 703 1258 787 ipsius

99 800 303 885 injunctione
329 802 512 884 disceditur,
543 805 638 886 atque
666 803 707 867 acl
734 803 914 868 immundos
944 804 1074 887 spiritus
1104 805 1259 890 spiritalis

99 902 143 967 rii
164 924 284 988 genere
305 904 473 968 transitur.

101 1055 107 1068 .
140 1003 303 1080 Quomodo
325 1009 432 1070 autem
453 1029 519 1070 non
541 1006 574 1070 in
582 1007 609 1091 ²)
631 1005 717 1071 hane
739 1012 863 1091 partem
881 1008 1006 1091 recidit,
1031 1009 1085 1093 qui
1107 1031 1204 1094 quum
1226 1032 1259 1074 se

99 1106 214 1171 lanum
236 1107 336 1171 rideri
359 1108 436 1172 velit
458 1112 490 1172 et
513 1109 701 1192 profiteatur
722 1112 756 1172 et
777 1109 873 1193 dicat,
897 1110 1004 1194 palam
1025 1114 1135 1175 tamen
1157 1112 1259 1195 publi-

116 1209 302 1293 praedicare
331 1232 396 1274 nou
429 1210 573 1292 horreat,
608 1231 674 1273 non
701 1210 859 1295 refugiat,
891 1235 956 1276 non
989 1215 1156 1296 pavescat:
1189 1212 1259 1277 ideo

99 1333 119 1375 s
141 1311 249 1396 gigni,
285 1312 359 1394 quia
382 1313 549 1376 daemonia
576 1333 643 1375 non
667 1310 827 1396 colantur,
858 1318 890 1378 et
918 1314 977 1377 deo
999 1313 1172 1378 Februario
1193 1336 1260 1378 non

99 1435 103 1448 ·
123 1411 163 1498 l?
196 1412 308 1495 Video,
327 1413 380 1477 ubi
398 1413 478 1478 haec
496 1412 707 1476 deliramenta
731 1415 957 1501 conceperit⁴).
993 1414 1154 1491 Quomodo
1169 1437 1259 1500 prae-

100 1518 152 1578 tor
180 1536 245 1578 nou
273 1519 336 1598 est,
375 1515 429 1599 qui
461 1515 495 1578 in
528 1514 587 1578 has
616 1515 834 1598 blasphemiae
860 1517 1075 1601 profanitates
1102 1518 1260 1582 incurrit?

99 1616 155 1680 edo
178 1616 353 1702 sacrilegus
381 1639 447 1681 non
470 1618 670 1700 aestimetur,
705 1619 760 1702 qui
788 1619 936 1702 abjurata
958 1619 1052 1683 unius
1075 1619 1136 1683 Dei
1157 1621 1259 1704 prori-

99 1766 101 1778 .
124 1723 157 1783 et
179 1721 348 1802 potestate,
372 1740 467 1802 quarn
482 1719 646 1783 confessus
662 1723 720 1802 est,
744 1720 784 1784 ad
799 1720 998 1804 prodigiosas
1017 1722 1260 1805 superstitiones

99 1843 136 1883 ra
163 1819 320 1904 figmenta
347 1820 531 1885 seducitur?
578 1819 758 1885 Secundum
791 1824 970 1906 apostolum
998 1823 1094 1908 longe
1122 1823 1259 1888 deterius

100 1943 219 2006 ureque
242 1923 452 2005 damnandae,
477 1921 655 1986 confessam
678 1923 846 1987 veritatem
867 1924 1021 2006 deserere,
1051 1947 1148 2009 quam
1176 1927 1203 1989 si
1225 1927 1260 1990 in
1309 1931 1312 1937 ’
1363 1969 1367 1975 -

99 2023 269 2087 [ullatenus
292 2024 486 2088 credidisset.
531 2023 682 2098 Quamvis
710 2024 795 2088 enim
825 2024 995 2089 ridiculosa
1017 2028 1083 2090 sint
1104 2028 1260 2111 figmenta

100 2126 260 2210 proferat,
295 2128 404 2190 tamen
431 2127 499 2211 ipse
527 2126 659 2189 affectus
682 2129 715 2189 et
735 2124 883 2190 voluntas
910 2127 945 2190 in
975 2127 1106 2192 crimine
1129 2132 1192 2209 est,
1228 2132 1261 2192 et

100 2228 148 2291 sio
177 2249 214 2291 ae
241 2227 437 2311 praedicatio
461 2228 533 2312 jure
562 2227 758 2310 damnanda3
796 2249 833 2290 ac
861 2249 918 2311 per
946 2227 1006 2291 hoe
1028 2229 1138 2312 quiin
1162 2230 1260 2293 alium

100 2330 188 2393 itiam
210 2329 426 2394 damnationis
448 2330 517 2393 vult
538 2330 607 2393 sine
629 2329 782 2393 dilatione
790 2331 816 2414 5)
839 2331 990 2415 proferri,
1020 2330 1055 2394 in
1077 2352 1139 2415 quo
1162 2331 1260 2395 alium

99 2434 123 2514 t,
148 2432 354 2516 semetipsum
375 2454 409 2495 se
433 2432 643 2496 condemnare
667 2443 850 2516 cognoseat.
1132 2434 1137 2445 '

101 2582 108 2597 .
147 2532 310 2618 Numquid
332 2534 417 2597 enim
441 2534 586 2617 pontifex
615 2533 776 2597 vindicare
804 2533 899 2598 debet
927 2536 962 2599 in
990 2556 1058 2618 eos,
1088 2535 1142 2619 qui
1172 2534 1259 2598 adul-

100 2657 109 2698 1
132 2635 296 2719 corporale
319 2635 534 2717 committunt,
558 2636 646 2698 etin
669 2656 731 2717 eos,
756 2635 810 2719 qui
833 2636 1047 2721 sacrilegium,
1071 2635 1104 2699 id
1127 2638 1176 2699 est
1196 2637 1259 2699 for·

100 2758 188 2802 onem
211 2738 244 2799 et
266 2736 457 2823 adulterium
478 2737 661 2821 spirituale,
691 2741 825 2822 gerunt,
855 2760 922 2802 non
949 2739 1045 2803 debet
1072 2737 1260 2802 vindicare?

100 2840 192 2923 eipse
209 2837 374 2922 Dominus,
399 2861 496 2922 quum
512 2839 655 2902 adultera
678 2839 717 2903 ad
740 2862 812 2903 eum
834 2843 919 2904 esset
934 2840 1081 2921 adducta,
1107 2861 1259 2903 accusan-

102 2941 197 3004 dixit:
226 2945 261 3005 Si
281 2950 348 3022 quis
369 2952 496 3007 vestrum
518 2948 583 3005 sine
602 2954 727 3021 peccato
749 2953 806 3017 est,
830 2949 951 3022 primus
978 2949 1008 3005 in
1037 2962 1102 3004 com
1125 2945 1259 3020 lapidem
1272 2951 1394 3017 lohes.

100 3044 115 3105 ‘l
147 3042 222 3107 Non
238 3043 298 3108 ait:
320 3052 432 3124 siquis
454 3055 582 3107 vestrum
604 3064 664 3107 noa
685 3050 822 3107 simililer
844 3048 967 3106 adulter
981 3055 1038 3115 est;
1061 3042 1132 3105 sed:
1154 3049 1182 3105 sl
1195 3050 1261 3120 qua

100 3157 201 3209 ceculo
223 3158 275 3210 est.
311 3145 459 3221 Quolibet
482 3166 558 3230 ergo
581 3145 752 3208 obstrictus
775 3145 908 3227 quisque
930 3146 1062 3226 peccato
1077 3145 1112 3207 in
1129 3143 1259 3206 alterius

100 3247 118 3310 zi
145 3268 235 3310 reum
263 3248 401 3331 lapidem
429 3269 496 3310 non
525 3247 639 3309 audeat
672 3247 809 3309 mittere.
860 3243 981 3320 Quibus
1009 3248 1087 3308 tunc
1114 3265 1173 3327 pro
1201 3266 1259 3307 sua

103 3350 191 3413 entia
213 3349 449 3412 discedentibus
477 3347 587 3411 mundi
611 3346 757 3411 Salvator
786 3346 919 3428 adjecit:
953 3351 1084 3427 Mulier,
1114 3350 1164 3410 ubi
1189 3357 1409 3425 contionale.

100 3463 185 3515 dores
207 3456 271 3515 tul?
309 3456 402 3514 Nemo
424 3464 452 3514 le
474 3455 706 3514 condemnavit?
744 3453 807 3512 Nec
828 3469 884 3526 epo
906 3459 935 3512 lc
956 3453 1179 3521 corrdemuulo;
1206 3455 1260 3513 sed

111 3558 237 3616 ulterica
253 3559 321 3631 jum
344 3559 408 3616 noll
423 3573 567 3631 peccare.
613 3549 716 3614 Tenes
739 3553 772 3613 et
792 3550 922 3632 teneris,
951 3571 1048 3634 urges
1070 3553 1102 3614 et
1124 3551 1257 3635 urgeris,

101 3654 167 3739 igis
190 3656 223 3717 et
244 3653 469 3738 obstringeris3
491 3653 652 3737 pontificis
675 3651 904 3716 discussionem
926 3651 1056 3737 flagitas
1071 3651 1259 3717 vindictam-

101 3873 133 3927 [Ἠ
152 3874 240 3928 omitt.
261 3880 294 3928 in.
324 3874 388 3928 Mox
401 3875 434 3928 G¹
452 3878 601 3942 publiceque
619 3878 783 3943 suppliceque
798 3879 968 3942 praedicare,
988 3875 1121 3943 corrupta
1134 3874 1259 3942 ejusdem

101 3959 265 4029 epetitione.

101 4047 125 4098 b'
145 4048 244 4098 libetur.
276 4044 388 4099 Rectius
407 4046 433 4098 a¹
453 4049 553 4098 litetur:
571 4042 646 4111 quod
663 4044 779 4097 verbum
797 4045 826 4098 et
841 4045 916 4098 infra
933 4050 986 4098 n.5
1004 4042 1156 4113 repetitum
1173 4042 1259 4096 visuri

124 4131 216 4184 Antea
234 4129 322 4198 magis
341 4129 478 4184 arrideret
494 4135 542 4182 deo
560 4132 674 4184 Februo:
693 4144 710 4181 a
727 4146 782 4197 quo
802 4128 906 4183 seilicet
923 4128 1091 4183 Februarius
1104 4127 1204 4182 mensis
1216 4131 1260 4181 est

102 4217 172 4269 atris.
209 4213 248 4268 Ut
270 4213 343 4267 cuim
365 4214 535 4282 Augustinus
558 4215 655 4267 eontra
677 4213 811 4266 Faustum
837 4213 855 4266 l.
875 4219 906 4268 18
924 4231 945 4267 e.
966 4219 982 4266 ὁ
1001 4213 1094 4276 docet,
1117 4217 1259 4266 aFebruir

101 4306 260 4367 >opereat-um
278 4298 495 4368 appellationem
512 4298 557 4352 hie
575 4298 677 4352 mensis
695 4298 810 4352 sortitus
830 4299 883 4364 est,
903 4296 968 4364 quia
980 4296 1118 4362 nimirum,
1136 4299 1167 4349 ut
1184 4296 1259 4351 idem

101 4387 116 4438 t.
136 4384 189 4438 Dei
207 4384 254 4437 1.7
274 4390 324 4437 cl
343 4385 439 4437 auctor
458 4386 511 4448 ost,
535 4383 563 4435 in
582 4399 615 4437 eo
635 4389 665 4451 fil
683 4403 782 4437 socrum
799 4388 986 4450 purgatorium,
1011 4388 1079 4450 quod
1101 4393 1191 4435 vorant
1209 4387 1258 4436 Fe·

120 4469 261 4524 Februum
278 4468 346 4521 illud
363 4471 579 4538 purgamentum
597 4466 687 4521 Varro
706 4467 753 4520 lib.
773 4473 789 4521 5
807 4467 841 4520 de
860 4465 948 4520 latina
964 4464 1062 4533 lingua
1078 4465 1185 4535 pariter
1202 4484 1258 4521 me·

115 4571 149 4609 ex
167 4572 222 4622 quo
240 4553 325 4607 ritum
343 4553 419 4606 illum
438 4571 454 4607 a
473 4552 583 4606 Sabinis
602 4552 639 4606 ad
656 4553 797 4606 Romanos
815 4551 962 4605 advectum
979 4549 1062 4604 fuisse
1075 4550 1223 4619 colligitur.
1331 4577 1334 4580 >

101 4640 142 4693 lla
157 4639 196 4692 b¹.
226 4639 265 4691 At
282 4638 316 4692 G¹
330 4641 355 4691 u¹
370 4644 528 4706 competeril,
548 4640 624 4691 c⁷e¹⁰
641 4643 804 4705 compererit.
835 4634 965 4705 Superius
982 4640 1159 4703 Virlenquam
1177 4640 1258 4690 l’ideo

101 4742 147 4777 ius.

103 4808 160 4863 Hoc
182 4809 285 4862 dietum
307 4811 348 4862 cst
371 4810 468 4862 contra
491 4825 550 4874 ees,
578 4808 624 4875 qui
651 4807 780 4861 clericum
803 4808 964 4860 accusatum
989 4805 1065 4865 uulla
1091 4805 1259 4880 interposita

102 4909 144 4947 ree
160 4893 286 4964 legitimo
301 4894 407 4962 judicio
427 4895 589 4964 exspectato
607 4891 733 4946 damnari
751 4891 891 4947 volebant.
