3204 5506
611 364 782 414 nrrsroun
805 355 836 412 4.
1301 353 1362 420 185
1393 444 1395 449 Ι

64 524 173 585 atores
198 519 340 608 pariter
361 522 396 584 et
410 540 568 604 sequaces.
604 518 806 603 Quapropter
820 519 906 583 inter
920 522 969 583 tot
983 521 1113 604 formas,
1137 544 1220 606 quae
1235 527 1361 588 erectae
1374 551 1399 588 a.
1410 539 1468 588 tto.

64 624 154 704 sunt,
186 621 416 706 praedicandi
436 644 502 686 non
524 621 698 686 assertione
720 643 804 685 nova
826 622 881 686 scd
904 620 1088 687 constantia
1109 624 1277 688 nitendum
1299 629 1358 691 est.

152 724 189 788 3.
229 722 316 788 Jam
340 724 510 808 probatum
531 726 589 800 est,
612 723 688 807 quid
710 722 849 787 Domino
872 747 926 788 vos
945 725 1081 808 juvante
1104 727 1300 810 profecerint
1315 729 1359 792 la·

65 825 162 889 bores
187 825 315 909 vestri3
346 825 415 890 Deo
436 825 573 910 placitus
594 824 719 890 fructus
741 826 891 908 ostendit,
916 826 1043 910 spirando
1066 828 1135 911 ejus
1157 827 1285 892 domum
1307 851 1358 894 vo-

65 926 115 990 bis
138 926 425 1014 obsistentibus⁸)
447 927 566 993 latroni
595 927 728 993 introire
753 949 819 992 non
841 929 941 1012 licuit,
971 929 1035 1013 qui,
1066 930 1229 994 nonnullis
1251 953 1359 995 occsur-

66 1030 223 1095 rentibus
248 1030 327 1114 sibi,
359 1030 497 1094 latentes
519 1029 623 1095 adhuc
645 1031 781 1095 forsitan
804 1032 852 1094 sui
875 1031 995 1094 similes
1017 1032 1238 1118 publicarat).
1284 1032 1358 1097 Non

67 1132 158 1196 enim
178 1133 379 1217 junguntur
399 1133 485 1198 bona
504 1132 662 1217 pessimis,
685 1136 774 1196 reeta
789 1132 956 1216 perversio,
980 1154 1041 1196 ncc
1055 1136 1190 1217 possunt
1205 1135 1359 1199 saluteris

67 1232 157 1298 coire
189 1256 273 1298 cum
300 1235 423 1318 noxiis3
450 1234 525 1318 quia
553 1235 617 1298 luci
645 1235 824 1299 communio
847 1235 935 1298 nulla
964 1257 1034 1299 cum
1057 1235 1198 1299 tenebris
1229 1258 1289 1300 neo
1312 1237 1358 1300 in-

66 1335 158 1399 fideli
183 1336 301 1420 portio
325 1358 397 1401 cum
419 1335 516 1401 fideli.
557 1335 651 1400 llndc
673 1337 852 1401 necessario
875 1337 1097 1401 damnatorum
1121 1337 1360 1402 comitabuntur
1427 1347 1432 1354 '

66 1436 217 1521 exitum,
257 1437 316 1522 qui
345 1438 458 1502 talium
486 1437 633 1523 delegere
657 1439 860 1522 consortium,
895 1439 958 1502 nisi
986 1439 1069 1503 forte
1097 1439 1358 1523 resipiscentibus

64 1539 206 1622 aninrirs,
232 1543 272 1604 et
286 1540 424 1604 maxime
446 1541 501 1624 qui
523 1561 626 1625 nuper
647 1540 773 1625 decepti
788 1544 873 1623 sunt,
897 1540 1052 1623 videntes,
1076 1541 1111 1604 in
1125 1562 1207 1625 quae
1222 1541 1359 1625 abrupta

62 1646 144 1707 sunt
176 1642 296 1725 ducti,
333 1641 373 1706 ad
401 1642 603 1727 splendorem
624 1664 718 1707 verae
740 1642 815 1706 fidei
842 1642 984 1707 discussa
1013 1643 1182 1707 conferant
1210 1665 1244 1707 se
1274 1644 1358 1707 nube

59 1744 266 1809 mendacii:
290 1743 374 1829 quod
389 1734 584 1828 apostolicae
606 1744 689 1809 sedis
711 1745 832 1829 pietate
848 1749 885 1809 ut
899 1744 1066 1829 provenire
1081 1746 1183 1828 possit
1197 1748 1355 1829 optamus,

60 1847 143 1932 quia
171 1854 280 1913 vitam
302 1852 335 1912 in
356 1851 477 1912 Domini
496 1853 649 1913 eduntote
671 1847 903 1932 cognoscimus.
1370 1831 1470 1954 pff·

152 1950 193 2014 4.
245 1948 304 2013 Ad
332 1947 632 2013 christianissimum
661 1971 784 2034 quoque
812 1949 991 2033 principem
1018 1951 1068 2013 vel
1097 1949 1138 2013 ad
1164 1951 1298 2014 fratrom
1326 1953 1359 2014 et
1429 1923 1464 1966 '³'

55 2050 314 2136 coepiscopum
336 2051 489 2137 meum'l)
513 2051 668 2116 Acacium
691 2052 907 2136 competentia
928 2052 1022 2116 simul
1038 2051 1158 2133 scripta
1172 2050 1356 2135 direximus,

54 2154 161 2237 cujus
189 2152 420 2218 accusandum
441 2153 605 2218 silentium
626 2176 692 2219 non
714 2157 874 2237 putamus,
903 2155 977 2238 quia
1005 2154 1143 2217 scientes
1171 2154 1267 2217 fidem
1288 2175 1358 2236 pro

55 2255 242 2321 bartssimi
274 2254 460 2338 sacerdotis,
490 2260 612 2319 certum
639 2259 795 2337 tenemus,
825 2278 916 2319 snum
943 2277 1009 2319 non
1037 2277 1104 2319 esse
1131 2254 1214 2338 qnod
1244 2254 1356 2318 tacent.

53 2358 107 2425 Ut
131 2362 262 2423 autem
286 2356 412 2442 plenius
434 2356 564 2422 dilectio
585 2362 691 2422 vestra
715 2361 888 2441 cognoscat
903 2356 1095 2439 nostrarum,
1119 2380 1197 2441 quas
1213 2356 1253 2420 ad
1269 2356 1358 2421 Chri-

52 2459 322 2526 stianissimnm
336 2459 514 2544 principem
529 2459 683 2543 misimus,
707 2460 822 2525 seriem
837 2460 1027 2542 litterarum,
1052 2459 1245 2543 exemplaria
1262 2459 1358 2524 inter·

132 2720 159 2785 ⁸)
181 2714 220 2769 Id
239 2713 424 2769 hauddubie
442 2714 568 2784 contigit,
586 2732 672 2782 quum
684 2716 778 2769 vectus
791 2715 868 2769 asino
880 2714 998 2769 Aelurus
1017 2713 1171 2768 oBasilisei
1188 2714 1304 2769 aedibus
1322 2715 1359 2768 ad

52 2800 228 2856 ecelesiam
253 2815 320 2852 eum
340 2797 472 2854 seditiosa
493 2800 577 2854 turba
598 2799 745 2870 processit;
769 2801 801 2854 cf.
822 2799 930 2869 epist3
953 2800 1010 2853 not.
1024 2805 1048 2853 4.
1090 2798 1243 2865 limando,
1267 2799 1359 2868 hujus-

53 2884 144 2940 modi
154 2882 396 2957 processionem,
413 2885 446 2937 ut
458 2883 520 2952 J'am
537 2885 603 2938 tunc
620 2885 767 2951 vocabant,
785 2886 845 2937 turn
858 2884 992 2938 celebrari
1010 2882 1191 2949 consuevisse,
1209 2901 1294 2960 quma
1312 2902 1359 2938 an-

51 2971 151 3025 tistes
178 2968 223 3023 ad
249 2966 417 3022 sacrificium
439 2968 571 3024 sollemne
592 2969 765 3039 procederet.
802 2968 900 3041 Neque
925 2968 979 3023 alio
1001 2967 1114 3022 consilio
1133 2968 1296 3022 Timotheus
1318 2968 1359 3023 ita

53 3054 233 3110 contritam
252 3051 412 3119 incedebat,
430 3052 554 3120 quitum
572 3071 589 3108 a
607 3053 689 3107 domo
707 3053 819 3108 Domini
845 3053 970 3122 repulsus
991 3074 1041 3121 per
1064 3059 1226 3122 quorumdam
1243 3059 1359 3121 priuatas

54 3147 159 3195 dome
190 3158 247 3192 nan
271 3141 358 3190 divina
378 3142 507 3204 annilina
528 3145 576 3193 sed
591 3145 728 3208 sacriiepia
745 3142 888 3192 celebrasse
907 3150 1071 3199 narraretur,
1094 3135 1185 3204 inquit
1202 3136 1359 3206 Simplicius

55 3224 153 3295 epist.
168 3230 192 3278 3
209 3240 239 3275 n.
256 3227 282 3287 3,
299 3221 333 3275 ut
348 3220 478 3276 videlicet
495 3221 525 3276 id
542 3223 641 3277 saltem
658 3222 687 3276 in
705 3221 821 3277 aedibus
838 3221 953 3292 privatis
974 3222 1128 3292 perficeret,
1151 3222 1267 3290 propter
1285 3222 1360 3287 qnod

57 3310 102 3364 ad
130 3308 267 3362 domum
288 3304 401 3359 Domini
422 3313 591 3376 porrexerat.
636 3306 689 3372 oui
712 3309 806 3361 autem
828 3307 985 3375 hujusmodi
1007 3305 1176 3377 processioni
1198 3306 1359 3372 intererant,

55 3395 120 3450 hoc
140 3394 216 3463 ipso
235 3390 409 3457 indicabant,
432 3409 461 3446 so
479 3409 541 3446 cum
558 3392 727 3462 procedente
744 3390 875 3461 pontifice
893 3391 1104 3457 communicare,
1127 3389 1168 3444 uti
1186 3390 1258 3446 infra
1275 3390 1359 3444 visuri

57 3495 172 3533 sumus
193 3477 226 3529 in
246 3474 349 3530 Felicis
366 3475 392 3529 Il
410 3474 489 3546 epist.
504 3482 519 3530 6
537 3483 591 3531 nl
612 3478 640 3531 et
657 3477 686 3530 in
704 3476 800 3545 Vigilii
818 3476 897 3545 epist.
913 3483 953 3529 14.

138 3566 167 3631 ⁸)
189 3560 219 3615 ln
233 3577 260 3614 e.
273 3565 316 3614 aar·
325 3566 383 3615 m
400 3567 512 3616 nonnulli
528 3565 623 3616 obviant
635 3571 702 3623 eant,
721 3566 777 3615 laic
794 3568 877 3630 palam
895 3564 1041 3631 pacificeque
1060 3566 1214 3630 deprsdcnsi
1229 3573 1287 3615 sunt
1303 3572 1366 3615 esse¹

58 3654 184 3705 seniles.

143 3734 182 3799 1θ)
201 3727 283 3783 Editi
301 3741 419 3785 nostran.
439 3760 472 3769 —
489 3729 559 3784 Sunt
575 3731 710 3807 epistolae
728 3737 743 3785 2
763 3733 791 3786 ct
809 3738 824 3786 3
842 3732 1046 3786 antecedentes.
1079 3731 1208 3785 Ceterum
1225 3731 1278 3786 hoc
1291 3732 1358 3786 Sim-

61 3816 151 3890 plicii
174 3812 276 3883 elogio
297 3831 357 3869 sese
379 3831 477 3870 revera
499 3815 615 3885 dignum
636 3817 712 3871 haud
730 3816 770 3871 ita
787 3816 874 3870 multo
897 3820 962 3886 post
984 3816 1105 3871 ostendit
1122 3816 1246 3870 Aeacius.
1284 3821 1360 3871 Bast-

63 3912 153 3959 riscus
174 3899 270 3965 mmm,
293 3899 335 3954 ait
351 3899 515 3955 Theodorus
537 3889 626 3955 lector
642 3901 670 3956 h.
689 3920 711 3956 e.
732 3902 743 3954 l
762 3901 815 3968 (od.
834 3901 896 3955 Val.
913 3918 979 3971 pag.
998 3904 1070 3970 556),
1092 3907 1208 3971 peuerell
1228 3909 1359 3957 sanctione

62 3991 318 4044 Calchedonium
328 3990 450 4055 synodica
461 3991 539 4053 rejici
551 3992 643 4054 jussit,
661 4006 814 4056 onerantque
827 3991 916 4048 sitibat,
935 3997 962 4040 ut
980 3992 1044 4041 idem
1063 4008 1160 4057 qaoqrre
1176 3992 1277 4054 ssereret
1292 3993 1358 4041 Acra-

63 4080 135 4130 cirre.
183 4077 284 4125 ern
303 4074 331 4123 id
344 4076 470 4139 perficere
488 4077 646 4126 nullomodo
662 4078 758 4139 potuit,
778 4092 849 4142 quarn
868 4079 984 4126 aniaersa
1002 4078 1092 4126 ciuitas
1110 4093 1160 4125 rann
1178 4093 1231 4124 erim
1248 4078 1357 4126 mulieri·

65 4166 117 4215 bne
141 4167 173 4213 et
194 4160 318 4226 mritis
339 4159 365 4208 in
388 4161 518 4210 ecelesiam
541 4161 692 4210 conueniens
715 4161 844 4211 Basilisco
866 4161 1013 4211 obstitisset.
1061 4160 1125 4221 Quin
1155 4161 1228 4209 etiarn
1251 4162 1358 4210 Aeneiae

65 4249 248 4311 semetipsam
271 4251 298 4294 et
314 4244 460 4294 cathedram
478 4240 554 4312 atqa'e
576 4249 660 4296 altare
678 4247 758 4310 nirpis
775 4246 884 4296 vestitus
903 4247 1010 4296 obtexit.
1046 4239 1192 4295 Notandus
1211 4241 1290 4306 ritus,
1315 4241 1358 4294 cui

67 4326 209 4385 nonnihil
227 4323 320 4379 simile
338 4323 496 4380 ctiamaunc
515 4327 645 4382 observat
662 4326 797 4393 Ecclesia,
816 4344 901 4394 quum
919 4344 1014 4381 sacrae
1033 4325 1116 4380 nodos
1133 4324 1253 4378 violatae
1271 4325 1358 4394 pollu-

67 4418 183 4483 taeque
208 4412 286 4465 sunt.
328 4408 434 4464 Narrat
456 4409 556 4465 deinde
575 4411 750 4478 Theodoram,
774 4414 804 4465 ut
826 4429 943 4480 magnus
965 4411 1064 4466 Daniel
1088 4410 1222 4463 Simeonis
1241 4409 1357 4479 stylitae

68 4498 278 4557 aemulatore
297 4494 494 4550 columnares
512 4495 681 4551 descendens
699 4515 829 4551 unacum
848 4497 930 4567 plebe
948 4499 977 4551 et
989 4496 1090 4550 acacio
1104 4498 1254 4548 convontus
1274 4496 1357 4549 ecclc·

68 4584 205 4641 siastieos
224 4579 424 4649 frequentaris.
461 4580 513 4635 Hic
534 4583 683 4651 praeterea
701 4583 849 4636 observare
864 4583 981 4651 juverit,
1005 4599 1061 4650 qua
1083 4580 1232 4652 prudentia
1250 4580 1358 4650 Simpli-

69 4672 131 4727 cius
156 4669 223 4741 pios
246 4664 403 4720 monachos
425 4665 484 4719 zelo
506 4666 668 4722 ferventiori
691 4668 850 4728 aestuantes
873 4670 902 4720 et
923 4669 995 4721 forto
1018 4667 1052 4720 de
1074 4665 1175 4720 Acnoio
1203 4670 1357 4734 querentes,

69 4756 152 4827 quod
170 4772 256 4809 suum
274 4751 307 4805 in
325 4749 433 4804 tuenda
449 4750 504 4804 lide
522 4751 642 4806 studium
654 4751 761 4806 tardius
774 4752 927 4807 exercuisse
939 4752 1092 4818 videretur,
1111 4751 1220 4820 mitiget
1235 4754 1261 4805 ct
1275 4751 1358 4808 ernol-

56 4843 130 4906 list.
170 4839 226 4906 Qui
244 4853 319 4893 vero
339 4850 410 4905 erga
426 4834 557 4890 Acacium
574 4836 615 4892 itu
633 4838 748 4893 affectus
766 4837 831 4905 tuit,
854 4839 876 4891 is
895 4837 1007 4891 minime
1026 4838 1168 4906 suspectus
1187 4854 1245 4890 csse
1264 4837 1356 4900 debet,

70 4945 159 4997 quum
176 4925 216 4983 ad
235 4920 378 4981 eumdem
395 4921 594 4991 increpandum
611 4939 640 4976 se
659 4921 802 4978 convertit.
852 4916 856 4924 '
