3204 5506
183 311 246 375 920
625 324 653 371 s.
668 321 875 372 uoaursuau
897 321 1013 370 aaran

56 493 317 561 (a.520.>manan1
341 481 374 543 et
396 477 806 561 Constantinopolitanarn,
836 477 961 541 imitato
987 475 1230 541 interveniente
1258 475 1381 560 sepulta
1400 481 1449 560 est,

184 587 218 647 et
240 581 305 646 alia
331 602 397 645 non
426 596 526 664 parva
554 578 697 642 membra
725 578 822 643 simili
845 577 1034 643 Divinitatis
1062 578 1172 665 gratia
1199 581 1342 663 purgata
1369 581 1450 663 atque

187 684 370 767 conjuncta.
422 680 517 745 Hanc
546 680 644 745 etiam
671 702 761 765 spem
789 681 931 767 gerimus
958 682 1117 765 universi,
1154 680 1242 766 quod
1263 679 1370 765 gratis
1390 679 1448 762 Dei,

186 806 268 871 quae
291 805 416 868 semper
438 783 504 847 sedi
527 786 652 847 vestrae
680 786 858 866 permansit
885 787 918 847 et
942 787 1128 867 permanet,
1162 781 1347 866 hujusmodi
1374 782 1449 846 vobis

186 887 433 971 inspirationem
457 884 610 948 bonitatis
632 884 801 968 praebeat,
830 888 866 949 ut
893 884 1139 949 mansuetudine
1168 888 1202 949 et
1224 884 1450 968 dispensatione

187 993 296 1054 vestra
318 987 476 1072 reliquum
498 984 602 1051 adhuc
618 1006 742 1069 corpus,
766 987 849 1071 quod
869 986 1006 1051 habetur
1020 986 1196 1070 infirmum,
1221 986 1307 1050 sicut
1322 987 1449 1070 superius

189 1091 323 1155 anobis
346 1089 482 1171 dictum,
516 1090 622 1151 vestro
644 1088 855 1153 medicamine
876 1089 1002 1153 unitate
1023 1091 1156 1173 recepta
1173 1089 1345 1174 jungatur.
1386 1087 1448 1172 Spe

190 1192 314 1257 cialiter
336 1193 444 1254 autern
466 1190 673 1275 deprecamur
694 1190 896 1275 pontificium
911 1193 1062 1274 vestrum,
1086 1195 1124 1255 ut
1138 1212 1199 1275 pro
1214 1191 1309 1256 nobis
1324 1191 1448 1276 benigno

189 1293 291 1379 patris
314 1291 422 1358 animo
444 1313 535 1357 orare
553 1291 706 1376 jubeatis.

687 1477 870 1582 Epistola
896 1479 971 1564 119.

38 1613 80 1733 (⁸4
89 1609 178 1732 331¹·
422 1630 591 1726 lullanae
613 1628 760 1698 Auiolae
783 1631 827 1697 ad
849 1632 1078 1699 Hormisdam
1100 1652 1241 1717 papam.

61 1762 118 1801 ²⁰⁰·
132 1743 158 1798 d·
225 1773 372 1836 Ponl'ficem
389 1775 516 1828 salutans,
535 1773 592 1835 ejus
608 1773 767 1822 sedulitatem
785 1772 856 1821 eirca
870 1773 945 1835 fidem
958 1775 1059 1834 laudat,
1078 1781 1104 1823 el
1122 1775 1248 1840 quomodo
1267 1776 1324 1839 ipsa
1339 1775 1419 1824 stadiis

48 1813 178 1883 Hsepi')
640 1857 698 1920 ejus
715 1858 880 1922 responderit
897 1859 1013 1922 exponit.

343 1988 509 2054 Domino
532 1989 766 2054 beatissimo
788 1993 904 2075 atque
926 1990 1182 2075 apostolicae
1205 1991 1442 2077 sedisproba·

437 2091 594 2156 tissime
622 2092 817 2176 pontifici
843 2091 1076 2158 Hormisdae
1104 2115 1233 2179 papae
1265 2094 1368 2180 patri
1391 2092 1443 2158 Ju-

437 2193 546 2258 liana
567 2192 721 2258 Anicia.

277 2313 363 2389 Quae
385 2312 489 2396 prima
511 2315 597 2397 sunt,
623 2316 698 2377 tuae
721 2313 928 2379 beatitudinis
951 2314 1153 2380 salutationis
1176 2316 1327 2400 obsequia
1346 2314 1442 2400 persol-

195 2415 305 2498 vimus,
331 2417 489 2499 optantes,
513 2418 549 2479 ut
571 2413 654 2479 hanc
669 2416 821 2500 paginam
835 2415 901 2480 tuis
916 2417 1106 2481 venerandis
1124 2417 1292 2482 obtutibus
1305 2416 1443 2482 Divinitas

192 2516 294 2581 saciat
305 2517 475 2598 recenseri,
492 2519 524 2581 et
538 2539 596 2600 pro
609 2539 684 2581 suae
695 2516 858 2582 Ecclesiae
870 2517 981 2603 vigore
993 2523 1168 2603 augmenta
1183 2519 1334 2585 salutaria
1343 2522 1443 2583 vestrae

193 2619 277 2683 vitae
299 2618 468 2703 suffragari
490 2618 650 2703 dignetur,
674 2621 831 2703 quatenus
853 2623 885 2684 te
903 2619 1053 2704 pervigili
1074 2621 1179 2704 possit
1194 2626 1306 2686 contra
1320 2622 1443 2686 adversos

195 2725 227 2784 ct
241 2719 367 2784 rabidos
384 2741 479 2783 canes
494 2723 597 2784 status
611 2719 776 2785 Ecclesiae
792 2722 958 2786 vindicari.
990 2721 1133 2805 Etenim,
1157 2723 1348 2788 venerabilis
1362 2727 1442 2806 pater,

194 2822 278 2906 quod
300 2822 339 2886 de
361 2823 489 2886 nostrae
511 2821 585 2886 fidei
607 2821 796 2907 integritate
819 2845 928 2887 curam
950 2823 1052 2908 geris,
1075 2824 1204 2889 vicariis
1227 2825 1356 2910 gloriosi
1376 2822 1442 2890 Petri

196 2923 330 3008 apostoli
353 2923 416 2987 ista
444 2923 655 3006 conveniunt,
685 2924 736 2988 oui
765 2922 922 2990 Dominus
944 2925 1176 3010 pascendarum
1199 2927 1306 2991 ovium
1326 2924 1444 3010 injunxit

196 3025 348 3091 officium.
394 3024 575 3111 Cognoscat
597 3047 674 3110 ergo
696 3028 751 3089 tua
773 3048 830 3110 pro
852 3027 946 3091 nobis
968 3030 1081 3091 sancta
1103 3028 1301 3111 sollicitudo,
1330 3049 1384 3092 nos
1405 3026 1444 3088 lir-

196 3127 279 3192 inius
302 3131 412 3192 tenere
433 3132 540 3192 rectae
563 3127 637 3192 fidei
659 3128 844 3193 firmitatem
866 3128 1076 3193 immobilem:
1099 3151 1158 3213 pro
1174 3151 1238 3213 qua
1259 3151 1300 3193 ne
1322 3129 1384 3212 ejus
1396 3126 1444 3189 vio

197 3231 317 3294 laretur
339 3230 567 3312 sanctimonia,
595 3229 751 3295 hactenus
773 3230 1032 3315 repugnavimus.
1078 3229 1169 3306 Quod
1191 3252 1268 3295 vero
1295 3234 1366 3295 tuus
1389 3248 1445 3312 apo

91 3351 185 3416 opas.
199 3332 331 3395 stolatus
354 3354 411 3416 pro
433 3335 542 3396 tantae
565 3332 694 3416 pietatis
717 3355 811 3397 causa
831 3354 940 3396 curam
961 3332 1046 3396 ferre
1065 3333 1242 3416 praecepit,
1265 3333 1446 3416 inquantum

198 3433 370 3516 potuimus,
394 3455 452 3517 pro
475 3436 593 3498 nostris
608 3434 729 3498 viribus
745 3455 810 3498 non
826 3433 997 3498 desivimus
1019 3433 1135 3518 spiritu
1158 3433 1302 3499 lenitatis
1323 3433 1446 3498 adversos

199 3533 378 3618 admonere,
402 3540 436 3599 et
456 3535 517 3599 Dei
539 3535 631 3600 nobis
653 3536 758 3620 gratia
780 3539 996 3620 cooperante.
1015 3585 1022 3600 .
1041 3586 1048 3601 .
1067 3541 1190 3613 ‚Macae
1210 3543 1381 3616 reliquam.)

697 3720 880 3826 Epistola
907 3723 974 3807 120

811 3875 860 3913 SOU

48 3945 196 4084 {Cf-3⁵33&
272 3971 477 4036 Exemplum
498 3969 663 4037 epistolae
683 3969 871 4026 Justiniani
881 3962 904 4046 ¹)
927 3968 1074 4026 illustris
1103 3971 1148 4027 ad
1169 3970 1391 4026 Hormifldm

64 4081 133 4149 (dal-
145 4081 171 4134 (l-
236 4101 269 4151 (lt
288 4102 324 4150 ad
338 4101 481 4165 perfectum
498 4103 660 4150 ecelesiarum
678 4102 797 4150 acuitatem
812 4102 862 4151 dno
873 4107 998 4165 praestet.
1017 4116 1120 4164 nempe:
1139 4116 1169 4151 ae
1187 4108 1264 4165 cogat
1281 4104 1344 4152 alios
1358 4114 1424 4165 proc·
1456 4110 1497 4175 pl!

73 4148 165 4218 Μ)
235 4195 275 4237 ter
300 4188 415 4247 haeresia
441 4192 560 4236 auctores
578 4188 720 4237 nominatim
742 4187 871 4244 damnari,
897 4194 924 4236 ce
945 4193 972 4236 al
995 4187 1131 4244 decernat,
1159 4203 1215 4236 num
1233 4186 1347 4237 caresta
1365 4187 1426 4233 recle

465 4272 568 4321 dicotur
589 4287 667 4322 unus
684 4273 721 4321 dc
743 4271 903 4321 Trinilole
921 4275 1066 4321 incarne
1082 4286 1207 4336 possets.

287 4404 426 4468 Domino
448 4406 558 4468 nostro
580 4404 657 4469 Jesu
680 4403 808 4469 Christo
823 4405 951 4468 favente
966 4406 1082 4487 regnat
1104 4402 1139 4466 in
1155 4403 1291 4487 saeculo,
1314 4402 1365 4488 qui
1379 4419 1452 4464 saera

202 4506 359 4590 religione
374 4528 466 4569 suurn
481 4506 597 4570 fundat
611 4506 796 4592 imperium,
816 4505 965 4590 quoniam
981 4504 1062 4569 benc
1078 4505 1240 4589 gubernat
1253 4504 1396 4584 humana,
1411 4497 1450 4564 cui

201 4609 289 4693 prius
312 4607 421 4671 divina
442 4608 632 4691 placuerint.
671 4608 760 4684 Quod
783 4607 1004 4691 praesentibus
1027 4606 1170 4671 evenisse
1189 4606 1381 4691 temporibus
1394 4622 1451 4687 gre

201 4709 350 4773 tulumur.
395 4709 495 4774 Filius
518 4709 637 4775 etenim
661 4713 766 4775 vester
789 4709 1054 4775 elementissimus
1076 4709 1249 4794 imperator
1273 4701 1451 4772 aeternitatis

202 4885 252 4934 120
288 4881 307 4946 ¹)
325 4879 376 4933 Ed.
396 4879 459 4936 cdd,
477 4885 537 4943 ciri,
556 4878 632 4933 omit.
653 4879 696 4934 G'.
