3204 5506
207 329 273 394 484
684 347 709 389 s.
727 340 867 389 causan
890 338 1003 387 esraa

208 497 367 561 desiderat
388 495 562 578 sustodire,
594 493 817 579 Eutychianae
845 494 945 579 pestis
972 492 1023 558 vel
1045 493 1149 558 eidem
1171 492 1365 559 communia

207 602 265 663 aut
286 621 410 681 eorum,
434 598 488 683 qui
511 597 625 661 talium
646 597 777 661 student
798 597 930 661 nomina
947 595 1129 682 recisum),
1153 618 1222 661 non
1245 595 1365 682 ambigi

206 701 283 766 dera
316 700 523 783 declinanda3
550 700 621 763 >sed
649 698 831 783 ubicunque
859 696 1089 782 professionem
1125 699 1365 763 communioner

206 804 377 888 repereris,
401 803 441 866 ab
464 802 514 866 his
537 800 697 885 contagiis
720 800 886 886 expeditus
908 799 1032 864 nullum
1055 821 1127 863 eum
1150 800 1288 884 perfidia
1311 821 1365 864 eor

207 904 415 990 complicibus
438 903 517 968 velis
539 904 673 967 miscere
696 903 902 967 consortium.

672 1074 953 1178 Fragmentum
980 1075 1013 1156 2.

623 1214 663 1263 Dc
680 1214 842 1276 defensanda
857 1214 910 1276 fide
927 1212 1060 1263 catlotica.

358 1329 543 1394 Gelasius
567 1328 802 1413 Agilulpho.

290 1449 408 1512 Precor
429 1451 547 1531 autern,
571 1451 608 1511 ut
629 1447 803 1534 reculam¹)
826 1447 913 1512 beati
929 1447 1017 1512 Petri
1035 1446 1171 1530 apostoli
1193 1446 1283 1512 inter
1298 1446 1365 1512 Dal

206 1550 415 1615 constitutam
438 1550 605 1614 defensare
627 1549 821 1635 dignemini,
851 1553 885 1612 et
905 1571 987 1634 quae
1009 1548 1099 1613 vobis
1120 1549 1170 1613 rel
1194 1548 1300 1614 frater
1321 1550 1365 1615 vel

205 1653 372 1736 episcopus
394 1674 483 1717 meus
498 1651 661 1716 Honorius
683 1673 741 1736 pro
764 1652 832 1734 ejus
847 1651 989 1715 utilitate
1003 1651 1213 1736 suggesserit,
1238 1651 1367 1716 velcon

203 1775 254 1818 res
276 1755 462 1839 putaverint
483 1755 709 1838 intimandum,
734 1775 830 1839 quam
853 1753 923 1818 fieri
944 1757 1061 1838 potest,
1085 1756 1251 1836 praestare
1271 1753 1365 1837 jubes

605 1931 613 1940 ”
667 1924 950 2028 Fragmentum
977 1925 1011 2007 3.

239 2066 402 2115 Anactorium
414 2065 544 2115 diaconum
555 2065 698 2115 lucerinae
716 2066 826 2115 ciuitatis
838 2065 974 2113 antistitem
991 2080 1008 2112 a
1023 2078 1051 2112 se
1063 2071 1176 2114 meatum
1189 2080 1245 2115 case
1258 2064 1365 2128 notum!

407 2158 433 2200 et
450 2157 531 2213 curet,
549 2158 576 2199 ut
594 2150 740 2200 necessaria
757 2148 814 2198 duic
831 2151 954 2199 ecclesiae
971 2151 1064 2199 solatia
1083 2151 1273 2215 turpentiaatur.

356 2265 544 2331 Gelasius
567 2264 711 2329 Dulcia
734 2265 947 2330 defensori.

287 2384 497 2468 Experientia
518 2387 575 2448 tua
596 2384 758 2469 praesenti
774 2383 992 2449 admonitione
1007 2387 1157 2470 suscepta
1172 2385 1249 2450 filiis
1264 2385 1363 2451 nostri

202 2485 384 2570 magnificis
399 2486 582 2550 Aemiliano
604 2488 760 2572 magistro
782 2486 920 2550 militum
942 2489 975 2550 et
990 2486 1205 2552 Constantino
1224 2488 1326 2571 judici
1347 2509 1365 2552 e

203 2587 286 2670 pelio
309 2609 348 2651 ex
369 2591 480 2651 nostra
502 2589 724 2653 exhortatione
746 2589 851 2652 dicere
873 2609 939 2652 non
961 2590 1105 2652 omittat:
1134 2610 1219 2672 ecce,
1243 2591 1365 2654 sicutu

203 2688 325 2752 tudinis
347 2692 471 2752 vestrae
493 2689 684 2754 desiderium
706 2689 898 2775 postulavit,
927 2691 997 2754 sine
1020 2712 1109 2754 mora
1131 2690 1240 2776 aliqua
1263 2695 1296 2755 et
1316 2691 1365 2756 sin

203 2789 380 2874 dispendio,
402 2791 449 2853 ita
471 2793 509 2854 ut
530 2811 590 2855 nec
612 2792 699 2876 ipsas
721 2792 797 2855 dare
820 2790 1045 2857 ecclesiasticis
1060 2791 1176 2856 officiis
1192 2793 1365 2858 consuetud

202 2891 394 2975 sineremus,
433 2892 645 2957 Anastasium
681 2892 847 2957 diacouem
883 2880 1072 2957 Lucerinae
1096 2894 1220 2959 civitau'
1257 2895 1363 2960 ordina

202 2993 408 3058 sacerdotem.
454 2993 631 3079 Propterea
658 3017 745 3059 nunc
774 2995 1017 3079 magnificentia
1039 2998 1145 3060 vestra
1168 2996 1310 3080 ejusdem
1330 3018 1365 3082 ep

219 3201 232 3248 l
270 3198 290 3265 ¹)
308 3196 339 3250 ln
356 3196 410 3250 hoc
428 3196 541 3266 quidem
559 3197 648 3251 omnis
665 3197 741 3251 nisus
759 3214 855 3252 eorum
868 3200 941 3267 erat,
960 3199 1008 3269 qui
1026 3217 1043 3254 a
1060 3199 1189 3270 partibus
1202 3200 1296 3256 Aeacii
1310 3204 1365 3257 caut

201 3297 298 3335 manos
314 3282 459 3352 pontifices
476 3283 590 3337 stabant
607 3284 652 3350 (of.
671 3283 760 3338 Gelas.
781 3284 860 3354 epist.
880 3290 894 3338 t
912 3302 938 3339 n.
952 3288 988 3354 3).
1112 3286 1137 3328 *Α

267 3366 290 3433 ²)
308 3363 420 3420 Scilicet
440 3373 525 3421 tatium
544 3372 664 3422 lominum
682 3369 727 3422 vel
742 3373 888 3435 foederum,
912 3371 962 3423 aut
979 3371 1068 3424 similo
1086 3371 1154 3438 quid
1172 3373 1294 3428 schisma
1309 3372 1365 3428 istm

202 3449 312 3503 danum
329 3451 438 3504 notans.

218 3540 234 3586 2
271 3536 291 3603 ¹)
309 3534 353 3588 lta
369 3535 405 3588 Πι
418 3538 463 3589 0¹⁰.
499 3535 593 3605 Migne
611 3545 731 3606 reputant.

267 3618 288 3684 ²)
311 3622 359 3672 Vct
376 3619 519 3675 abundare
537 3621 659 3689 videtur,
676 3626 726 3677 aut
743 3640 794 3693 pro
813 3636 838 3678 et
855 3627 945 3679 sonat.
977 3629 1108 3681 Hortarius
1127 3629 1222 3684 aretem
1240 3629 1286 3685 ille
1303 3632 1365 3686 esti

200 3702 282 3754 tanus
299 3701 458 3772 epiecopus,
476 3704 523 3772 qui
540 3706 569 3759 iu
588 3706 679 3761 Gelas.
698 3724 741 3778 ep.
754 3715 771 3762 4
784 3712 813 3762 et
831 3714 847 3762 3
864 3710 928 3763 fidei
944 3715 1141 3782 propugnator
1157 3714 1187 3768 in
1205 3715 1363 3772 Dalmatiae

200 3785 281 3838 nibus
299 3789 427 3856 apparet.
889 3799 891 3804 ’

216 3875 232 3922 3
268 3872 288 3938 ¹)
306 3870 339 3924 H.
353 3887 377 3924 e.
397 3889 469 3941 quae
486 3876 522 3928 ab
542 3877 671 3948 episcopo
690 3878 819 3933 ordinato
838 3880 1026 3950 praesulibus,
1044 3883 1092 3950 qui
1104 3882 1276 3940 ordinationi
1292 3885 1365 3956 ipu‘n

199 3953 323 4021 fuerunt,
340 3957 426 4025 atque
444 3959 550 4014 clericis
568 3960 629 4015 dari
640 3967 841 4017 consueverant
858 3981 909 4034 pro
927 3970 1123 4031 intluontaticia,
1141 3971 1174 4024 ut
1190 3973 1294 4040 postea
1310 3971 1365 4027 locu

198 4037 368 4095 Justinianus
386 4042 455 4096 Nou.
470 4051 518 4099 133
536 4062 560 4102 c.
573 4052 597 4100 3.
633 4046 676 4101 lbi
698 4047 751 4102 ista
772 4047 926 4118 imperator
942 4050 1012 4106 hacc
1029 4054 1185 4123 praefatus:
1208 4060 1265 4111 Pro
1283 4077 1365 4112 consu

198 4127 243 4178 dua
265 4137 347 4180 uatem
369 4133 414 4180 itta
435 4135 492 4182 tola
512 4137 689 4198 permittimus,
713 4154 778 4202 quoe
800 4138 983 4204 subsequenter
1004 4143 1102 4192 inserta
1124 4150 1196 4202 cunt,
1221 4140 1322 4197 exinde
1343 4157 1365 4211 qt

198 4225 365 4280 unoquoque
383 4211 514 4282 episcopo
532 4215 569 4269 sit
584 4217 797 4286 praestandum,
815 4237 866 4288 pro
886 4220 1019 4275 ecclesiae
1035 4221 1123 4293 ipsius
1137 4222 1278 4294 dignitate
1290 4243 1325 4281 ac
1335 4241 1365 4281 re

198 4294 366 4350 moderatur.
403 4297 434 4350 In
455 4299 538 4367 hujus
559 4301 654 4355 tamen
677 4302 776 4373 capitia
800 4304 852 4359 fine
874 4305 988 4376 inopum
1011 4307 1191 4363 ecclesiarum
1215 4309 1310 4378 gratia
1325 4308 1365 4381 ad

199 4381 352 4448 Episcopum
370 4387 433 4435 anim
451 4390 574 4439 ccclesiae
591 4392 671 4441 minim
689 4393 754 4443 durau
771 4396 830 4443 meri
847 4395 926 4444 tidros
943 4398 1041 4447 reditus
1058 4397 1190 4448 intentent
1206 4414 1288 4464 neque
1305 4412 1355 4465 pne

196 4468 294 4517 niaticis
312 4485 392 4535 rrcqroe
407 4487 458 4535 pro
476 4476 529 4524 alia
547 4475 659 4540 qualibet
676 4480 856 4529 consuetudine
867 4481 967 4545 aliquid
977 4482 1041 4531 dare
1056 4484 1233 4546 permittimur.
1263 4479 1365 4550 Cuilcfl

197 4545 323 4602 Gelasius
344 4549 454 4605 videtur
475 4553 649 4622 praeludere.
691 4559 758 4612 lura
776 4562 870 4613 antem
889 4577 960 4628 qnae
981 4561 1203 4630 praebebantur,
1225 4562 1365 4619 Justiniam

196 4628 270 4697 dem,
288 4634 320 4687 ut
337 4650 355 4687 a
369 4643 453 4703 primo
467 4645 624 4708 presbytero
642 4652 668 4694 et
685 4647 866 4699 archidiacono
883 4653 1058 4715 urscipiuutur
1074 4660 1151 4718 atque
1162 4668 1199 4702 erc
1209 4653 1365 4704 commedit

196 4720 345 4783 ciptenttbua
362 4725 520 4786 dividantur.
544 4725 696 4780 constituit.
731 4727 905 4797 Notandum,
927 4730 977 4785 hus
996 4731 1206 4786 consuetudines
1225 4731 1255 4786 in
1278 4731 1358 4787 unu

196 4796 263 4852 dicti
286 4801 384 4872 capitis
402 4812 418 4859 3
435 4806 505 4861 Nor.
526 4815 574 4864 133
597 4815 767 4866 cathedratici
787 4814 899 4869 nomine
917 4816 1026 4883 donari,
1049 4833 1103 4883 quo
1125 4816 1212 4870 verbo
1233 4816 1319 4871 etiam
1334 4814 1365 4873 (it

194 4881 296 4953 fragm.
315 4892 349 4941 20
365 4887 465 4964 utitur,
482 4891 532 4946 sed
549 4893 588 4947 ibi
607 4893 682 4950 aliud
700 4895 765 4964 quid
783 4897 894 4953 videtur
911 4917 1017 4957 sonare.
