3204 5506
253 350 295 412 96
602 363 737 410 uorura
760 362 912 408 rrraurrr
936 362 973 409 nr
995 361 1177 410 srtrrracrrr

252 524 371 600 pleribus
386 507 523 598 synodum
533 532 598 596 post
614 525 794 580 corrsrdaium
812 525 930 579 Paulini
943 523 1024 595 (auno
1040 521 1112 595 1119)
1137 522 1253 578 habitam
1275 523 1397 596 proxime
1414 522 1535 597 exeipit,

252 613 303 666 etsi
317 613 375 685 ipsa
389 613 434 667 die
449 610 529 667 XIV
541 610 601 666 Cal.
617 609 730 665 Octobr.
743 609 870 665 Messala
887 629 911 665 a.
930 625 955 664 c.
972 610 1090 664 carrsule
1106 607 1187 680 (anno
1203 605 1276 679 506)
1292 606 1382 663 oblata
1401 616 1534 665 notetur.

253 695 315 752 {ileo
329 697 401 752 sorte
416 695 515 767 librarii
529 695 576 751 ilio
592 695 654 750 loco
669 711 726 750 earu
742 703 902 768 posuerunt,
931 695 994 768 quia
1014 692 1229 768 subscriptiones
1250 692 1338 749 dictae
1359 692 1463 766 synodi
1481 708 1535 750 tto·

252 783 322 837 tuine
336 783 479 837 Iohannis
492 783 608 837 diaconi
622 784 747 853 regionis
764 782 790 834 B
805 780 976 842 clauduntur,
999 781 1044 852 qui
1065 796 1130 835 sane
1145 779 1215 835 idem
1232 786 1327 834 auotor
1341 778 1425 849 hujus
1441 775 1535 834 tiberii

251 866 402 922 censendus
418 874 469 921 est.
515 865 602 933 Quare
618 865 760 920 Vaticanus
776 864 894 938 Reginae
917 866 966 920 bac
982 865 1158 937 inscriptione
1173 863 1292 920 hidacii:
1318 863 1388 919 Item
1411 864 1536 921 libellus

252 953 394 1008 Iohannis
409 954 527 1007 diaconi
543 968 625 1024 qttem
642 951 741 1006 obtulit
762 967 811 1006 sco
827 950 930 1022 Papae
947 950 1127 1021 Symmacho.
1150 948 1302 1006 Formulam
1324 948 1429 1005 seilicet
1448 950 1535 1005 satis·

253 1036 376 1092 factionis
393 1035 508 1099 exhibet,
525 1054 604 1110 quarn
621 1035 737 1090 Rorrtana
753 1035 873 1109 synodus
890 1053 960 1091 anuo
976 1035 1035 1091 501
1050 1035 1142 1109 (supra
1157 1035 1266 1109 epistir
1282 1052 1309 1091 n.
1324 1032 1374 1106 11)
1390 1051 1406 1088 a
1422 1033 1534 1091 clericis

252 1122 427 1178 schismaticis
443 1121 474 1176 ad
487 1121 673 1195 Synrrnachuru
690 1119 866 1176 redeuntibus
882 1121 1044 1194 praestituit.
1072 1120 1155 1175 Simul
1168 1120 1283 1175 schisma
1299 1118 1449 1175 infaustum
1467 1127 1534 1194 post

250 1206 347 1262 dictam
363 1206 497 1280 synodum
513 1224 561 1280 per
577 1207 669 1281 plnres
685 1208 763 1261 etiam
780 1223 865 1261 arruns
881 1205 1044 1280 productum
1061 1222 1121 1261 esse
1137 1204 1236 1260 indicio
1252 1212 1304 1261 est.

546 1366 584 1427 In
604 1364 779 1442 Symmachi
801 1365 960 1442 epistolam
982 1365 1002 1425 9
1025 1360 1221 1446 (..Natnra“).

115 1501 165 1569 [aa
180 1500 242 1570 m]
338 1488 413 1563 hpud
431 1487 582 1543 Eranudium
598 1495 685 1542 eistat
701 1489 779 1561 epist.
796 1486 838 1549 tt,
853 1487 903 1544 39.
935 1486 1058 1542 Proxime
1073 1489 1173 1561 scripta
1188 1495 1238 1549 est,
1255 1493 1401 1560 postquam
1418 1485 1531 1561 reliqua

252 1573 316 1629 cieri
331 1579 496 1646 senatusque
507 1572 617 1627 horrraui
635 1571 751 1626 tuernbra
767 1572 911 1627 schismate
929 1572 1034 1627 totidem
1051 1573 1147 1628 relicto
1160 1571 1320 1646 Symmacho
1333 1572 1416 1645 capiti
1428 1572 1532 1629 cohae-

253 1676 312 1714 rere
328 1667 486 1732 coeperunt.
520 1657 554 1711 Er
571 1659 712 1731 superiore
728 1666 816 1713 autem
832 1657 961 1713 Joiramris
983 1646 1087 1714 diaconi
1108 1658 1211 1731 scripto
1226 1655 1412 1729 coniecturam
1428 1672 1531 1731 capere

252 1743 324 1806 iicet,
341 1753 397 1798 tntu
413 1743 480 1799 iliud
496 1742 526 1797 ab
543 1760 575 1798 en
592 1744 683 1797 datram
699 1760 768 1803 esso.
784 1760 867 1816 quom
880 1743 972 1816 piures
985 1742 1053 1797 idem
1068 1750 1206 1816 praestare
1220 1743 1383 1815 coepissent,
1401 1741 1532 1817 adeoque

251 1845 344 1902 pacem
360 1828 430 1884 iilam
446 1827 477 1883 ad
494 1845 592 1883 antrum
609 1828 669 1884 500
687 1845 741 1883 nou
758 1836 858 1883 terruere
874 1828 978 1882 referri.
1020 1826 1067 1882 Cui
1084 1829 1204 1901 apprime
1219 1828 1356 1882 consentit
1371 1843 1531 1901 anonymus

252 1912 469 1976 biarrcbiuianns.
503 1930 564 1969 mor
587 1922 649 1987 post
671 1912 805 1986 synodum
826 1912 971 1968 hornarum
992 1915 1054 1968 atini
1071 1914 1129 1970 501
1154 1913 1342 1968 Lcrrrrenh'am
1363 1913 1405 1968 ati
1424 1913 1530 1969 arbem

252 2003 408 2055 venientem
423 2016 478 2070 per
493 2015 586 2055 artatas
601 2002 721 2054 circiter
736 2005 862 2071 quatitur
877 2000 1037 2054 Romanam
1054 2002 1179 2053 iertttisse
1195 2000 1356 2066 eeclesiam,
1374 2005 1403 2052 et
1415 1997 1530 2054 demum

251 2084 340 2139 eriicto
356 2077 428 2158 regis
444 2084 475 2139 ad
492 2083 601 2139 Festum
617 2083 688 2153 dato,
707 2091 736 2138 ut
752 2101 847 2140 onmes
862 2086 1004 2139 ecciesiae
1019 2083 1270 2156 titniiSyntmacho
1285 2083 1532 2156 reformarentur

251 2177 279 2225 et
295 2187 380 2225 urtrnn
393 2170 503 2226 Rornae
515 2178 670 2241 pateretur
685 2185 748 2225 esse
761 2172 933 2242 ponctificcm,
951 2171 978 2224 iu
994 2167 1064 2225 boun
1079 2168 1142 2224 dicti
1160 2168 1231 2223 Festi
1247 2168 1417 2225 concessisse
1432 2166 1531 2244 ibique

252 2255 395 2310 terminum
411 2255 479 2310 vitae
495 2255 623 2311 sortitum
640 2271 710 2310 esse.

495 2413 533 2474 Iu
553 2411 728 2489 Symmachi
749 2412 913 2490 epistolam
935 2413 973 2474 10
996 2409 1076 2495 (,,Αι1
1089 2409 1275 2493 augustae‘·).

185 2541 237 2609 [at]
339 2540 365 2596 l.
397 2535 466 2590 llaec
486 2535 614 2609 epistola.
637 2552 715 2608 quam
732 2534 890 2607 sigobardus
912 2538 938 2591 irr
962 2545 1077 2592 tractatu
1098 2535 1131 2591 tle
1153 2534 1280 2609 dogmate
1301 2534 1399 2591 Felicis
1420 2534 1528 2600 iaudat.

252 2620 368 2676 basileae
389 2637 459 2676 anno
478 2620 558 2676 1555
575 2620 876 2692 orthodoxographiae
898 2620 983 2676 tomi
1005 2640 1031 2695 p.
1046 2622 1107 2679 903
1130 2637 1184 2676 uon
1207 2622 1265 2677 sine
1287 2619 1391 2676 mendis
1412 2620 1530 2696 vulgata

252 2714 303 2760 cst.
334 2704 435 2761 Exinde
450 2706 477 2761 in
494 2705 610 2761 Romana
626 2703 823 2779 pontificiarum
845 2706 1019 2779 epistolarum
1035 2706 1163 2768 editione,
1185 2723 1236 2762 nec
1251 2723 1305 2761 non
1321 2707 1393 2761 inter
1408 2706 1530 2763 corrodia

251 2799 278 2845 et
300 2790 370 2864 apud
391 2791 533 2846 Barouiurn
553 2790 586 2845 ad
607 2807 705 2845 annum
721 2790 782 2847 503
803 2807 896 2846 recusa
917 2791 978 2847 iuit.
1022 2791 1078 2847 iarn
1101 2793 1258 2865 castigatior
1283 2789 1374 2865 prodit
1397 2789 1529 2848 subsidio

252 2875 351 2931 codicis
367 2876 430 2931 oliui
446 2876 586 2931 cardinalis
603 2876 727 2945 Griurani,
750 2892 821 2931 nunc
837 2877 1016 2932 institutionis
1032 2876 1188 2932 Parisiensis
1211 2877 1330 2938 oratorii,
1352 2892 1384 2931 etr
1401 2892 1460 2949 quo
1477 2876 1529 2932 ra·

252 2961 372 3016 schasius
389 2960 549 3027 ttuesneilus
572 2968 613 3015 tot
634 2962 710 3016 noris
731 2960 854 3015 Leonis!
876 2962 999 3034 epistolis
1027 2962 1166 3017 ecclesiam
1187 2961 1370 3035 locupletavit.
1415 2960 1447 3016 ln
1473 2962 1529 3018 hoc

252 3044 344 3102 codice
358 3044 528 3102 inscribitur:
546 3047 676 3118 Epistola
692 3048 795 3101 heccine
810 3051 963 3103 memoriae
975 3048 1140 3119 Syrrrnrachi
1152 3062 1251 3118 papae
1262 3047 1412 3103 Romanae
1427 3050 1528 3104 eccie-

252 3135 313 3187 siae
328 3133 557 3187 adAnastasiarn
571 3135 773 3203 imperatorem
786 3133 991 3203 Eutychianae
1005 3133 1136 3188 haeresis
1152 3133 1344 3206 defensorem.
1375 3129 1423 3186 Ubi
1438 3148 1528 3206 quum

251 3216 350 3272 dicitur
365 3217 416 3271 hoc
431 3233 499 3290 opus
516 3218 618 3272 beatae
633 3220 787 3272 accensorias
799 3217 971 3288 Symmachi,
988 3235 1042 3272 aon
1059 3225 1214 3291 postumum
1230 3233 1290 3272 esse
1306 3232 1354 3272 seu
1369 3224 1434 3290 post
1445 3216 1529 3292 Sym·

252 3301 337 3357 machi
354 3310 469 3357 mortem
485 3301 591 3357 dernurrr
607 3301 741 3375 prodiisse
756 3299 933 3375 significatur,
948 3302 995 3357 sed
1012 3302 1198 3376 apographum
1214 3319 1247 3358 eo
1259 3301 1315 3372 jam
1326 3300 1461 3358 defuncto
1477 3302 1529 3360 de·

251 3387 382 3460 scriptum
398 3386 481 3441 inisse
496 3386 638 3442 iudicatur.
675 3386 775 3460 Nempe
790 3388 848 3458 ipse
863 3389 1039 3461 antiquarius.
1062 3389 1107 3461 qui
1124 3389 1151 3443 in
1166 3387 1243 3443 allata
1260 3387 1436 3461 inscriptione
1453 3390 1529 3445 Ana·

250 3472 361 3525 stasium
378 3472 566 3544 imperatorem
584 3472 786 3543 Eutychianoe
801 3472 933 3527 haeresis
948 3473 1130 3544 descisserem
1147 3482 1231 3541 uocat,
1256 3481 1359 3546 ternpus
1375 3471 1529 3547 designare

252 3555 353 3615 volens.
370 3571 424 3630 quo
441 3555 590 3628 Syrrnnachi
607 3573 675 3628 opus
691 3553 866 3618 erscribebnt,
883 3557 958 3612 iilum
975 3559 1077 3614 heatae
1092 3561 1245 3614 raemoriae
1261 3558 1435 3631 rruacupavit.
1469 3557 1529 3615 Sed

251 3657 282 3695 es
300 3640 348 3694 bac
364 3639 491 3713 toqncnii
514 3643 616 3695 ratione
637 3640 664 3696 id
685 3638 841 3702 coniicitur,
863 3644 987 3706 crimina,
1014 3642 1111 3716 quibus
1128 3643 1200 3699 huuc
1214 3660 1309 3718 papam
1324 3640 1455 3700 infamare
1472 3645 1528 3701 nisi

251 3734 316 3780 suut
332 3723 389 3795 ejus
406 3724 558 3787 adversarii,
575 3742 742 3799 nequaquam
760 3725 906 3790 obstitisse,
930 3729 1074 3801 qrrorniuus
1091 3729 1193 3784 heatae
1208 3731 1361 3785 memoriae
1376 3727 1460 3784 tituto
1477 3728 1528 3786 de·

250 3817 398 3879 curaretur,
418 3803 502 3885 [sicut
517 3811 544 3865 in
557 3812 743 3883 antiquissimo
752 3811 877 3867 Vaticano
890 3811 1006 3887 Reginae
1020 3814 1101 3874 1907
1117 3815 1144 3869 in
1161 3815 1338 3888 inscriptione
1355 3812 1491 3887 epistolae
1505 3813 1528 3872 8

250 3894 374 3950 eumdem
397 3902 529 3951 sanctam
552 3897 640 3951 vocari
662 3890 800 3972 vitinus}
832 3896 921 3971 ipsum
938 3915 1047 3972 quoque
1064 3900 1176 3955 beatum
1192 3908 1219 3954 et
1235 3898 1395 3973 hgobardns
1416 3899 1446 3954 iu
1470 3908 1529 3955 tre·

250 3989 324 4035 ctatu
345 3981 440 4041 citato.
463 3988 490 4036 et
511 3981 658 4055 Cyprianus
680 3982 841 4037 Toloncusis
867 3984 893 4037 iu
916 3985 968 4038 rita
989 4002 1012 4038 s.
1030 3984 1142 4038 Caesarii
1159 3982 1348 4041 Arelatensis!
1370 3981 1453 4040 aaa
1470 4002 1528 4064 ,ap-

251 4065 361 4138 pellant.

335 4152 363 4211 2.
393 4153 493 4214 horrus,
511 4168 565 4225 quo
581 4151 778 4227 apologeticam
795 4154 862 4208 banc
877 4153 1019 4227 epistolam
1035 4155 1206 4228 conscripsit,
1228 4162 1319 4210 certus
1335 4171 1391 4209 non
1405 4163 1460 4211 est.
1494 4155 1526 4215 itt

250 4253 283 4291 eo
299 4244 401 4292 tanturn
416 4236 546 4293 baronius
563 4235 676 4311 ejusque
691 4255 789 4294 censor
800 4236 899 4312 Pagius
914 4241 1097 4302 consentiunt,
1114 4239 1187 4313 quod
1203 4239 1275 4295 illam
1286 4238 1392 4312 synodo
1405 4238 1527 4299 haimari

249 4320 319 4376 dicta
335 4323 513 4395 posteriorem
530 4339 660 4379 essenon
676 4322 808 4379 dubitent.
840 4323 892 4379 Sed
908 4333 934 4379 et
948 4325 999 4380 hoc
1009 4325 1090 4383 valde
1102 4326 1206 4381 incerto
1218 4332 1379 4399 argumento
1389 4325 1525 4399 probunt.

251 4404 296 4459 itis
312 4408 383 4462 euim
399 4409 459 4462 uuis
476 4409 600 4463 nitrrntur
615 4407 710 4470 serbis,
727 4408 824 4482 quibus
836 4408 1010 4482 Symutacbns
1023 4410 1077 4466 ni
1094 4412 1235 4466 Anastasio
1251 4411 1338 4484 ipsum
1353 4426 1409 4466 non
1422 4412 1526 4470 ordine
1588 4438 1592 4443 ·

249 4501 437 4547 consecratum
452 4509 512 4548 csse
529 4492 665 4563 objicienti
680 4494 843 4567 respondet:
866 4495 949 4550 inter
968 4499 1073 4554 imbres
1087 4497 1217 4568 tapidum
1233 4503 1310 4552 totns
1325 4499 1419 4557 masi:
1434 4500 1524 4569 juat-

250 4579 326 4631 canit
341 4577 429 4632 licus.
468 4577 520 4633 Pro
536 4587 611 4634 certo
629 4580 752 4634 nimirum
768 4588 882 4652 ponunt,
906 4580 971 4636 iilud
988 4581 1023 4638 ibi
1045 4581 1148 4636 facinus
1164 4581 1315 4643 memorari,
1339 4580 1413 4655 quod
1436 4600 1526 4660 supra

249 4661 363 4734 epistola
380 4662 399 4717 5
415 4663 471 4718 ab*
489 4671 620 4727 narratur,
636 4680 685 4719 seu
701 4664 820 4720 refricari
837 4666 888 4720 rim
904 4665 1063 4740 Symmacho
1080 4666 1188 4729 iliatam,
1211 4667 1274 4722 dnm
1290 4664 1322 4721 ad
1337 4665 1478 4740 synodum
1494 4672 1525 4727 itt

248 4745 354 4802 basilica
371 4747 520 4803 Sessoriani
541 4750 630 4823 palatii
650 4759 843 4825 congregatam
865 4752 1029 4824 procedens,
1057 4760 1169 4825 repente
1190 4750 1222 4806 ab
1243 4750 1408 4808 irruentibus
1431 4754 1524 4813 turbis

249 4841 289 4887 est
306 4833 453 4906 impetitus.
487 4838 518 4888 at
535 4852 616 4908 qurrm
634 4837 848 4909 responsionem,
871 4855 940 4909 quae
961 4840 992 4895 ad
1013 4839 1225 4909 consecrationis
1241 4837 1393 4911 Synrrnacbi
1404 4847 1523 4916 *tempus

248 4919 374 4982 attineat,
404 4937 448 4974 res
471 4918 574 4990 otiiecta
596 4921 730 4995 postoiet,
761 4939 791 4977 ac
812 4921 920 4978 biennio
941 4934 1004 4998 post
1027 4924 1256 4980 consecrationem
1277 4923 1351 4978 iilius
1366 4926 1525 5003 contigerit
