3204 5506
558 125 753 174 1111111111
776 117 826 173 13.
852 115 901 172 14.
1302 110 1364 176 261

12 261 65 373 11,
78 318 95 369 1
172 279 265 362 peciam
283 280 453 347 rolimtatis:
483 281 558 344 dum
583 279 707 344 scilicet
736 280 775 344 ad
803 279 1013 363 apostolicam
1039 281 1146 345 sedem
1175 280 1366 367 regulariter
1378 290 1491 362 (asso.)

10 374 15 389 ¹
168 378 303 465 1111111111,
324 404 380 468 per
404 403 501 468 quam
527 381 686 467 largiente
711 381 839 447 Christo
866 382 1009 446 omnium
1035 383 1192 447 solidatur
1221 384 1364 469 dignitas

10 471 55 547 ³³.
98 472 108 488 ⁴
159 482 317 570 maneum
353 484 436 571 quod
469 485 559 570 ipsae
588 483 769 549 dilectionis
797 487 871 548 tuae
898 484 1025 548 litterae
1057 492 1260 565 apostolorum
1287 506 1364 550 snm-

154 604 212 648 aaa
227 597 377 666 porcaque
399 594 476 666 fidei
507 600 537 652 et
563 594 700 652 coelestis
728 592 965 667 dispensatorem
998 595 1133 669 mysterii
1158 593 1282 650 creditis
1308 593 1368 651 sibi
1441 638 1444 645 ,

10 702 30 721 ““
145 691 251 752 ciniis
272 688 388 754 beatum
415 688 548 753 Petrum
576 690 757 773 apostolum
788 689 996 771 confitentur,
1033 689 1115 772 (quod
1142 689 1294 772 denique,
1330 692 1366 752 ut

15 836 30 873 .·
142 787 250 871 anplius
268 812 327 855 esse
347 791 517 855 unanimes
539 792 712 874 valeamus,
736 791 901 855 nobiscum
924 790 1127 855 dilectionem
1149 793 1238 854 tuam
1260 789 1365 854 ortho·
1467 858 1473 866 ,

10 966 22 981 ἱ
133 890 217 955 dorae
232 892 294 957 fidei
314 892 432 958 habere
453 892 535 958 velle
556 894 752 978 restaurari)
777 915 952 957 assensum.

196 993 222 1058 2.
256 994 336 1070 Quae
358 1017 457 1080 quum
477 1018 544 1060 uon
572 996 745 1060 mediocria
767 994 937 1058 videantur
958 995 1088 1077 indicia,
1113 995 1226 1078 quibus
1249 995 1288 1058 de
1310 999 1366 1059 tua

122 1099 215 1160 mente
238 1097 325 1162 nobis
352 1098 523 1182 procedere
544 1097 653 1161 votiva
675 1097 851 1180 credamne,
881 1096 920 1159 ad
948 1097 1167 1160 testimonium
1188 1096 1292 1179 majus
1315 1119 1366 1161 ac·

116 1199 207 1279 cessit,
235 1203 270 1263 nt
288 1199 348 1263 filii
369 1198 473 1263 nostri
495 1199 637 1284 religiosi
659 1199 820 1281 monachi,
850 1202 956 1262 rectae
982 1198 1054 1261 fidei
1078 1199 1276 1287 confessione
1300 1199 1365 1282 pol-

107 1299 213 1384 lentes,
249 1301 371 1386 pariter
404 1298 467 1373 huc
495 1301 651 1366 venirent.
702 1299 823 1376 Quibus
852 1302 962 1384 utique
990 1301 1099 1386 visis⁴)
1129 1301 1365 1364 aestimavimus

99 1425 158 1468 non
186 1403 283 1488 aliter
309 1402 503 1485 destinatos,
534 1403 597 1466 nisi
625 1402 808 1467 nominibus
836 1404 1069 1485 damnatorum,
1104 1426 1122 1465 a
1150 1425 1283 1487 quormn
1311 1403 1364 1467 ist'

10 1538 16 1545 ·
91 1506 318 1571 communione
339 1503 515 1587 distabant,
539 1505 578 1569 de
594 1504 953 1588 Constantinopolitana
976 1504 1110 1569 ecclesia
1128 1505 1198 1587 jam
1219 1506 1364 1589 repulsis.

10 1676 17 1681 ,
81 1608 199 1695 ltaque
232 1607 319 1672 nihil
348 1628 513 1692 superesse
535 1607 766 1691 perspeximus,
797 1607 860 1670 nisi
883 1610 919 1670 ut
940 1606 985 1688 hi,
1012 1608 1067 1690 qui
1089 1607 1269 1671 dilectionis
1291 1611 1366 1671 tuae
1409 1638 1412 1647 ·

18 1780 21 1785 ,
73 1710 244 1796 synodica
272 1708 481 1792 bajulabant,
520 1709 753 1784 communionis
779 1693 980 1793 ⁸apostolicae
1007 1709 1255 1792 participatione
1281 1710 1365 1773 frue-
1440 1710 1442 1714 '

68 1817 205 1879 rentur.
257 1809 324 1877 Sed
346 1810 422 1874 dmn
445 1833 517 1875 cum
539 1811 618 1895 ipsis
640 1810 808 1875 sollicitius
831 1814 990 1895 ageretur,
1014 1814 1051 1873 ut
1073 1811 1099 1873 si
1122 1792 1257 1874 mallent
1279 1811 1366 1875 111111

64 1915 164 1982 Petri
192 1912 343 1998 apostoli
366 1914 624 1978 communionem
645 1912 730 1976 fideli
750 1914 842 1977 corde
858 1913 1028 1996 suscipere,
1053 1913 1293 1996 responderent,
1317 1912 1367 1977 vel

61 2041 98 2086 se
132 2017 190 2082 rel
228 2014 441 2079 dilectionem
468 2017 558 2079 tuam
587 2015 627 2079 ab
656 2014 867 2079 Alexandrini
895 2015 984 2079 Petri
1013 2015 1187 2098 Acaciique
1215 2014 1365 2099 deinceps

57 2118 282 2187 recitatione
304 2116 450 2181 futuram
471 2117 572 2181 modis
595 2117 743 2181 omnibus
766 2117 920 2182 alienam:
943 2117 989 2181 illi
1013 2117 1094 2181 nihil
1118 2112 1178 2179 sibi
1195 2116 1259 2181 tale
1277 2139 1365 2181 man-

56 2224 188 2289 datum
215 2220 325 2284 fuisse
347 2219 565 2303 perhibentes,
590 2219 717 2283 oblatae
742 2219 913 2283 salubriter
935 2221 1059 2304 gratiae
1082 2221 1211 2283 nostrae
1234 2241 1366 2283 consen-

53 2326 128 2392 tire
160 2321 368 2389 noluerunt.
414 2319 483 2396 Qua
511 2343 621 2385 comm
643 2321 848 2386 cunctatione
871 2323 1018 2405 permoti,
1047 2345 1145 2406 qumn
1168 2321 1294 2385 litterae
1316 2344 1366 2385 vc·
1400 2395 1414 2415 x

55 2429 211 2495 1111111
237 2422 296 2488 sel
316 2423 388 2507 ipsa
404 2444 511 2487 rerum
526 2423 692 2508 dispositio
707 2423 793 2487 alind
808 2425 994 2507 promittere
1011 2425 1182 2505 videretur,
1207 2427 1239 2486 et
1254 2423 1367 2486 relatio

54 2528 332 2617 praedietomm
358 2525 456 2611 longe
485 2525 578 2589 aliter
606 2548 701 2609 quam
729 2526 919 2610 sperabatur
946 2527 1082 2608 efferret,
1112 2525 1367 2589 communionem

10 2712 12 2721 Ι
55 2631 211 2719 quidem
244 2630 397 2692 nostram
425 2627 608 2691 contristati
636 2628 833 2710 distulimuS,
869 2649 965 2711 quam
992 2627 1122 2691 remotis
1151 2627 1367 2690 dubietatibus

10 2734 13 2765 ²
55 2733 284 2821 optabamus
316 2729 446 2813 plenam
475 2727 651 2794 catholicae
673 2729 758 2812 fidei,
787 2732 821 2792 et
842 2728 912 2810 hoc,
942 2729 1025 2812 quod
1053 2729 1137 2792 eirea
1159 2727 1367 2792 orthodoxam

57 2836 172 2902 fidem
199 2852 404 2897 eonsensum
425 2831 593 2896 nobiscum
616 2854 650 2895 se
672 2829 790 2895 habere
812 2831 969 2915 promisit,
994 2832 1187 2895 arbitramur
1209 2851 1277 2893 esse
1293 2852 1367 2893 ven-

57 2942 199 3003 turam.
258 2931 391 3017 Alioqui
424 2933 507 2997 nihil
539 2933 633 2998 nobis
666 2934 785 3017 poterit
818 2916 985 3017 imputari,
1021 2933 1047 2995 si
1081 2931 1367 3014 complectentibus
1468 3013 1475 3019 ἢ

61 3039 219 3105 foedera
253 3033 403 3100 caritatis
444 3035 529 3100 beati
563 3035 699 3119 apostoli
727 3034 816 3099 Petri
851 3035 1010 3098 consortio
1039 3033 1249 3098 Alexandrini
1279 3034 1366 3099 Petri

10 3124 226 3229 1111111111
250 3137 465 3222 praeferatur.
505 3137 579 3202 Erit
601 3137 686 3201 enim
702 3137 787 3221 apud
802 3136 905 3200 Deum
926 3135 1133 3219 hominesque
1148 3136 1365 3220 manifestum,

10 3232 16 3301 1
65 3243 158 3308 talia
184 3241 420 3325 perpetrantes
441 3260 508 3304 non
529 3242 640 3303 nostro
662 3238 741 3302 vitio
763 3239 817 3303 sed
840 3260 896 3302 suo
917 3258 1046 3322 prorsus
1066 3238 1198 3302 arbitrio
1213 3239 1365 3323 separari,

10 3344 17 3417 ἴ
68 3344 240 3428 idemque
264 3343 343 3405 ante
364 3340 508 3405 tribunal
523 3340 643 3406 Christi
665 3340 766 3405 modis
789 3340 936 3404 omnibus
950 3340 1138 3404 terribiliter
1145 3340 1365 3422 judicandum.

165 3446 205 3510 3.
254 3441 332 3507 Non
364 3465 474 3533 sumus
502 3443 694 3527 pertinaces,
724 3442 779 3506 scd
808 3442 960 3527 dogmata
988 3445 1123 3525 paterna
1152 3442 1366 3507 defendimus:

72 3544 361 3635 quemadmodum
390 3545 488 3609 etiam
515 3548 590 3609 tuae
618 3543 797 3609 dilectionis
820 3544 941 3629 pagina
963 3544 1155 3629 designavit,
1185 3544 1287 3609 zelum
1309 3567 1367 3630 pro

150 3752 176 3818 ⁸)
196 3748 277 3803 Dum
297 3747 369 3802 haec
391 3748 428 3802 ad
445 3748 565 3803 Felicem
582 3747 717 3803 scriberet
735 3748 818 3802 homo
837 3748 1002 3817 versipellis,
1027 3747 1181 3802 contrarias
1199 3748 1235 3801 ad
1253 3748 1366 3801 Petrum
1474 3734 1478 3742 ’

74 3835 227 3905 largum
250 3831 385 3887 mittebat
406 3832 527 3898 litteras,
550 3851 619 3902 quas
642 3833 778 3901 Euagrius
800 3834 851 3898 Ill,
875 3840 908 3887 23
932 3835 967 3887 ob
991 3833 1106 3886 nimiam
1129 3831 1318 3902 prolixitatem
1337 3850 1366 3887 se

77 3919 217 3975 ommno
233 3918 365 3972 testatur.
394 3916 437 3971 De
453 3916 496 3971 his
513 3916 613 3972 litteris
631 3917 752 3971 Felicem
769 3918 844 3987 prius
863 3918 899 3972 ab
918 3917 1078 3971 orthodoxis
1097 3917 1243 3971 certiorem
1263 3918 1367 3969 facturn

18 4062 21 4067 ,
78 4020 145 4061 ene
164 4018 260 4072 quam
277 3999 319 4054 illi
335 4001 514 4067 rescriberet,
533 4004 630 4057 auctor
648 4004 691 4056 est
706 4002 891 4073 Theophanes
912 4002 1115 4071 chronograph.
1135 4018 1199 4070 pag.
1213 4007 1266 4055 206*
1281 4001 1367 4054 etNi-

78 4088 231 4159 eephorus
248 4083 358 4140 Callisti
374 4085 401 4140 h.
416 4103 439 4140 e.
453 4085 529 4152 XVI,
544 4093 583 4141 lo.
620 4086 700 4152 Quod
717 4089 822 4141 tamem
840 4087 961 4156 prudens
979 4087 1104 4157 pontifex
1122 4085 1167 4141 hic
1185 4086 1346 4140 dissimulat.

150 4175 177 4240 ¹)
200 4170 218 4224 1
238 4186 265 4224 e.
284 4186 404 4241 quorum
422 4159 517 4225 audito
536 4171 669 4233 adventu,
688 4173 716 4225 et
734 4173 884 4239 autequam
903 4172 939 4225 ad
957 4171 1125 4240 colloquium
1143 4170 1366 4237 admitterentur,

79 4274 140 4313 uon
160 4254 224 4311 alia
241 4254 279 4308 de
295 4271 381 4309 causa
398 4270 445 4308 eos
462 4256 569 4310 1111111
587 4255 817 4321 existimavimus,
835 4256 886 4309 nisi
906 4258 937 4309 ut
954 4258 1067 4310 uomina
1085 4256 1280 4310 damnatorum
1295 4261 1368 4310 Petri

82 4345 273 4399 Alexandrini
289 4350 316 4394 ei
332 4343 444 4407 infelicis
462 4346 565 4408 Aeacii,
584 4343 616 4394 ut
633 4341 751 4411 epistola
770 4347 801 4394 to
820 4341 979 4412 exponitur,
999 4360 1014 4393 c
1033 4341 1118 4394 sacris
1131 4340 1262 4394 ecclcsiae
1276 4341 1366 4410 dipty-

25 4438 28 4443 '
81 4426 145 4481 chia
163 4424 281 4479 remota
297 4439 359 4478 1111
376 4424 552 4480 testarentur.
589 4424 697 4495 Quippe
715 4426 831 4480 verbum
848 4433 935 4481 cidere
953 4427 988 4478 de
1006 4425 1131 4494 quolibet
1148 4442 1228 4478 sensu
1248 4424 1301 4478 dici
1319 4444 1367 4479 no-

81 4514 147 4566 tum
165 4510 220 4564 111.
252 4506 333 4562 Missi
349 4508 446 4562 autem
462 4509 573 4565 fueraut
589 4511 629 4564 illi
647 4511 787 4574 monachi,
807 4518 837 4564 ut
848 4511 974 4564 Flavitae
987 4510 1022 4563 ad
1034 4511 1169 4578 Margum
1187 4509 1287 4564 litteris
1304 4526 1366 4578 pro-

45 4608 59 4631 ·
83 4595 153 4649 ditis
171 4591 306 4647 fraudem
324 4592 387 4662 ejus
405 4592 579 4650 manifestam
597 4596 732 4663 facerent,
752 4596 827 4665 qnod
845 4598 940 4651 tamen
952 4595 1029 4649 Felix
1047 4594 1100 4649 sibi
1113 4595 1252 4649 detectum
1267 4593 1366 4650 callide
