3204 5506
626 327 797 416 sersrons
822 361 849 416 r.
1256 354 1263 365 '
1311 354 1372 420 307

100 492 104 561 t
169 516 302 606 nimbis,
334 542 405 587 ecee
432 542 499 587 non
532 520 685 606 dignatus
718 525 767 585 est
800 522 854 586 ille
891 524 1065 588 rescribere
1098 545 1158 589 nec
1191 525 1281 588 vobis
1314 514 1374 589 nec
1392 525 1488 591 (8-488

167 619 258 708 nihili)
274 622 387 688 Videtis
401 624 598 688 obstinatam
613 624 787 707 perniciem
803 626 988 709 pravitatis:
1012 648 1120 690 nonne
1135 630 1168 690 ct
1182 630 1314 710 propter
1328 648 1376 690 re·

164 722 268 813 ligiam
281 731 310 790 et
323 730 453 811 propter
468 727 621 810 injuriam
631 733 770 792 vestram
786 727 908 792 debetis
923 729 1092 792 unanimes
1108 751 1176 792 esse
1192 729 1376 793 nobiscnm?

215 827 252 892 35.
289 835 383 894 Dicite
402 835 498 909 uota,
521 829 682 914 inquiunt,
706 843 805 896 naum
835 838 963 896 l'italem
985 845 1015 897 el
1037 838 1185 896 Misenum
1209 839 1380 897 absoluturi

151 932 206 1005 ‘alt
222 951 253 995 rr
270 953 338 997 aaa.
366 930 607 1016 Respondemus
631 937 663 996 et
686 935 868 1016 quaerimus
890 939 923 997 et
944 956 1003 997 nos
1025 957 1045 997 a
1069 935 1168 1015 vobis,
1192 938 1299 997 utrum
1322 956 1375 998 eos

157 1030 213 1094 alra
226 1032 279 1097 fide
303 1037 336 1098 et
367 1035 589 1100 communione
617 1035 776 1100 catholica
804 1041 837 1100 et
864 1037 947 1100 sedis
974 1037 1168 1119 apostolicae
1196 1037 1376 1101 reverentia

155 1131 235 1199 absolsi
253 1136 364 1220 velitis,
388 1158 431 1201 arr
453 1158 529 1203 non.
565 1137 598 1202 si
622 1138 719 1202 salvis
741 1138 806 1202 illis
830 1161 895 1202 non
919 1139 1026 1221 vultis,
1050 1162 1115 1202 non
1138 1161 1191 1202 eos
1207 1139 1268 1202 hoc
1282 1138 1376 1203 modo

154 1233 184 1296 rel
204 1235 367 1321 hujusmodi
400 1240 526 1303 ratione
558 1240 725 1305 solvemus.
769 1247 833 1304 Sed
851 1248 1047 1320 promisistis,
1084 1242 1244 1325 inquiunt.
1286 1237 1402 1317 Quod

152 1339 240 1417 promisi
258 1340 441 1427 legituroep
463 1342 524 1407 hoc
545 1365 633 1407 nunc
656 1343 821 1426 implere·
805 1343 974 1406 contendo.
1004 1343 1140 1407 Promisi
1163 1344 1248 1407 enim
1267 1349 1376 1408 delibe-

151 1451 255 1522 ruinam,
278 1449 427 1522 quomado
447 1452 533 1524 juste
553 1453 716 1538 videantur
744 1452 875 1518 absolai;
905 1444 965 1509 hoc
994 1447 1091 1509 etiam
1120 1468 1206 1509 nunc
1229 1447 1298 1510 sine
1321 1445 1376 1510 du-

151 1536 262 1609 bitatione
288 1547 452 1631 promitto.
497 1547 619 1612 Scitote
655 1570 731 1633 ergo
758 1548 1022 1612 deliberationem
1050 1551 1192 1612 nostram
1222 1549 1260 1611 ad
1291 1549 1377 1612 hunc

127 1643 236 1711 *ndum
254 1670 323 1712 csse
345 1650 548 1733 perductam:
577 1651 652 1735 quia
673 1651 751 1715 istos
780 1651 944 1714 absolvere
973 1673 1039 1715 non
1065 1650 1218 1733 valemus,
1250 1651 1312 1715 nisi
1342 1655 1378 1714 ut

149 1740 203 1821 juro
222 1755 327 1816 nostra
354 1753 517 1817 sententia
545 1757 622 1818 ante
649 1757 775 1837 tempus
803 1753 949 1817 videatur
976 1775 1045 1816 esse
1073 1752 1197 1836 laxata,
1233 1754 1296 1838 nisi
1324 1775 1377 1816 eos

151 1864 312 1918 exoneremus
340 1855 625 1938 praevaricationis
648 1856 788 1939 pondere
811 1855 1168 1938 excusabilioresquett)
1196 1855 1375 1937 reddamus

151 1943 302 2040 dirumque
325 1956 369 2020 ait
390 1960 533 2022 nostram
562 1960 596 2022 in
619 1979 673 2021 eos
696 1958 874 2041 anticipare.
902 1958 1106 2039 sententiam,
1137 1978 1215 2040 quos
1244 1958 1377 2020 rnirroris

152 2050 225 2136 tuipse
248 2059 487 2142 probaverimus
513 2061 677 2125 inventos:
705 2061 845 2144 satisque
875 2082 943 2123 csse
972 2060 1129 2141 dicamus,
1164 2081 1203 2121 ex
1231 2080 1267 2123 eo
1295 2060 1375 2143 ipsa,

152 2156 202 2232 qood
222 2159 336 2245 aliquid
365 2161 399 2224 in
432 2183 490 2225 sua
522 2162 643 2226 desidia
670 2163 879 2246 deliquerint,
914 2163 1078 2246 hucusque
1112 2165 1270 2225 correctos
1298 2165 1331 2225 et
1359 2184 1378 2225 a

152 2271 209 2323 nors
226 2263 445 2328 communione
473 2264 645 2329 submotas.
691 2264 735 2329 Ut
758 2269 863 2328 autem
887 2287 940 2327 cos
963 2265 1151 2346 relaxemus,
1183 2265 1377 2328 circumven-

150 2356 181 2418 tor
194 2361 391 2449 deceptosque
406 2366 557 2449 dicimus3
580 2367 735 2450 seqnitur,
759 2370 795 2431 ut
809 2369 965 2450 quantum
980 2367 1058 2431 istos
1074 2366 1226 2449 levamus,
1251 2370 1377 2430 tantum

149 2463 324 2543 Opprimamus
340 2468 504 2534 Acacium.
539 2469 651 2552 Neque
667 2470 753 2533 enim
764 2469 831 2552 jam
847 2468 898 2531 vel
913 2469 984 2532 istis
1000 2470 1085 2532 aliud
1102 2469 1205 2532 dicere
1221 2468 1271 2533 vel
1286 2470 1379 2533 nobis

146 2556 196 2626 litet
211 2568 289 2632 alind
312 2571 492 2655 aestimare,
522 2593 618 2654 quam
640 2571 731 2635 illum
753 2593 822 2636 esse
843 2573 942 2634 totius
964 2571 1248 2653 praevaricationis
1272 2576 1378 2635 ancto-

140 2681 198 2749 lenn
216 2671 368 2755 siquidem
390 2673 422 2736 id
444 2673 578 2737 istorum
602 2673 759 2738 confessio
786 2673 993 2758 synodalibus
1022 2673 1139 2737 dixisse
1168 2677 1318 2738 terreatur
1344 2676 1377 2737 irr

136 2770 220 2849 gens.
261 2773 377 2858 ltaque
399 2774 425 2837 si
448 2775 679 2840 assertionibus
707 2777 832 2841 iteratis
862 2780 894 2839 et
916 2776 1115 2859 professione
1144 2777 1310 2859 geminata
1332 2797 1379 2839 rc-

132 2873 256 2959 centiqne
284 2878 426 2940 tractatu
462 2879 558 2960 atque
590 2878 718 2942 decreto
744 2879 865 2962 justam
894 2899 962 2941 esse
991 2878 1201 2960 sententiam,
1236 2900 1317 2962 qnae
1346 2878 1377 2940 in
1420 2960 1422 2965 .

126 2971 261 3041 ricarium
287 2979 333 3042 sit
359 2977 500 3060 prolata,
532 3001 604 3043 cnm
632 2981 731 3044 totius
759 2982 868 3064 utique
898 2980 1182 3063 praevaricationis
1205 3000 1379 3063 exaggera·

121 3075 195 3143 tione
215 3080 395 3162 firmemus,
415 3101 479 3159 „vos
501 3083 655 3165 reperite,
686 3082 842 3166 quomodo
869 3085 981 3165 postea
1004 3083 1105 3165 possit
1127 3082 1258 3164 absolvi,
1286 3103 1379 3164 quem

114 3183 244 3266 repetite
267 3181 499 3265 quodammodo
526 3185 760 3248 contestatione
782 3184 981 3247 damnamus.
1027 3183 1308 3264 Quemadmodum,
1332 3183 1379 3246 in·

107 3307 208 3370 qnam,
232 3283 387 3348 molimur
408 3284 582 3367 absolvere,
612 3287 711 3351 totins
734 3286 870 3351 vinculis
893 3286 1177 3369 praevaricationis
1206 3286 1379 3369 obstringi-

101 3409 180 3472 mus,
212 3389 252 3451 et
272 3378 370 3470 quern
391 3384 496 3450 levare
519 3387 669 3470 nitimur,
699 3392 768 3452 toto
798 3387 938 3471 pondere
965 3387 1183 3451 damnationis
1205 3388 1378 3451 obruimus.

100 3490 211 3576 ltaque
237 3491 300 3552 aut
321 3488 377 3551 isti
398 3476 595 3572 exspectent,
621 3494 656 3553 ut
677 3492 884 3573 curationel‘l)
914 3498 1005 3554 lolius
1029 3496 1184 3555 Ecclesiae
1206 3489 1380 3553 secundum

100 3589 305 3659 sistentiam
327 3588 514 3672 liberentur,
540 3594 596 3654 aut
611 3592 765 3675 spondete
788 3592 881 3655 nobis
900 3592 959 3655 sub
971 3592 1191 3676 jurejurando,
1216 3616 1380 3676 nunquam

100 3700 124 3763 le
150 3692 280 3761 Aeacii
307 3690 508 3756 absolutione
531 3692 694 3776 quidpiam
718 3716 786 3757 csse
808 3693 1015 3777 poscendum.
1061 3695 1125 3759 Cur
1147 3695 1232 3758 enim
1256 3699 1315 3778 est,
1344 3701 1381 3758 ut

100 3941 135 3978 rc
155 3915 318 3974 trmrolata
339 3914 410 3967 sunt.
447 3911 524 3978 Quae
541 3916 636 3968 autam
657 3915 698 3969 ibi
716 3918 886 3970 memoratur
908 3915 1047 3985 pontificis
1070 3915 1105 3970 ad
1124 3915 1268 3986 episcopos
1287 3916 1380 3970 Orien-

100 4008 154 4063 Jes
182 4016 249 4074 pro
269 3997 525 4053 monendoltcacio
542 3998 678 4066 incitatio,
697 4018 758 4053 eum
776 4000 887 4055 illorum
906 4001 1016 4069 scriptis
1032 4001 1159 4070 deperiit
1191 4002 1267 4055 (loni.
1282 4001 1381 4054 notitia

100 4094 162 4148 rint.
188 4085 291 4143 Felic.
312 4081 337 4135 11
354 4097 410 4136 non
428 4085 496 4153 exst.
515 4101 542 4138 rr.
560 4084 581 4138 1.

146 4180 189 4243 η)
212 4169 261 4226 N³
279 4173 351 4236 φερέ,
369 4167 524 4236 quodcum
540 4167 616 4223 Man
632 4169 809 4225 correximus.
844 4169 950 4226 Deinde
968 4144 1160 4234 liisrlaanlur,
1180 4168 1314 4224 rrbiMaff.
1328 4175 1380 4222 sal

100 4283 181 4323 m,
206 4271 270 4311 nos
289 4260 412 4306 solvemur
430 4252 607 4307 correximus.

145 4351 189 4415 Ψ)
215 4341 258 4396 Et
278 4339 353 4392 haee
370 4337 482 4406 quidem
501 4339 695 4432 episcoporum
713 4341 896 4395 Orientalium
915 4357 966 4410 pro
976 4339 1069 4393 Vrtale
1087 4343 1117 4394 ct
1127 4339 1233 4394 Miseno
1251 4339 1381 4393 interces

100 4447 218 4490 ‚cum
239 4421 387 4496 pontificia
404 4422 587 4492 promissione
606 4423 737 4493 deperiit;
757 4427 827 4480 conf.
849 4426 1042 4495 notitiacpist.
1022 4425 1138 4479 illelic
1153 4426 1176 4477 ll
1193 4443 1247 4479 rrorr
1262 4427 1379 4479 exstant

111 4515 195 4575 XIV
208 4512 245 4566 et
258 4506 325 4564 XV.
880 4530 883 4535 ’

145 4605 189 4670 θ’)
214 4592 305 4651 Editi
322 4610 385 4647 eum
397 4592 471 4648 Man.
491 4598 707 4667 curabilioresque
781 4602 811 4650 Si
827 4608 921 4662 aulem,
942 4610 968 4651 ul
986 4617 1029 4650 eos
1043 4605 1187 4650 relmecrrrus
1254 4603 1311 4662 jam
1324 4602 1382 4651 oeli·

100 4717 105 4746 f
125 4689 222 4745 aiud
240 4686 346 4736 dicere.
379 4677 444 4733 Mox
461 4695 513 4749 pro
533 4683 741 4744 Quemadmodum
760 4681 854 4734 rnalim
873 4686 948 4746 Quem
966 4688 1030 4735 darre.

148 4775 192 4840 ¹⁰)
216 4765 263 4820 Ut
284 4762 349 4833 jam
371 4781 455 4834 supra
477 4766 533 4818 not.
553 4770 587 4819 ts
609 4765 777 4832 monuimus,
799 4766 939 4820 sententia
960 4766 988 4820 in
1007 4765 1139 4820 Acacium
1163 4767 1204 4822 ita
1221 4768 1280 4822 tate
1298 4768 1381 4820 fuisse

100 4860 224 4919 detur,
250 4851 366 4904 utnon
388 4847 440 4903 uisi
457 4855 589 4906 curatione
608 4857 684 4905 lolius
704 4855 835 4906 Ecclesiae
854 4852 878 4905 lr.
900 4868 923 4904 e.
943 4851 1100 4905 sublatione
1121 4853 1208 4906 totius
1226 4851 1383 4905 schismatis

100 4937 236 5000 slvendfl
254 4934 343 4990 efflet.
363 4963 397 4972 -·
412 4933 476 4989 Mox
493 4934 530 4990 N³
548 4939 608 4989 Cam
626 4940 701 4998 enim,
722 4938 750 4989 et
768 4936 867 4989 deinde
886 4936 954 4990 editi
971 4941 1136 5005 proditionis.
1157 4954 1158 4957 ’

1113 5023 1180 5088 20*

1388 597 1494 661 -rsrr
