<?xml version="1.0" encoding="UTF-8"?>
<!DOCTYPE html PUBLIC "-//W3C//DTD XHTML 1.0 Transitional//EN"
    "http://www.w3.org/TR/xhtml1/DTD/xhtml1-transitional.dtd">
<html xmlns="http://www.w3.org/1999/xhtml" xml:lang="en" lang="en">
 <head>
  <title>
</title>
<meta http-equiv="Content-Type" content="text/html;charset=utf-8" />
  <meta name='ocr-system' content='tesseract 3.04.00' />
  <meta name='ocr-capabilities' content='ocr_page ocr_carea ocr_par ocr_line ocrx_word'/>
</head>
<body>
  <div class='ocr_page' id='page_1' title='image "./epistolaeromano00thiegoog/epistolaeromano00thiegoog_0295.png"; bbox 0 0 3204 5506; ppageno 0'>
   <div class='ocr_carea' id='block_1_1' title="bbox 230 341 1048 417">
    <p class='ocr_par' dir='ltr' id='par_1_1' title="bbox 230 341 1048 417">
     <span class='ocr_line' id='line_1_1' title="bbox 230 341 1048 417; baseline -0.006 -1"><span class='ocrx_word' id='word_1_1' title='bbox 230 353 293 417; x_wconf 75' lang='lat'>246</span> <span class='ocrx_word' id='word_1_2' title='bbox 498 341 506 370; x_wconf 78' lang='lat'>⁸</span> <span class='ocrx_word' id='word_1_3' title='bbox 681 368 709 414; x_wconf 90' lang='lat' dir='ltr'>s.</span> <span class='ocrx_word' id='word_1_4' title='bbox 727 367 862 413; x_wconf 82' lang='lat' dir='ltr'>ranrcis</span> <span class='ocrx_word' id='word_1_5' title='bbox 886 368 911 412; x_wconf 90' lang='lat'>11</span> <span class='ocrx_word' id='word_1_6' title='bbox 935 365 1048 412; x_wconf 74' lang='lat' dir='ltr'>aaran</span> 
     </span>
    </p>
   </div>
   <div class='ocr_carea' id='block_1_2' title="bbox 122 518 1515 1723">
    <p class='ocr_par' dir='ltr' id='par_1_2' title="bbox 122 518 1514 1012">
     <span class='ocr_line' id='line_1_2' title="bbox 122 518 1513 605; baseline -0.004 -17"><span class='ocrx_word' id='word_1_7' title='bbox 122 538 215 589; x_wconf 77' lang='grc'><strong>1481.</strong></span> <span class='ocrx_word' id='word_1_8' title='bbox 229 521 330 586; x_wconf 90' lang='lat' dir='ltr'>suisti.</span> <span class='ocrx_word' id='word_1_9' title='bbox 376 521 440 584; x_wconf 85' lang='lat' dir='ltr'>Eos</span> <span class='ocrx_word' id='word_1_10' title='bbox 450 522 487 605; x_wconf 76' lang='grc'>18)</span> <span class='ocrx_word' id='word_1_11' title='bbox 516 542 638 604; x_wconf 67' lang='lat' dir='ltr'>(quoque</span> <span class='ocrx_word' id='word_1_12' title='bbox 667 523 772 595; x_wconf 84' lang='lat' dir='ltr'>tecum</span> <span class='ocrx_word' id='word_1_13' title='bbox 799 519 916 583; x_wconf 88' lang='lat' dir='ltr'>litteris</span> <span class='ocrx_word' id='word_1_14' title='bbox 946 519 1010 582; x_wconf 88' lang='lat' dir='ltr'>tuis</span> <span class='ocrx_word' id='word_1_15' title='bbox 1034 518 1268 583; x_wconf 86' lang='lat' dir='ltr'>communicare</span> <span class='ocrx_word' id='word_1_16' title='bbox 1294 521 1443 583; x_wconf 85' lang='lat' dir='ltr'>testatus</span> <span class='ocrx_word' id='word_1_17' title='bbox 1466 539 1513 600; x_wconf 85' lang='lat' dir='ltr'>es,</span> 
     </span>
     <span class='ocr_line' id='line_1_3' title="bbox 229 620 1514 708; baseline -0.002 -21"><span class='ocrx_word' id='word_1_18' title='bbox 229 646 307 708; x_wconf 91' lang='lat' dir='ltr'>quos</span> <span class='ocrx_word' id='word_1_19' title='bbox 336 627 462 687; x_wconf 86' lang='lat' dir='ltr'>constat</span> <span class='ocrx_word' id='word_1_20' title='bbox 490 623 678 687; x_wconf 88' lang='lat' dir='ltr'>haereticos.</span> <span class='ocrx_word' id='word_1_21' title='bbox 724 621 806 696; x_wconf 80' lang='lat' dir='ltr'>Quid</span> <span class='ocrx_word' id='word_1_22' title='bbox 833 621 918 685; x_wconf 88' lang='lat' dir='ltr'>enim</span> <span class='ocrx_word' id='word_1_23' title='bbox 948 623 1024 684; x_wconf 88' lang='lat' dir='ltr'>sunt</span> <span class='ocrx_word' id='word_1_24' title='bbox 1052 621 1136 684; x_wconf 91' lang='lat' dir='ltr'>aliud</span> <span class='ocrx_word' id='word_1_25' title='bbox 1143 671 1152 703; x_wconf 85' lang='lat'><strong><em>,</em></strong></span> <span class='ocrx_word' id='word_1_26' title='bbox 1193 621 1247 704; x_wconf 94' lang='lat' dir='ltr'>qui</span> <span class='ocrx_word' id='word_1_27' title='bbox 1275 624 1356 705; x_wconf 84' lang='lat' dir='ltr'>post</span> <span class='ocrx_word' id='word_1_28' title='bbox 1384 620 1514 685; x_wconf 89' lang='lat' dir='ltr'>obitum</span> 
     </span>
     <span class='ocr_line' id='line_1_4' title="bbox 230 721 1514 804; baseline -0.003 -16"><span class='ocrx_word' id='word_1_29' title='bbox 230 728 360 788; x_wconf 86' lang='lat' dir='ltr'>sanctae</span> <span class='ocrx_word' id='word_1_30' title='bbox 383 726 554 788; x_wconf 81' lang='lat' dir='ltr'>memoriae</span> <span class='ocrx_word' id='word_1_31' title='bbox 576 724 735 788; x_wconf 76' lang='lat' dir='ltr'><strong>Timothei</strong></span> <span class='ocrx_word' id='word_1_32' title='bbox 765 730 808 787; x_wconf 84' lang='lat' dir='ltr'>ad</span> <span class='ocrx_word' id='word_1_33' title='bbox 834 731 992 788; x_wconf 84' lang='lat' dir='ltr'>ecclesium</span> <span class='ocrx_word' id='word_1_34' title='bbox 1014 729 1067 787; x_wconf 83' lang='lat' dir='ltr'>sut</span> <span class='ocrx_word' id='word_1_35' title='bbox 1091 729 1181 787; x_wconf 86' lang='lat' dir='ltr'>Petro</span> <span class='ocrx_word' id='word_1_36' title='bbox 1203 727 1348 799; x_wconf 80' lang='lat' dir='ltr'>redeant,</span> <span class='ocrx_word' id='word_1_37' title='bbox 1381 721 1437 786; x_wconf 89' lang='lat' dir='ltr'>vel</span> <span class='ocrx_word' id='word_1_38' title='bbox 1459 721 1514 804; x_wconf 92' lang='lat' dir='ltr'>qui</span> 
     </span>
     <span class='ocr_line' id='line_1_5' title="bbox 228 822 1513 911; baseline -0.002 -20"><span class='ocrx_word' id='word_1_39' title='bbox 228 850 259 891; x_wconf 88' lang='lat' dir='ltr'>se</span> <span class='ocrx_word' id='word_1_40' title='bbox 281 849 321 891; x_wconf 78' lang='lat' dir='ltr'>ce</span> <span class='ocrx_word' id='word_1_41' title='bbox 349 832 508 891; x_wconf 76' lang='lat' dir='ltr'><em>catholicis</em></span> <span class='ocrx_word' id='word_1_42' title='bbox 529 832 624 891; x_wconf 89' lang='lat' dir='ltr'>eidem</span> <span class='ocrx_word' id='word_1_43' title='bbox 652 833 864 908; x_wconf 81' lang='lat' dir='ltr'>tradiderunt,</span> <span class='ocrx_word' id='word_1_44' title='bbox 893 825 957 889; x_wconf 91' lang='lat' dir='ltr'>nisi</span> <span class='ocrx_word' id='word_1_45' title='bbox 967 826 1005 911; x_wconf 74' lang='grc'>11)</span> <span class='ocrx_word' id='word_1_46' title='bbox 1028 823 1110 908; x_wconf 93' lang='lat' dir='ltr'>quod</span> <span class='ocrx_word' id='word_1_47' title='bbox 1132 823 1244 887; x_wconf 86' lang='lat' dir='ltr'>Petrus</span> <span class='ocrx_word' id='word_1_48' title='bbox 1268 824 1310 887; x_wconf 91' lang='lat' dir='ltr'>ab</span> <span class='ocrx_word' id='word_1_49' title='bbox 1331 822 1513 888; x_wconf 79' lang='lat' dir='ltr'>universali</span> 
     </span>
     <span class='ocr_line' id='line_1_6' title="bbox 230 927 917 1012; baseline -0.004 -19"><span class='ocrx_word' id='word_1_50' title='bbox 230 928 375 993; x_wconf 73' lang='lat' dir='ltr'>Ecclesia</span> <span class='ocrx_word' id='word_1_51' title='bbox 398 933 492 1012; x_wconf 82' lang='lat' dir='ltr'>atque</span> <span class='ocrx_word' id='word_1_52' title='bbox 516 930 586 991; x_wconf 77' lang='lat' dir='ltr'>u&#39;te</span> <span class='ocrx_word' id='word_1_53' title='bbox 608 928 714 991; x_wconf 82' lang='lat' dir='ltr'>tuerat</span> <span class='ocrx_word' id='word_1_54' title='bbox 731 927 917 1009; x_wconf 82' lang='lat' dir='ltr'>judicatus?</span> 
     </span>
    </p>

    <p class='ocr_par' dir='ltr' id='par_1_3' title="bbox 231 1027 1514 1418">
     <span class='ocr_line' id='line_1_7' title="bbox 314 1027 1514 1113; baseline -0.002 -19"><span class='ocrx_word' id='word_1_55' title='bbox 314 1032 345 1094; x_wconf 81' lang='lat'>2.</span> <span class='ocrx_word' id='word_1_56' title='bbox 391 1030 483 1094; x_wconf 89' lang='lat' dir='ltr'>Habe</span> <span class='ocrx_word' id='word_1_57' title='bbox 512 1052 588 1111; x_wconf 75' lang='lat' dir='ltr'>crgo</span> <span class='ocrx_word' id='word_1_58' title='bbox 617 1052 688 1093; x_wconf 80' lang='lat' dir='ltr'>euni</span> <span class='ocrx_word' id='word_1_59' title='bbox 717 1029 778 1110; x_wconf 86' lang='lat' dir='ltr'>his,</span> <span class='ocrx_word' id='word_1_60' title='bbox 807 1052 885 1113; x_wconf 91' lang='lat' dir='ltr'>quos</span> <span class='ocrx_word' id='word_1_61' title='bbox 912 1028 1051 1092; x_wconf 75' lang='lat' dir='ltr'>libenter</span> <span class='ocrx_word' id='word_1_62' title='bbox 1079 1028 1291 1112; x_wconf 63' lang='lat' dir='ltr'>amplecteris</span> <span class='ocrx_word' id='word_1_63' title='bbox 1322 1027 1514 1112; x_wconf 87' lang='lat' dir='ltr'>portionem</span> 
     </span>
     <span class='ocr_line' id='line_1_8' title="bbox 231 1129 1514 1215; baseline 0 -20"><span class='ocrx_word' id='word_1_64' title='bbox 231 1154 269 1195; x_wconf 87' lang='lat' dir='ltr'>ex</span> <span class='ocrx_word' id='word_1_65' title='bbox 298 1132 460 1195; x_wconf 87' lang='lat' dir='ltr'>sententia</span> <span class='ocrx_word' id='word_1_66' title='bbox 482 1131 655 1215; x_wconf 73' lang='lat' dir='ltr'>praesenti,</span> <span class='ocrx_word' id='word_1_67' title='bbox 685 1152 780 1214; x_wconf 87' lang='lat' dir='ltr'>quam</span> <span class='ocrx_word' id='word_1_68' title='bbox 808 1131 912 1215; x_wconf 58' lang='lat' dir='ltr'>perii)</span> <span class='ocrx_word' id='word_1_69' title='bbox 935 1130 1052 1193; x_wconf 89' lang='lat' dir='ltr'>Tutum</span> <span class='ocrx_word' id='word_1_70' title='bbox 1075 1130 1135 1193; x_wconf 88' lang='lat' dir='ltr'>tibi</span> <span class='ocrx_word' id='word_1_71' title='bbox 1154 1130 1328 1193; x_wconf 84' lang='lat' dir='ltr'>direximus</span> <span class='ocrx_word' id='word_1_72' title='bbox 1352 1129 1514 1195; x_wconf 83' lang='lat' dir='ltr'>eeclesiae</span> 
     </span>
     <span class='ocr_line' id='line_1_9' title="bbox 231 1230 1514 1297; baseline -0.001 0"><span class='ocrx_word' id='word_1_73' title='bbox 231 1234 446 1297; x_wconf 84' lang='lat' dir='ltr'>defensorem:</span> <span class='ocrx_word' id='word_1_74' title='bbox 481 1232 671 1297; x_wconf 69' lang='lat' dir='ltr'>sarcerdotali</span> <span class='ocrx_word' id='word_1_75' title='bbox 698 1231 818 1296; x_wconf 90' lang='lat' dir='ltr'>honore</span> <span class='ocrx_word' id='word_1_76' title='bbox 850 1238 883 1296; x_wconf 88' lang='lat' dir='ltr'>et</span> <span class='ocrx_word' id='word_1_77' title='bbox 911 1232 1133 1295; x_wconf 85' lang='lat' dir='ltr'>communione</span> <span class='ocrx_word' id='word_1_78' title='bbox 1162 1230 1322 1296; x_wconf 89' lang='lat' dir='ltr'>catholica</span> <span class='ocrx_word' id='word_1_79' title='bbox 1352 1252 1418 1296; x_wconf 87' lang='lat' dir='ltr'>nee</span> <span class='ocrx_word' id='word_1_80' title='bbox 1447 1254 1514 1296; x_wconf 91' lang='lat' dir='ltr'>non</span> 
     </span>
     <span class='ocr_line' id='line_1_10' title="bbox 232 1334 1514 1418; baseline -0.001 -19"><span class='ocrx_word' id='word_1_81' title='bbox 232 1336 330 1399; x_wconf 83' lang='lat' dir='ltr'>etiam</span> <span class='ocrx_word' id='word_1_82' title='bbox 353 1360 371 1398; x_wconf 91' lang='lat' dir='ltr'>a</span> <span class='ocrx_word' id='word_1_83' title='bbox 393 1335 533 1399; x_wconf 82' lang='lat' dir='ltr'>fidelirun</span> <span class='ocrx_word' id='word_1_84' title='bbox 555 1357 688 1398; x_wconf 86' lang='lat' dir='ltr'>numero</span> <span class='ocrx_word' id='word_1_85' title='bbox 711 1339 909 1418; x_wconf 78' lang='lat' dir='ltr'>segregatus,</span> <span class='ocrx_word' id='word_1_86' title='bbox 934 1334 1095 1398; x_wconf 87' lang='lat' dir='ltr'>sublatum</span> <span class='ocrx_word' id='word_1_87' title='bbox 1112 1334 1171 1397; x_wconf 91' lang='lat' dir='ltr'>tibi</span> <span class='ocrx_word' id='word_1_88' title='bbox 1194 1355 1312 1397; x_wconf 90' lang='lat' dir='ltr'>nemen</span> <span class='ocrx_word' id='word_1_89' title='bbox 1336 1337 1371 1396; x_wconf 90' lang='lat' dir='ltr'>et</span> <span class='ocrx_word' id='word_1_90' title='bbox 1393 1355 1514 1398; x_wconf 86' lang='lat' dir='ltr'>munus</span> 
     </span>
    </p>

    <p class='ocr_par' dir='ltr' id='par_1_4' title="bbox 133 1434 1515 1723">
     <span class='ocr_line' id='line_1_11' title="bbox 133 1434 1514 1520; baseline 0 -20"><span class='ocrx_word' id='word_1_91' title='bbox 133 1439 137 1448; x_wconf 85' lang='lat'>&#39;</span> <span class='ocrx_word' id='word_1_92' title='bbox 231 1437 402 1500; x_wconf 88' lang='lat' dir='ltr'>ministerii</span> <span class='ocrx_word' id='word_1_93' title='bbox 430 1435 635 1501; x_wconf 86' lang='lat' dir='ltr'>sacerdotalis</span> <span class='ocrx_word' id='word_1_94' title='bbox 658 1457 808 1520; x_wconf 78' lang='lat' dir='ltr'>agnosce,</span> <span class='ocrx_word' id='word_1_95' title='bbox 838 1436 941 1500; x_wconf 89' lang='lat' dir='ltr'>sancti</span> <span class='ocrx_word' id='word_1_96' title='bbox 966 1435 1103 1519; x_wconf 80' lang='lat' dir='ltr'>Spiritus</span> <span class='ocrx_word' id='word_1_97' title='bbox 1127 1436 1248 1518; x_wconf 88' lang='lat' dir='ltr'>judicie</span> <span class='ocrx_word' id='word_1_98' title='bbox 1271 1438 1304 1498; x_wconf 91' lang='lat' dir='ltr'>et</span> <span class='ocrx_word' id='word_1_99' title='bbox 1328 1434 1514 1517; x_wconf 84' lang='lat' dir='ltr'>apostoliea</span> 
     </span>
     <span class='ocr_line' id='line_1_12' title="bbox 232 1536 1514 1623; baseline -0.001 -21"><span class='ocrx_word' id='word_1_100' title='bbox 232 1561 290 1623; x_wconf 88' lang='lat' dir='ltr'>per</span> <span class='ocrx_word' id='word_1_101' title='bbox 311 1539 417 1621; x_wconf 78' lang='lat' dir='ltr'>nos²¹)</span> <span class='ocrx_word' id='word_1_102' title='bbox 445 1538 638 1602; x_wconf 78' lang='lat' dir='ltr'>arietoritate</span> <span class='ocrx_word' id='word_1_103' title='bbox 660 1539 841 1620; x_wconf 82' lang='lat' dir='ltr'>damnatus,</span> <span class='ocrx_word' id='word_1_104' title='bbox 872 1559 1097 1621; x_wconf 83' lang='lat' dir='ltr'>nunquamque</span> <span class='ocrx_word' id='word_1_105' title='bbox 1126 1537 1345 1601; x_wconf 69' lang='lat' dir='ltr'>anathematis</span> <span class='ocrx_word' id='word_1_106' title='bbox 1371 1536 1514 1601; x_wconf 84' lang='lat' dir='ltr'>vinculis</span> 
     </span>
     <span class='ocr_line' id='line_1_13' title="bbox 233 1636 1515 1723; baseline -0.002 -19"><span class='ocrx_word' id='word_1_107' title='bbox 233 1641 412 1704; x_wconf 77' lang='lat' dir='ltr'>exarandus!</span> <span class='ocrx_word' id='word_1_108' title='bbox 451 1640 577 1705; x_wconf 76' lang='lat' dir='ltr'>Caelius</span> <span class='ocrx_word' id='word_1_109' title='bbox 593 1640 682 1704; x_wconf 82' lang='lat' dir='ltr'>Felix</span> <span class='ocrx_word' id='word_1_110' title='bbox 705 1640 872 1723; x_wconf 88' lang='lat' dir='ltr'>episcopus</span> <span class='ocrx_word' id='word_1_111' title='bbox 894 1643 1031 1704; x_wconf 86' lang='lat' dir='ltr'>sanctae</span> <span class='ocrx_word' id='word_1_112' title='bbox 1049 1639 1201 1704; x_wconf 88' lang='lat' dir='ltr'>ecclesiae</span> <span class='ocrx_word' id='word_1_113' title='bbox 1224 1636 1408 1704; x_wconf 82' lang='lat' dir='ltr'>catholicae</span> <span class='ocrx_word' id='word_1_114' title='bbox 1424 1637 1515 1703; x_wconf 85' lang='lat' dir='ltr'>urbis</span> 
     </span>
    </p>
   </div>
   <div class='ocr_carea' id='block_1_3' title="bbox 193 1943 1553 4982">
    <p class='ocr_par' dir='ltr' id='par_1_5' title="bbox 234 1943 1516 2098">
     <span class='ocr_line' id='line_1_14' title="bbox 302 1943 1516 2014; baseline 0.002 -18"><span class='ocrx_word' id='word_1_115' title='bbox 302 1944 377 2012; x_wconf 58' lang='grc' dir='ltr'>Ι1)(1*</span> <span class='ocrx_word' id='word_1_116' title='bbox 400 1949 502 2014; x_wconf 82' lang='lat' dir='ltr'>Easque</span> <span class='ocrx_word' id='word_1_117' title='bbox 523 1952 617 1998; x_wconf 80' lang='lat' dir='ltr'>litteris</span> <span class='ocrx_word' id='word_1_118' title='bbox 692 1956 791 1998; x_wconf 87' lang='lat' dir='ltr'>constat</span> <span class='ocrx_word' id='word_1_119' title='bbox 814 1965 869 1998; x_wconf 88' lang='lat' dir='ltr'>esse</span> <span class='ocrx_word' id='word_1_120' title='bbox 893 1949 1044 1998; x_wconf 82' lang='lat' dir='ltr'>haereticas.</span> <span class='ocrx_word' id='word_1_121' title='bbox 1080 1945 1113 1997; x_wconf 78' lang='lat' dir='ltr'>F²</span> <span class='ocrx_word' id='word_1_122' title='bbox 1133 1948 1169 1997; x_wconf 84' lang='lat' dir='ltr'>Et</span> <span class='ocrx_word' id='word_1_123' title='bbox 1185 1948 1230 1998; x_wconf 81' lang='lat' dir='ltr'>has</span> <span class='ocrx_word' id='word_1_124' title='bbox 1253 1963 1363 2014; x_wconf 74' lang='lat' dir='ltr'>quaque.</span> <span class='ocrx_word' id='word_1_125' title='bbox 1404 1943 1516 2001; x_wconf 76' lang='lat' dir='ltr'>Deinde</span> 
     </span>
     <span class='ocr_line' id='line_1_15' title="bbox 234 2028 1159 2098; baseline -0.001 -16"><span class='ocrx_word' id='word_1_126' title='bbox 234 2036 282 2083; x_wconf 85' lang='lat' dir='ltr'>tuis</span> <span class='ocrx_word' id='word_1_127' title='bbox 300 2032 329 2082; x_wconf 92' lang='lat' dir='ltr'>et</span> <span class='ocrx_word' id='word_1_128' title='bbox 346 2049 373 2083; x_wconf 88' lang='lat' dir='ltr'>es</span> <span class='ocrx_word' id='word_1_129' title='bbox 392 2028 565 2083; x_wconf 88' lang='lat' dir='ltr'>desideratur</span> <span class='ocrx_word' id='word_1_130' title='bbox 582 2029 611 2082; x_wconf 90' lang='lat' dir='ltr'>in</span> <span class='ocrx_word' id='word_1_131' title='bbox 629 2030 755 2098; x_wconf 88' lang='lat' dir='ltr'>pluribus</span> <span class='ocrx_word' id='word_1_132' title='bbox 773 2047 834 2082; x_wconf 77' lang='lat' dir='ltr'>uass.</span> <span class='ocrx_word' id='word_1_133' title='bbox 855 2029 951 2094; x_wconf 87' lang='lat' dir='ltr'>(etiam</span> <span class='ocrx_word' id='word_1_134' title='bbox 969 2029 998 2081; x_wconf 89' lang='lat' dir='ltr'>in</span> <span class='ocrx_word' id='word_1_135' title='bbox 1016 2029 1047 2081; x_wconf 67' lang='lat' dir='ltr'>E*</span> <span class='ocrx_word' id='word_1_136' title='bbox 1061 2029 1159 2096; x_wconf 60' lang='grc'><strong>1111).</strong></span> 
     </span>
    </p>

    <p class='ocr_par' dir='ltr' id='par_1_6' title="bbox 303 2112 1518 2182">
     <span class='ocr_line' id='line_1_16' title="bbox 303 2112 1518 2182; baseline 0.002 -16"><span class='ocrx_word' id='word_1_137' title='bbox 303 2117 333 2181; x_wconf 76' lang='lat'>¹⁹)</span> <span class='ocrx_word' id='word_1_138' title='bbox 352 2115 387 2166; x_wconf 74' lang='grc' dir='ltr'>Ι)1</span> <span class='ocrx_word' id='word_1_139' title='bbox 406 2136 456 2167; x_wconf 81' lang='lat' dir='ltr'>neu</span> <span class='ocrx_word' id='word_1_140' title='bbox 474 2121 549 2182; x_wconf 71' lang='lat' dir='ltr'>paracl.</span> <span class='ocrx_word' id='word_1_141' title='bbox 586 2114 668 2168; x_wconf 86' lang='lat' dir='ltr'>Hisce</span> <span class='ocrx_word' id='word_1_142' title='bbox 688 2114 834 2168; x_wconf 84' lang='lat' dir='ltr'>concinens</span> <span class='ocrx_word' id='word_1_143' title='bbox 853 2113 989 2182; x_wconf 77' lang='lat' dir='ltr'>Evagrius</span> <span class='ocrx_word' id='word_1_144' title='bbox 1007 2114 1033 2166; x_wconf 90' lang='lat' dir='ltr'>h.</span> <span class='ocrx_word' id='word_1_145' title='bbox 1049 2131 1071 2167; x_wconf 89' lang='grc'>0.</span> <span class='ocrx_word' id='word_1_146' title='bbox 1086 2114 1137 2179; x_wconf 87' lang='grc' dir='ltr'>ΙΙΙ,</span> <span class='ocrx_word' id='word_1_147' title='bbox 1152 2120 1184 2167; x_wconf 80' lang='grc'>14</span> <span class='ocrx_word' id='word_1_148' title='bbox 1201 2112 1238 2167; x_wconf 87' lang='lat' dir='ltr'>ad</span> <span class='ocrx_word' id='word_1_149' title='bbox 1256 2113 1363 2168; x_wconf 83' lang='lat' dir='ltr'>calcem</span> <span class='ocrx_word' id='word_1_150' title='bbox 1380 2113 1518 2170; x_wconf 86' lang='lat' dir='ltr'>Henetici</span> 
     </span>
    </p>

    <p class='ocr_par' dir='ltr' id='par_1_7' title="bbox 193 2199 1517 2271">
     <span class='ocr_line' id='line_1_17' title="bbox 193 2199 1517 2271; baseline 0.002 -19"><span class='ocrx_word' id='word_1_151' title='bbox 193 2262 199 2271; x_wconf 67' lang='lat'>.</span> <span class='ocrx_word' id='word_1_152' title='bbox 234 2199 357 2267; x_wconf 86' lang='lat' dir='ltr'>subjicit:</span> <span class='ocrx_word' id='word_1_153' title='bbox 378 2200 428 2255; x_wconf 84' lang='lat' dir='ltr'>His</span> <span class='ocrx_word' id='word_1_154' title='bbox 445 2205 568 2267; x_wconf 85' lang='lat' dir='ltr'>perlectis</span> <span class='ocrx_word' id='word_1_155' title='bbox 587 2205 763 2253; x_wconf 79' lang='lat' dir='ltr'>Alexandrini</span> <span class='ocrx_word' id='word_1_156' title='bbox 781 2218 864 2252; x_wconf 79' lang='grc'><strong>011101</strong></span> <span class='ocrx_word' id='word_1_157' title='bbox 882 2209 988 2252; x_wconf 83' lang='lat' dir='ltr'>sanctae</span> <span class='ocrx_word' id='word_1_158' title='bbox 1006 2203 1146 2253; x_wconf 82' lang='lat' dir='ltr'>catholicae</span> <span class='ocrx_word' id='word_1_159' title='bbox 1163 2210 1190 2253; x_wconf 88' lang='lat' dir='ltr'>et</span> <span class='ocrx_word' id='word_1_160' title='bbox 1201 2205 1361 2266; x_wconf 86' lang='lat' dir='ltr'>apostalicae</span> <span class='ocrx_word' id='word_1_161' title='bbox 1376 2203 1517 2255; x_wconf 72' lang='lat' dir='ltr'>Ecclesiae</span> 
     </span>
    </p>

    <p class='ocr_par' dir='ltr' id='par_1_8' title="bbox 233 2282 1520 2591">
     <span class='ocr_line' id='line_1_18' title="bbox 233 2282 1518 2354; baseline 0.003 -18"><span class='ocrx_word' id='word_1_162' title='bbox 233 2304 288 2338; x_wconf 85' lang='lat' dir='ltr'>sese</span> <span class='ocrx_word' id='word_1_163' title='bbox 305 2290 459 2339; x_wconf 67' lang='lat' dir='ltr'>alienarunt.</span> <span class='ocrx_word' id='word_1_164' title='bbox 483 2283 560 2337; x_wconf 82' lang='lat' dir='ltr'>Felix</span> <span class='ocrx_word' id='word_1_165' title='bbox 574 2286 667 2337; x_wconf 89' lang='lat' dir='ltr'>autem</span> <span class='ocrx_word' id='word_1_166' title='bbox 686 2300 745 2349; x_wconf 88' lang='lat' dir='ltr'>eos,</span> <span class='ocrx_word' id='word_1_167' title='bbox 764 2285 811 2350; x_wconf 90' lang='lat' dir='ltr'>qui</span> <span class='ocrx_word' id='word_1_168' title='bbox 825 2302 887 2337; x_wconf 85' lang='lat' dir='ltr'>cunr</span> <span class='ocrx_word' id='word_1_169' title='bbox 899 2284 1001 2337; x_wconf 85' lang='lat' dir='ltr'>Aeacio</span> <span class='ocrx_word' id='word_1_170' title='bbox 1014 2286 1043 2336; x_wconf 91' lang='grc'>01</span> <span class='ocrx_word' id='word_1_171' title='bbox 1054 2283 1138 2337; x_wconf 87' lang='lat' dir='ltr'>Petro</span> <span class='ocrx_word' id='word_1_172' title='bbox 1151 2284 1180 2336; x_wconf 89' lang='lat' dir='ltr'>in</span> <span class='ocrx_word' id='word_1_173' title='bbox 1191 2282 1322 2337; x_wconf 86' lang='lat' dir='ltr'>Henetiei</span> <span class='ocrx_word' id='word_1_174' title='bbox 1334 2284 1518 2354; x_wconf 81' lang='lat' dir='ltr'>susceptione</span> 
     </span>
     <span class='ocr_line' id='line_1_19' title="bbox 235 2367 1518 2437; baseline 0.001 -15"><span class='ocrx_word' id='word_1_175' title='bbox 235 2369 450 2433; x_wconf 85' lang='lat' dir='ltr'>communicant,</span> <span class='ocrx_word' id='word_1_176' title='bbox 468 2367 507 2420; x_wconf 90' lang='lat' dir='ltr'>nil</span> <span class='ocrx_word' id='word_1_177' title='bbox 526 2367 601 2420; x_wconf 83' lang='lat' dir='ltr'>aliud</span> <span class='ocrx_word' id='word_1_178' title='bbox 620 2386 678 2422; x_wconf 86' lang='lat' dir='ltr'>esse</span> <span class='ocrx_word' id='word_1_179' title='bbox 696 2368 811 2437; x_wconf 88' lang='lat' dir='ltr'>probat,</span> <span class='ocrx_word' id='word_1_180' title='bbox 834 2367 887 2420; x_wconf 83' lang='grc'><strong>1111</strong></span> <span class='ocrx_word' id='word_1_181' title='bbox 906 2367 980 2434; x_wconf 91' lang='lat' dir='ltr'>quod</span> <span class='ocrx_word' id='word_1_182' title='bbox 998 2368 1097 2421; x_wconf 88' lang='lat' dir='ltr'>Petrus</span> <span class='ocrx_word' id='word_1_183' title='bbox 1115 2368 1247 2436; x_wconf 82' lang='lat' dir='ltr'>Mongus;</span> <span class='ocrx_word' id='word_1_184' title='bbox 1264 2367 1340 2421; x_wconf 87' lang='lat' dir='ltr'>hune</span> <span class='ocrx_word' id='word_1_185' title='bbox 1357 2370 1462 2424; x_wconf 78' lang='lat' dir='ltr'>autem</span> <span class='ocrx_word' id='word_1_186' title='bbox 1479 2368 1518 2423; x_wconf 78' lang='lat' dir='ltr'>ab</span> 
     </span>
     <span class='ocr_line' id='line_1_20' title="bbox 234 2450 1520 2522; baseline 0.002 -17"><span class='ocrx_word' id='word_1_187' title='bbox 234 2453 354 2522; x_wconf 88' lang='lat' dir='ltr'>ipsomet</span> <span class='ocrx_word' id='word_1_188' title='bbox 376 2453 476 2507; x_wconf 86' lang='lat' dir='ltr'>Aeaeio</span> <span class='ocrx_word' id='word_1_189' title='bbox 499 2453 670 2507; x_wconf 87' lang='lat' dir='ltr'>haereticum</span> <span class='ocrx_word' id='word_1_190' title='bbox 694 2453 852 2521; x_wconf 87' lang='lat' dir='ltr'>judicatum</span> <span class='ocrx_word' id='word_1_191' title='bbox 879 2469 952 2518; x_wconf 85' lang='lat' dir='ltr'>esse,</span> <span class='ocrx_word' id='word_1_192' title='bbox 981 2453 1106 2521; x_wconf 77' lang='lat' dir='ltr'>adeoque</span> <span class='ocrx_word' id='word_1_193' title='bbox 1129 2455 1158 2506; x_wconf 90' lang='grc'>01</span> <span class='ocrx_word' id='word_1_194' title='bbox 1184 2452 1246 2506; x_wconf 88' lang='lat' dir='ltr'>ihos</span> <span class='ocrx_word' id='word_1_195' title='bbox 1264 2450 1331 2520; x_wconf 88' lang='lat' dir='ltr'>jure</span> <span class='ocrx_word' id='word_1_196' title='bbox 1353 2451 1520 2508; x_wconf 80' lang='lat' dir='ltr'>haereticos</span> 
     </span>
     <span class='ocr_line' id='line_1_21' title="bbox 235 2537 347 2591; baseline -0.018 0"><span class='ocrx_word' id='word_1_197' title='bbox 235 2537 347 2591; x_wconf 88' lang='lat' dir='ltr'>censeri.</span> 
     </span>
    </p>

    <p class='ocr_par' dir='ltr' id='par_1_9' title="bbox 222 2621 1551 3454">
     <span class='ocr_line' id='line_1_22' title="bbox 302 2621 1521 2693; baseline 0.005 -20"><span class='ocrx_word' id='word_1_198' title='bbox 302 2624 334 2689; x_wconf 82' lang='lat'>²⁰)</span> <span class='ocrx_word' id='word_1_199' title='bbox 353 2621 572 2674; x_wconf 76' lang='lat' dir='ltr'>D²D⁸D²K³d¹</span> <span class='ocrx_word' id='word_1_200' title='bbox 590 2644 640 2690; x_wconf 85' lang='lat' dir='ltr'>per</span> <span class='ocrx_word' id='word_1_201' title='bbox 663 2628 817 2689; x_wconf 78' lang='lat' dir='ltr'>lblerntum,</span> <span class='ocrx_word' id='word_1_202' title='bbox 841 2623 888 2676; x_wconf 82' lang='lat' dir='ltr'>ulii</span> <span class='ocrx_word' id='word_1_203' title='bbox 912 2627 940 2677; x_wconf 89' lang='lat' dir='ltr'>et</span> <span class='ocrx_word' id='word_1_204' title='bbox 962 2623 1128 2677; x_wconf 78' lang='lat' dir='ltr'>nonninatim</span> <span class='ocrx_word' id='word_1_205' title='bbox 1154 2640 1217 2676; x_wconf 77' lang='lat' dir='ltr'>mss.</span> <span class='ocrx_word' id='word_1_206' title='bbox 1237 2622 1260 2676; x_wconf 89' lang='grc' dir='ltr'><strong>Ο</strong></span> <span class='ocrx_word' id='word_1_207' title='bbox 1279 2639 1344 2676; x_wconf 78' lang='lat' dir='ltr'>cum</span> <span class='ocrx_word' id='word_1_208' title='bbox 1361 2623 1453 2678; x_wconf 74' lang='lat' dir='ltr'>editis</span> <span class='ocrx_word' id='word_1_209' title='bbox 1470 2644 1521 2693; x_wconf 80' lang='lat' dir='ltr'>per</span> 
     </span>
     <span class='ocr_line' id='line_1_23' title="bbox 235 2705 1520 2776; baseline 0.005 -16"><span class='ocrx_word' id='word_1_210' title='bbox 235 2719 301 2770; x_wconf 75' lang='lat' dir='ltr'>tuere,</span> <span class='ocrx_word' id='word_1_211' title='bbox 320 2706 341 2758; x_wconf 87' lang='lat' dir='ltr'>i²</span> <span class='ocrx_word' id='word_1_212' title='bbox 358 2727 407 2774; x_wconf 82' lang='lat' dir='ltr'>per</span> <span class='ocrx_word' id='word_1_213' title='bbox 425 2719 497 2766; x_wconf 77' lang='lat' dir='ltr'>tanin.</span> <span class='ocrx_word' id='word_1_214' title='bbox 517 2706 547 2759; x_wconf 82' lang='lat' dir='ltr'>E&#39;</span> <span class='ocrx_word' id='word_1_215' title='bbox 563 2707 596 2759; x_wconf 77' lang='lat' dir='ltr'>E²</span> <span class='ocrx_word' id='word_1_216' title='bbox 609 2708 641 2759; x_wconf 80' lang='lat' dir='ltr'>F²</span> <span class='ocrx_word' id='word_1_217' title='bbox 653 2707 674 2758; x_wconf 86' lang='lat'>1¹</span> <span class='ocrx_word' id='word_1_218' title='bbox 693 2728 743 2776; x_wconf 89' lang='lat' dir='ltr'>per</span> <span class='ocrx_word' id='word_1_219' title='bbox 757 2712 851 2768; x_wconf 85' lang='lat' dir='ltr'>Totam,</span> <span class='ocrx_word' id='word_1_220' title='bbox 871 2708 906 2760; x_wconf 77' lang='lat' dir='ltr'>[pr</span> <span class='ocrx_word' id='word_1_221' title='bbox 918 2705 963 2759; x_wconf 82' lang='lat' dir='ltr'>D&#39;&#39;</span> <span class='ocrx_word' id='word_1_222' title='bbox 978 2708 1016 2760; x_wconf 79' lang='lat' dir='ltr'>N³</span> <span class='ocrx_word' id='word_1_223' title='bbox 1028 2708 1064 2761; x_wconf 82' lang='lat' dir='ltr'>H⁸</span> <span class='ocrx_word' id='word_1_224' title='bbox 1077 2707 1093 2761; x_wconf 89' lang='lat' dir='ltr'><strong>J</strong></span> <span class='ocrx_word' id='word_1_225' title='bbox 1106 2707 1135 2760; x_wconf 77' lang='lat' dir='ltr'>d²</span> <span class='ocrx_word' id='word_1_226' title='bbox 1152 2728 1201 2776; x_wconf 82' lang='lat' dir='ltr'>per</span> <span class='ocrx_word' id='word_1_227' title='bbox 1214 2711 1237 2761; x_wconf 84' lang='grc' dir='ltr'><em>Τ</em></span> <span class='ocrx_word' id='word_1_228' title='bbox 1234 2718 1311 2761; x_wconf 78' lang='lat' dir='ltr'>ulam</span> <span class='ocrx_word' id='word_1_229' title='bbox 1352 2712 1448 2764; x_wconf 63' lang='lat' dir='ltr'>lanai</span> <span class='ocrx_word' id='word_1_230' title='bbox 1464 2710 1520 2766; x_wconf 81' lang='lat' dir='ltr'>Ro·</span> 
     </span>
     <span class='ocr_line' id='line_1_24' title="bbox 236 2790 1521 2862; baseline 0.005 -19"><span class='ocrx_word' id='word_1_231' title='bbox 236 2807 335 2845; x_wconf 91' lang='lat' dir='ltr'>manac</span> <span class='ocrx_word' id='word_1_232' title='bbox 354 2790 487 2845; x_wconf 85' lang='lat' dir='ltr'>ecclesiae</span> <span class='ocrx_word' id='word_1_233' title='bbox 505 2791 680 2847; x_wconf 81' lang='lat' dir='ltr'>defensorem</span> <span class='ocrx_word' id='word_1_234' title='bbox 703 2796 842 2846; x_wconf 84' lang='lat' dir='ltr'>memorat</span> <span class='ocrx_word' id='word_1_235' title='bbox 863 2793 937 2846; x_wconf 91' lang='lat' dir='ltr'>idem</span> <span class='ocrx_word' id='word_1_236' title='bbox 956 2792 1033 2846; x_wconf 83' lang='lat' dir='ltr'>Felix</span> <span class='ocrx_word' id='word_1_237' title='bbox 1056 2793 1136 2862; x_wconf 86' lang='lat' dir='ltr'>epist.</span> <span class='ocrx_word' id='word_1_238' title='bbox 1155 2799 1171 2847; x_wconf 84' lang='lat'>8</span> <span class='ocrx_word' id='word_1_239' title='bbox 1189 2811 1215 2846; x_wconf 89' lang='lat' dir='ltr'>n.</span> <span class='ocrx_word' id='word_1_240' title='bbox 1234 2799 1264 2857; x_wconf 80' lang='lat'>4,</span> <span class='ocrx_word' id='word_1_241' title='bbox 1285 2790 1371 2861; x_wconf 84' lang='lat' dir='ltr'>epist.</span> <span class='ocrx_word' id='word_1_242' title='bbox 1396 2801 1427 2848; x_wconf 98' lang='grc'>11</span> <span class='ocrx_word' id='word_1_243' title='bbox 1448 2813 1476 2848; x_wconf 90' lang='lat' dir='ltr'>n.</span> <span class='ocrx_word' id='word_1_244' title='bbox 1497 2802 1521 2861; x_wconf 83' lang='grc'>1,</span> 
     </span>
     <span class='ocr_line' id='line_1_25' title="bbox 236 2875 1521 2945; baseline 0.005 -16"><span class='ocrx_word' id='word_1_245' title='bbox 236 2876 315 2945; x_wconf 88' lang='lat' dir='ltr'>epist.</span> <span class='ocrx_word' id='word_1_246' title='bbox 337 2881 444 2928; x_wconf 74' lang='grc'><strong>1011.</strong></span> <span class='ocrx_word' id='word_1_247' title='bbox 486 2881 572 2932; x_wconf 84' lang='lat' dir='ltr'>Totam</span> <span class='ocrx_word' id='word_1_248' title='bbox 591 2877 634 2930; x_wconf 90' lang='lat' dir='ltr'>vel</span> <span class='ocrx_word' id='word_1_249' title='bbox 656 2882 743 2932; x_wconf 81' lang='lat' dir='ltr'>Tutum</span> <span class='ocrx_word' id='word_1_250' title='bbox 762 2880 791 2930; x_wconf 92' lang='lat' dir='ltr'>et</span> <span class='ocrx_word' id='word_1_251' title='bbox 807 2877 955 2930; x_wconf 87' lang='lat' dir='ltr'>Liberatus</span> <span class='ocrx_word' id='word_1_252' title='bbox 973 2876 990 2929; x_wconf 95' lang='lat' dir='ltr'>l.</span> <span class='ocrx_word' id='word_1_253' title='bbox 1005 2894 1027 2929; x_wconf 86' lang='lat' dir='ltr'>e.</span> <span class='ocrx_word' id='word_1_254' title='bbox 1042 2894 1064 2930; x_wconf 91' lang='lat' dir='ltr'>c.</span> <span class='ocrx_word' id='word_1_255' title='bbox 1081 2884 1111 2931; x_wconf 88' lang='lat'>18</span> <span class='ocrx_word' id='word_1_256' title='bbox 1130 2876 1206 2945; x_wconf 79' lang='lat' dir='ltr'>legit.</span> <span class='ocrx_word' id='word_1_257' title='bbox 1235 2875 1369 2935; x_wconf 83' lang='lat' dir='ltr'>Ceterum</span> <span class='ocrx_word' id='word_1_258' title='bbox 1382 2878 1521 2935; x_wconf 78' lang='lat' dir='ltr'>hrxicnon</span> 
     </span>
     <span class='ocr_line' id='line_1_26' title="bbox 236 2960 1520 3030; baseline 0.004 -15"><span class='ocrx_word' id='word_1_259' title='bbox 236 2978 315 3015; x_wconf 72' lang='lat' dir='ltr'>seclis</span> <span class='ocrx_word' id='word_1_260' title='bbox 333 2978 366 3014; x_wconf 89' lang='lat' dir='ltr'>ac</span> <span class='ocrx_word' id='word_1_261' title='bbox 389 2960 489 3029; x_wconf 81' lang='lat' dir='ltr'>legatis</span> <span class='ocrx_word' id='word_1_262' title='bbox 512 2961 573 3014; x_wconf 87' lang='lat' dir='ltr'>aliis</span> <span class='ocrx_word' id='word_1_263' title='bbox 596 2963 715 3016; x_wconf 86' lang='lat' dir='ltr'>structas</span> <span class='ocrx_word' id='word_1_264' title='bbox 737 2962 822 3015; x_wconf 87' lang='lat' dir='ltr'>luisse</span> <span class='ocrx_word' id='word_1_265' title='bbox 844 2961 958 3015; x_wconf 88' lang='lat' dir='ltr'>insidiae</span> <span class='ocrx_word' id='word_1_266' title='bbox 976 2961 1161 3029; x_wconf 75' lang='lat' dir='ltr'>Theophanes</span> <span class='ocrx_word' id='word_1_267' title='bbox 1178 2962 1196 3015; x_wconf 95' lang='lat' dir='ltr'>l.</span> <span class='ocrx_word' id='word_1_268' title='bbox 1216 2978 1238 3016; x_wconf 87' lang='lat' dir='ltr'>c.</span> <span class='ocrx_word' id='word_1_269' title='bbox 1257 2977 1325 3030; x_wconf 76' lang='lat' dir='ltr'>pag.</span> <span class='ocrx_word' id='word_1_270' title='bbox 1345 2967 1401 3019; x_wconf 76' lang='lat'>205</span> <span class='ocrx_word' id='word_1_271' title='bbox 1420 2964 1520 3020; x_wconf 71' lang='lat' dir='ltr'>amaia</span> 
     </span>
     <span class='ocr_line' id='line_1_27' title="bbox 222 3046 1521 3116; baseline 0.005 -17"><span class='ocrx_word' id='word_1_272' title='bbox 222 3051 406 3107; x_wconf 57' lang='grc' dir='ltr'>ι1011111001,</span> <span class='ocrx_word' id='word_1_273' title='bbox 426 3046 529 3112; x_wconf 86' lang='lat' dir='ltr'>inquit,</span> <span class='ocrx_word' id='word_1_274' title='bbox 548 3053 591 3115; x_wconf 87' lang='lat' dir='ltr'>qui</span> <span class='ocrx_word' id='word_1_275' title='bbox 614 3051 701 3116; x_wconf 74' lang='lat' dir='ltr'>Abydi</span> <span class='ocrx_word' id='word_1_276' title='bbox 719 3056 744 3100; x_wconf 87' lang='lat' dir='ltr'>in</span> <span class='ocrx_word' id='word_1_277' title='bbox 762 3053 861 3101; x_wconf 86' lang='lat' dir='ltr'>insidiis·</span> <span class='ocrx_word' id='word_1_278' title='bbox 879 3050 1092 3112; x_wconf 61' lang='lat' dir='ltr'>laetificasset,</span> <span class='ocrx_word' id='word_1_279' title='bbox 1113 3053 1323 3115; x_wconf 74' lang='lat' dir='ltr'>praeterlapsae,</span> <span class='ocrx_word' id='word_1_280' title='bbox 1346 3053 1386 3103; x_wconf 76' lang='lat' dir='ltr'>aa</span> <span class='ocrx_word' id='word_1_281' title='bbox 1404 3053 1453 3104; x_wconf 83' lang='lat' dir='ltr'>Dii</span> <span class='ocrx_word' id='word_1_282' title='bbox 1469 3070 1521 3106; x_wconf 63' lang='lat' dir='ltr'>ne·</span> 
     </span>
     <span class='ocr_line' id='line_1_28' title="bbox 235 3134 1523 3199; baseline 0.004 -14"><span class='ocrx_word' id='word_1_283' title='bbox 235 3137 372 3186; x_wconf 80' lang='lat' dir='ltr'>naslerium</span> <span class='ocrx_word' id='word_1_284' title='bbox 393 3137 501 3199; x_wconf 83' lang='lat' dir='ltr'>appulit.</span> <span class='ocrx_word' id='word_1_285' title='bbox 538 3134 648 3185; x_wconf 80' lang='lat' dir='ltr'>Dienses</span> <span class='ocrx_word' id='word_1_286' title='bbox 671 3144 753 3186; x_wconf 83' lang='lat' dir='ltr'>actem</span> <span class='ocrx_word' id='word_1_287' title='bbox 775 3137 890 3186; x_wconf 83' lang='lat' dir='ltr'>monachi</span> <span class='ocrx_word' id='word_1_288' title='bbox 912 3136 1010 3186; x_wconf 84' lang='lat' dir='ltr'>Acacio</span> <span class='ocrx_word' id='word_1_289' title='bbox 1033 3141 1058 3184; x_wconf 85' lang='lat' dir='ltr'>in</span> <span class='ocrx_word' id='word_1_290' title='bbox 1081 3136 1199 3185; x_wconf 86' lang='lat' dir='ltr'>sacrario</span> <span class='ocrx_word' id='word_1_291' title='bbox 1222 3137 1263 3185; x_wconf 82' lang='lat' dir='ltr'>die</span> <span class='ocrx_word' id='word_1_292' title='bbox 1286 3136 1422 3187; x_wconf 80' lang='lat' dir='ltr'>dominica</span> <span class='ocrx_word' id='word_1_293' title='bbox 1439 3139 1523 3190; x_wconf 71' lang='lat' dir='ltr'>aienti</span> 
     </span>
     <span class='ocr_line' id='line_1_29' title="bbox 237 3215 1521 3290; baseline 0.002 -20"><span class='ocrx_word' id='word_1_294' title='bbox 237 3220 329 3271; x_wconf 80' lang='lat' dir='ltr'>l&#39;elicis</span> <span class='ocrx_word' id='word_1_295' title='bbox 347 3222 480 3283; x_wconf 80' lang='lat' dir='ltr'>epistolam</span> <span class='ocrx_word' id='word_1_296' title='bbox 497 3222 641 3270; x_wconf 80' lang='lat' dir='ltr'>tradidere.</span> <span class='ocrx_word' id='word_1_297' title='bbox 678 3215 754 3280; x_wconf 85' lang='lat' dir='ltr'>Quae</span> <span class='ocrx_word' id='word_1_298' title='bbox 771 3221 914 3286; x_wconf 84' lang='lat' dir='ltr'>postrema</span> <span class='ocrx_word' id='word_1_299' title='bbox 925 3215 1012 3269; x_wconf 84' lang='lat' dir='ltr'>verba</span> <span class='ocrx_word' id='word_1_300' title='bbox 1025 3217 1056 3268; x_wconf 91' lang='lat' dir='ltr'>ut</span> <span class='ocrx_word' id='word_1_301' title='bbox 1068 3233 1130 3269; x_wconf 89' lang='lat' dir='ltr'>eum</span> <span class='ocrx_word' id='word_1_302' title='bbox 1142 3215 1274 3270; x_wconf 87' lang='lat' dir='ltr'>Liberato</span> <span class='ocrx_word' id='word_1_303' title='bbox 1293 3216 1447 3273; x_wconf 77' lang='lat' dir='ltr'>conciliari</span> <span class='ocrx_word' id='word_1_304' title='bbox 1458 3236 1521 3290; x_wconf 69' lang='lat' dir='ltr'>poe</span> 
     </span>
     <span class='ocr_line' id='line_1_30' title="bbox 237 3292 1551 3373; baseline 0.003 -20"><span class='ocrx_word' id='word_1_305' title='bbox 237 3301 303 3367; x_wconf 87' lang='lat' dir='ltr'>sint,</span> <span class='ocrx_word' id='word_1_306' title='bbox 322 3301 469 3355; x_wconf 89' lang='lat' dir='ltr'>dicendmn</span> <span class='ocrx_word' id='word_1_307' title='bbox 488 3303 542 3367; x_wconf 87' lang='grc'><strong>011,</strong></span> <span class='ocrx_word' id='word_1_308' title='bbox 560 3302 696 3370; x_wconf 84' lang='lat' dir='ltr'>respuisse</span> <span class='ocrx_word' id='word_1_309' title='bbox 714 3301 847 3355; x_wconf 84' lang='lat' dir='ltr'>Acacium</span> <span class='ocrx_word' id='word_1_310' title='bbox 865 3301 991 3355; x_wconf 83' lang='lat' dir='ltr'>chartam</span> <span class='ocrx_word' id='word_1_311' title='bbox 1010 3301 1064 3354; x_wconf 89' lang='lat' dir='ltr'>sibi</span> <span class='ocrx_word' id='word_1_312' title='bbox 1082 3318 1100 3354; x_wconf 87' lang='lat' dir='ltr'>a</span> <span class='ocrx_word' id='word_1_313' title='bbox 1116 3299 1260 3355; x_wconf 88' lang='lat' dir='ltr'>monachis</span> <span class='ocrx_word' id='word_1_314' title='bbox 1280 3299 1429 3370; x_wconf 76' lang='lat' dir='ltr'>oblatam,</span> <span class='ocrx_word' id='word_1_315' title='bbox 1448 3320 1521 3373; x_wconf 74' lang='lat' dir='ltr'>qaae</span> <span class='ocrx_word' id='word_1_316' title='bbox 1547 3292 1551 3297; x_wconf 42' lang='lat'>¹</span> 
     </span>
     <span class='ocr_line' id='line_1_31' title="bbox 236 3385 1022 3454; baseline 0 -15"><span class='ocrx_word' id='word_1_317' title='bbox 236 3385 300 3439; x_wconf 90' lang='lat' dir='ltr'>ideo</span> <span class='ocrx_word' id='word_1_318' title='bbox 317 3386 416 3454; x_wconf 90' lang='lat' dir='ltr'>postea</span> <span class='ocrx_word' id='word_1_319' title='bbox 434 3386 469 3438; x_wconf 89' lang='lat' dir='ltr'>ab</span> <span class='ocrx_word' id='word_1_320' title='bbox 488 3403 543 3438; x_wconf 90' lang='lat' dir='ltr'>uno</span> <span class='ocrx_word' id='word_1_321' title='bbox 562 3400 658 3438; x_wconf 89' lang='lat' dir='ltr'>eorum</span> <span class='ocrx_word' id='word_1_322' title='bbox 675 3385 748 3438; x_wconf 89' lang='lat' dir='ltr'>illius</span> <span class='ocrx_word' id='word_1_323' title='bbox 766 3385 851 3454; x_wconf 89' lang='lat' dir='ltr'>pallio</span> <span class='ocrx_word' id='word_1_324' title='bbox 870 3386 960 3440; x_wconf 81' lang='lat' dir='ltr'>affixa</span> <span class='ocrx_word' id='word_1_325' title='bbox 971 3388 1022 3440; x_wconf 89' lang='grc'><strong>011.</strong></span> 
     </span>
    </p>

    <p class='ocr_par' dir='ltr' id='par_1_10' title="bbox 237 3469 1553 4982">
     <span class='ocr_line' id='line_1_32' title="bbox 304 3469 1520 3539; baseline 0.007 -17"><span class='ocrx_word' id='word_1_326' title='bbox 304 3472 337 3536; x_wconf 81' lang='lat'>²¹)</span> <span class='ocrx_word' id='word_1_327' title='bbox 356 3469 589 3523; x_wconf 65' lang='lat' dir='ltr'>manumittunt</span> <span class='ocrx_word' id='word_1_328' title='bbox 610 3490 658 3538; x_wconf 87' lang='lat' dir='ltr'>per</span> <span class='ocrx_word' id='word_1_329' title='bbox 677 3491 730 3524; x_wconf 87' lang='lat' dir='ltr'>nos.</span> <span class='ocrx_word' id='word_1_330' title='bbox 765 3470 939 3524; x_wconf 79' lang='lat' dir='ltr'>Deindoti²</span> <span class='ocrx_word' id='word_1_331' title='bbox 958 3490 1141 3539; x_wconf 83' lang='lat' dir='ltr'>necunquam,</span> <span class='ocrx_word' id='word_1_332' title='bbox 1164 3469 1247 3524; x_wconf 84' lang='lat' dir='ltr'>Once</span> <span class='ocrx_word' id='word_1_333' title='bbox 1263 3476 1323 3538; x_wconf 78' lang='lat' dir='ltr'>jaas</span> <span class='ocrx_word' id='word_1_334' title='bbox 1346 3474 1379 3526; x_wconf 85' lang='lat' dir='ltr'>et</span> <span class='ocrx_word' id='word_1_335' title='bbox 1404 3473 1520 3530; x_wconf 71' lang='grc' dir='ltr'><strong>(11111ιὲ·</strong></span> 
     </span>
     <span class='ocr_line' id='line_1_33' title="bbox 237 3554 1521 3625; baseline 0.006 -17"><span class='ocrx_word' id='word_1_336' title='bbox 237 3555 366 3608; x_wconf 59' lang='grc' dir='ltr'>111111Β</span> <span class='ocrx_word' id='word_1_337' title='bbox 384 3554 469 3607; x_wconf 91' lang='lat' dir='ltr'>verbo</span> <span class='ocrx_word' id='word_1_338' title='bbox 488 3561 619 3608; x_wconf 77' lang='lat' dir='ltr'>cauendus</span> <span class='ocrx_word' id='word_1_339' title='bbox 638 3555 770 3608; x_wconf 90' lang='lat' dir='ltr'>claudunt</span> <span class='ocrx_word' id='word_1_340' title='bbox 788 3554 944 3623; x_wconf 85' lang='lat' dir='ltr'>epistolam.</span> <span class='ocrx_word' id='word_1_341' title='bbox 975 3555 1092 3609; x_wconf 88' lang='lat' dir='ltr'>Aeacius</span> <span class='ocrx_word' id='word_1_342' title='bbox 1105 3576 1228 3625; x_wconf 66' lang='lat' dir='ltr'>utinquam</span> <span class='ocrx_word' id='word_1_343' title='bbox 1241 3559 1273 3610; x_wconf 83' lang='lat' dir='ltr'>ab</span> <span class='ocrx_word' id='word_1_344' title='bbox 1285 3562 1458 3615; x_wconf 64' lang='lat' dir='ltr'>anathemate</span> <span class='ocrx_word' id='word_1_345' title='bbox 1468 3568 1521 3617; x_wconf 76' lang='lat' dir='ltr'>sal·</span> 
     </span>
     <span class='ocr_line' id='line_1_34' title="bbox 238 3639 1520 3714; baseline 0.005 -21"><span class='ocrx_word' id='word_1_346' title='bbox 238 3645 334 3693; x_wconf 73' lang='lat' dir='ltr'>veniris</span> <span class='ocrx_word' id='word_1_347' title='bbox 352 3639 464 3703; x_wconf 77' lang='grc'><strong>01101111,</strong></span> <span class='ocrx_word' id='word_1_348' title='bbox 488 3639 620 3706; x_wconf 89' lang='lat' dir='ltr'>quamdiu</span> <span class='ocrx_word' id='word_1_349' title='bbox 644 3639 748 3693; x_wconf 87' lang='lat' dir='ltr'>scihcet</span> <span class='ocrx_word' id='word_1_350' title='bbox 766 3657 829 3693; x_wconf 88' lang='lat' dir='ltr'>eum</span> <span class='ocrx_word' id='word_1_351' title='bbox 847 3657 903 3693; x_wconf 92' lang='lat' dir='ltr'>non</span> <span class='ocrx_word' id='word_1_352' title='bbox 921 3640 1090 3709; x_wconf 84' lang='lat' dir='ltr'>poeniteret,</span> <span class='ocrx_word' id='word_1_353' title='bbox 1114 3641 1145 3693; x_wconf 90' lang='lat' dir='ltr'>ut</span> <span class='ocrx_word' id='word_1_354' title='bbox 1162 3657 1192 3693; x_wconf 90' lang='lat' dir='ltr'>re</span> <span class='ocrx_word' id='word_1_355' title='bbox 1210 3641 1272 3710; x_wconf 86' lang='lat' dir='ltr'>ipsa</span> <span class='ocrx_word' id='word_1_356' title='bbox 1288 3658 1348 3696; x_wconf 92' lang='lat' dir='ltr'>non</span> <span class='ocrx_word' id='word_1_357' title='bbox 1367 3645 1520 3714; x_wconf 67' lang='lat' dir='ltr'>poeninis</span> 
     </span>
     <span class='ocr_line' id='line_1_35' title="bbox 239 3724 1522 3797; baseline 0.007 -21"><span class='ocrx_word' id='word_1_358' title='bbox 239 3724 320 3776; x_wconf 89' lang='lat' dir='ltr'>Illum</span> <span class='ocrx_word' id='word_1_359' title='bbox 338 3725 432 3777; x_wconf 89' lang='lat' dir='ltr'>tamen</span> <span class='ocrx_word' id='word_1_360' title='bbox 454 3725 532 3778; x_wconf 84' lang='lat' dir='ltr'>Felix</span> <span class='ocrx_word' id='word_1_361' title='bbox 554 3724 697 3793; x_wconf 89' lang='lat' dir='ltr'>poenitere</span> <span class='ocrx_word' id='word_1_362' title='bbox 717 3724 859 3777; x_wconf 88' lang='lat' dir='ltr'>maluisset</span> <span class='ocrx_word' id='word_1_363' title='bbox 877 3741 966 3792; x_wconf 91' lang='lat' dir='ltr'>eoque</span> <span class='ocrx_word' id='word_1_364' title='bbox 989 3727 1072 3794; x_wconf 87' lang='lat' dir='ltr'>pacto</span> <span class='ocrx_word' id='word_1_365' title='bbox 1091 3725 1210 3790; x_wconf 87' lang='lat' dir='ltr'>absolvi,</span> <span class='ocrx_word' id='word_1_366' title='bbox 1229 3724 1271 3778; x_wconf 90' lang='lat' dir='ltr'>uti</span> <span class='ocrx_word' id='word_1_367' title='bbox 1288 3727 1375 3795; x_wconf 84' lang='lat' dir='ltr'>epist.</span> <span class='ocrx_word' id='word_1_368' title='bbox 1397 3735 1432 3784; x_wconf 75' lang='lat'>14</span> <span class='ocrx_word' id='word_1_369' title='bbox 1448 3747 1478 3785; x_wconf 76' lang='grc'>11</span> <span class='ocrx_word' id='word_1_370' title='bbox 1496 3736 1522 3797; x_wconf 72' lang='grc'>1,</span> 
     </span>
     <span class='ocr_line' id='line_1_36' title="bbox 239 3807 1553 3885; baseline 0.006 -23"><span class='ocrx_word' id='word_1_371' title='bbox 239 3807 320 3877; x_wconf 84' lang='lat' dir='ltr'>epist.</span> <span class='ocrx_word' id='word_1_372' title='bbox 343 3815 373 3862; x_wconf 81' lang='lat'>15</span> <span class='ocrx_word' id='word_1_373' title='bbox 392 3826 417 3861; x_wconf 89' lang='lat' dir='ltr'>n.</span> <span class='ocrx_word' id='word_1_374' title='bbox 438 3815 454 3860; x_wconf 80' lang='grc'>1</span> <span class='ocrx_word' id='word_1_375' title='bbox 472 3812 500 3862; x_wconf 92' lang='grc'>01</span> <span class='ocrx_word' id='word_1_376' title='bbox 519 3809 598 3877; x_wconf 89' lang='lat' dir='ltr'>epist.</span> <span class='ocrx_word' id='word_1_377' title='bbox 621 3816 650 3862; x_wconf 82' lang='lat'>17</span> <span class='ocrx_word' id='word_1_378' title='bbox 670 3827 695 3862; x_wconf 91' lang='lat' dir='ltr'>n.</span> <span class='ocrx_word' id='word_1_379' title='bbox 715 3816 731 3863; x_wconf 83' lang='grc'>3</span> <span class='ocrx_word' id='word_1_380' title='bbox 750 3808 882 3862; x_wconf 85' lang='lat' dir='ltr'>declarat.</span> <span class='ocrx_word' id='word_1_381' title='bbox 919 3812 950 3863; x_wconf 92' lang='lat' dir='ltr'>ln</span> <span class='ocrx_word' id='word_1_382' title='bbox 968 3810 1040 3864; x_wconf 85' lang='lat' dir='ltr'>hune</span> <span class='ocrx_word' id='word_1_383' title='bbox 1057 3811 1169 3879; x_wconf 88' lang='lat' dir='ltr'>partem</span> <span class='ocrx_word' id='word_1_384' title='bbox 1187 3809 1291 3865; x_wconf 83' lang='lat' dir='ltr'>diserte</span> <span class='ocrx_word' id='word_1_385' title='bbox 1310 3815 1443 3869; x_wconf 82' lang='lat' dir='ltr'>mentem</span> <span class='ocrx_word' id='word_1_386' title='bbox 1460 3815 1522 3885; x_wconf 77' lang='lat' dir='ltr'>ejm</span> <span class='ocrx_word' id='word_1_387' title='bbox 1542 3812 1553 3819; x_wconf 82' lang='lat'>&#39;</span> 
     </span>
     <span class='ocr_line' id='line_1_37' title="bbox 239 3893 1522 3964; baseline 0.006 -17"><span class='ocrx_word' id='word_1_388' title='bbox 239 3893 365 3947; x_wconf 69' lang='lat' dir='ltr'>Gelenius</span> <span class='ocrx_word' id='word_1_389' title='bbox 383 3893 412 3945; x_wconf 92' lang='lat' dir='ltr'>in</span> <span class='ocrx_word' id='word_1_390' title='bbox 429 3895 509 3947; x_wconf 86' lang='lat' dir='ltr'>tract.</span> <span class='ocrx_word' id='word_1_391' title='bbox 530 3893 566 3947; x_wconf 86' lang='lat' dir='ltr'>IV</span> <span class='ocrx_word' id='word_1_392' title='bbox 587 3894 620 3948; x_wconf 90' lang='lat' dir='ltr'>de</span> <span class='ocrx_word' id='word_1_393' title='bbox 638 3893 825 3948; x_wconf 85' lang='lat' dir='ltr'>anathematis</span> <span class='ocrx_word' id='word_1_394' title='bbox 843 3894 952 3947; x_wconf 83' lang='lat' dir='ltr'>viuculo</span> <span class='ocrx_word' id='word_1_395' title='bbox 970 3901 1026 3948; x_wconf 83' lang='grc'>10</span> <span class='ocrx_word' id='word_1_396' title='bbox 1046 3895 1173 3964; x_wconf 87' lang='lat' dir='ltr'>explieat.</span> <span class='ocrx_word' id='word_1_397' title='bbox 1206 3893 1262 3949; x_wconf 87' lang='lat' dir='ltr'>Sed</span> <span class='ocrx_word' id='word_1_398' title='bbox 1280 3895 1366 3950; x_wconf 87' lang='lat' dir='ltr'>simul</span> <span class='ocrx_word' id='word_1_399' title='bbox 1384 3897 1429 3952; x_wconf 92' lang='lat' dir='ltr'>ibi</span> <span class='ocrx_word' id='word_1_400' title='bbox 1446 3919 1522 3955; x_wconf 65' lang='lat' dir='ltr'>cu*</span> 
     </span>
     <span class='ocr_line' id='line_1_38' title="bbox 240 3978 1523 4048; baseline 0.005 -18"><span class='ocrx_word' id='word_1_401' title='bbox 240 3985 329 4031; x_wconf 87' lang='lat' dir='ltr'>tionem</span> <span class='ocrx_word' id='word_1_402' title='bbox 353 3983 428 4031; x_wconf 73' lang='lat' dir='ltr'>tertiis</span> <span class='ocrx_word' id='word_1_403' title='bbox 446 3983 579 4032; x_wconf 80' lang='lat' dir='ltr'>Ecclesiae</span> <span class='ocrx_word' id='word_1_404' title='bbox 603 3979 681 4045; x_wconf 86' lang='lat' dir='ltr'>quasi</span> <span class='ocrx_word' id='word_1_405' title='bbox 700 3978 887 4032; x_wconf 89' lang='lat' dir='ltr'>conditionem</span> <span class='ocrx_word' id='word_1_406' title='bbox 910 3978 1054 4034; x_wconf 88' lang='lat' dir='ltr'>solutionis</span> <span class='ocrx_word' id='word_1_407' title='bbox 1078 3978 1237 4048; x_wconf 86' lang='lat' dir='ltr'>appositam</span> <span class='ocrx_word' id='word_1_408' title='bbox 1259 3996 1334 4047; x_wconf 84' lang='lat' dir='ltr'>esse,</span> <span class='ocrx_word' id='word_1_409' title='bbox 1358 3998 1397 4036; x_wconf 86' lang='lat' dir='ltr'>ex</span> <span class='ocrx_word' id='word_1_410' title='bbox 1415 3982 1523 4040; x_wconf 72' lang='lat' dir='ltr'>Geluii</span> 
     </span>
     <span class='ocr_line' id='line_1_39' title="bbox 240 4062 1524 4136; baseline 0.009 -21"><span class='ocrx_word' id='word_1_411' title='bbox 240 4062 359 4131; x_wconf 82' lang='lat' dir='ltr'>epistola</span> <span class='ocrx_word' id='word_1_412' title='bbox 372 4070 385 4115; x_wconf 93' lang='lat'>1</span> <span class='ocrx_word' id='word_1_413' title='bbox 398 4081 424 4116; x_wconf 90' lang='lat' dir='ltr'>n.</span> <span class='ocrx_word' id='word_1_414' title='bbox 439 4068 484 4127; x_wconf 78' lang='lat'>27,</span> <span class='ocrx_word' id='word_1_415' title='bbox 502 4068 534 4117; x_wconf 79' lang='lat'>35</span> <span class='ocrx_word' id='word_1_416' title='bbox 547 4064 620 4117; x_wconf 83' lang='grc'><strong>0130</strong></span> <span class='ocrx_word' id='word_1_417' title='bbox 640 4063 778 4116; x_wconf 87' lang='lat' dir='ltr'>docemur.</span> <span class='ocrx_word' id='word_1_418' title='bbox 798 4093 832 4101; x_wconf 85' lang='lat'>—</span> <span class='ocrx_word' id='word_1_419' title='bbox 847 4062 980 4117; x_wconf 87' lang='lat' dir='ltr'>Similiter</span> <span class='ocrx_word' id='word_1_420' title='bbox 999 4064 1081 4133; x_wconf 87' lang='lat' dir='ltr'>lenge</span> <span class='ocrx_word' id='word_1_421' title='bbox 1100 4065 1184 4118; x_wconf 85' lang='lat' dir='ltr'>antea</span> <span class='ocrx_word' id='word_1_422' title='bbox 1201 4063 1316 4118; x_wconf 87' lang='lat' dir='ltr'>Sirieius</span> <span class='ocrx_word' id='word_1_423' title='bbox 1334 4066 1423 4136; x_wconf 85' lang='lat' dir='ltr'>epist.</span> <span class='ocrx_word' id='word_1_424' title='bbox 1436 4075 1453 4124; x_wconf 85' lang='lat' dir='ltr'>&#39;l</span> <span class='ocrx_word' id='word_1_425' title='bbox 1465 4074 1524 4125; x_wconf 73' lang='lat' dir='ltr'>nt</span> 
     </span>
     <span class='ocr_line' id='line_1_40' title="bbox 240 4144 1525 4217; baseline 0.008 -17"><span class='ocrx_word' id='word_1_426' title='bbox 240 4147 274 4201; x_wconf 91' lang='lat' dir='ltr'>de</span> <span class='ocrx_word' id='word_1_427' title='bbox 293 4146 432 4201; x_wconf 83' lang='lat' dir='ltr'>sententia</span> <span class='ocrx_word' id='word_1_428' title='bbox 454 4164 516 4200; x_wconf 90' lang='lat' dir='ltr'>eum</span> <span class='ocrx_word' id='word_1_429' title='bbox 541 4148 613 4202; x_wconf 90' lang='lat' dir='ltr'>clero</span> <span class='ocrx_word' id='word_1_430' title='bbox 637 4165 685 4201; x_wconf 93' lang='lat' dir='ltr'>suo</span> <span class='ocrx_word' id='word_1_431' title='bbox 705 4148 837 4202; x_wconf 85' lang='lat' dir='ltr'>adversus</span> <span class='ocrx_word' id='word_1_432' title='bbox 855 4144 1032 4202; x_wconf 82' lang='lat' dir='ltr'>Jovinianam</span> <span class='ocrx_word' id='word_1_433' title='bbox 1055 4150 1083 4203; x_wconf 90' lang='lat' dir='ltr'>et</span> <span class='ocrx_word' id='word_1_434' title='bbox 1104 4148 1225 4202; x_wconf 82' lang='lat' dir='ltr'>asseclas</span> <span class='ocrx_word' id='word_1_435' title='bbox 1246 4147 1309 4217; x_wconf 85' lang='lat' dir='ltr'>ejus</span> <span class='ocrx_word' id='word_1_436' title='bbox 1330 4149 1397 4206; x_wconf 77' lang='lat' dir='ltr'>lata</span> <span class='ocrx_word' id='word_1_437' title='bbox 1414 4160 1525 4209; x_wconf 71' lang='lat' dir='ltr'>annin</span> 
     </span>
     <span class='ocr_line' id='line_1_41' title="bbox 240 4232 1526 4310; baseline 0.004 -23"><span class='ocrx_word' id='word_1_438' title='bbox 240 4244 351 4287; x_wconf 83' lang='lat' dir='ltr'>nostram</span> <span class='ocrx_word' id='word_1_439' title='bbox 363 4272 412 4294; x_wconf 86' lang='lat'>...‚</span> <span class='ocrx_word' id='word_1_440' title='bbox 425 4232 529 4300; x_wconf 86' lang='lat' dir='ltr'>inquit,</span> <span class='ocrx_word' id='word_1_441' title='bbox 548 4254 621 4287; x_wconf 78' lang='lat' dir='ltr'>ernam</span> <span class='ocrx_word' id='word_1_442' title='bbox 638 4239 728 4288; x_wconf 86' lang='lat' dir='ltr'>scitale</span> <span class='ocrx_word' id='word_1_443' title='bbox 744 4237 826 4299; x_wconf 79' lang='lat' dir='ltr'>fuisse</span> <span class='ocrx_word' id='word_1_444' title='bbox 843 4239 1005 4301; x_wconf 84' lang='lat' dir='ltr'>sententiam,</span> <span class='ocrx_word' id='word_1_445' title='bbox 1024 4246 1050 4286; x_wconf 87' lang='lat' dir='ltr'>ut</span> <span class='ocrx_word' id='word_1_446' title='bbox 1062 4238 1225 4296; x_wconf 81' lang='lat' dir='ltr'>douiaiaaas,</span> <span class='ocrx_word' id='word_1_447' title='bbox 1244 4238 1400 4292; x_wconf 65' lang='lat' dir='ltr'>Arcenam</span> <span class='ocrx_word' id='word_1_448' title='bbox 1414 4278 1461 4304; x_wconf 85' lang='lat'>...,</span> <span class='ocrx_word' id='word_1_449' title='bbox 1481 4245 1526 4310; x_wconf 73' lang='lat' dir='ltr'>qui</span> 
     </span>
     <span class='ocr_line' id='line_1_42' title="bbox 240 4323 1524 4393; baseline 0.005 -24"><span class='ocrx_word' id='word_1_450' title='bbox 240 4323 384 4371; x_wconf 85' lang='lat' dir='ltr'>incentores</span> <span class='ocrx_word' id='word_1_451' title='bbox 402 4338 482 4372; x_wconf 73' lang='lat' dir='ltr'>neeric</span> <span class='ocrx_word' id='word_1_452' title='bbox 500 4323 615 4372; x_wconf 84' lang='lat' dir='ltr'>haeresis</span> <span class='ocrx_word' id='word_1_453' title='bbox 633 4331 659 4372; x_wconf 90' lang='lat' dir='ltr'>ct</span> <span class='ocrx_word' id='word_1_454' title='bbox 681 4323 851 4386; x_wconf 81' lang='lat' dir='ltr'>blasphemiae</span> <span class='ocrx_word' id='word_1_455' title='bbox 869 4325 964 4373; x_wconf 85' lang='lat' dir='ltr'>inventi</span> <span class='ocrx_word' id='word_1_456' title='bbox 980 4332 1051 4380; x_wconf 74' lang='lat' dir='ltr'>suist,</span> <span class='ocrx_word' id='word_1_457' title='bbox 1074 4324 1160 4372; x_wconf 79' lang='lat' dir='ltr'>divina</span> <span class='ocrx_word' id='word_1_458' title='bbox 1176 4325 1304 4372; x_wconf 84' lang='lat' dir='ltr'>sententia</span> <span class='ocrx_word' id='word_1_459' title='bbox 1323 4331 1349 4375; x_wconf 87' lang='lat' dir='ltr'>et</span> <span class='ocrx_word' id='word_1_460' title='bbox 1368 4335 1464 4380; x_wconf 65' lang='lat' dir='ltr'>nosve</span> <span class='ocrx_word' id='word_1_461' title='bbox 1476 4330 1524 4393; x_wconf 68' lang='lat' dir='ltr'>jn·</span> 
     </span>
     <span class='ocr_line' id='line_1_43' title="bbox 241 4398 1526 4470; baseline 0.009 -16"><span class='ocrx_word' id='word_1_462' title='bbox 241 4408 307 4455; x_wconf 78' lang='lat' dir='ltr'>(licio</span> <span class='ocrx_word' id='word_1_463' title='bbox 330 4407 355 4454; x_wconf 85' lang='lat' dir='ltr'>ia</span> <span class='ocrx_word' id='word_1_464' title='bbox 377 4398 528 4470; x_wconf 71' lang='lat' dir='ltr'>perpetium</span> <span class='ocrx_word' id='word_1_465' title='bbox 552 4408 664 4455; x_wconf 70' lang='lat' dir='ltr'>discincti</span> <span class='ocrx_word' id='word_1_466' title='bbox 687 4414 765 4456; x_wconf 81' lang='lat' dir='ltr'>caetra</span> <span class='ocrx_word' id='word_1_467' title='bbox 788 4408 929 4456; x_wconf 84' lang='lat' dir='ltr'>Ecclesiam</span> <span class='ocrx_word' id='word_1_468' title='bbox 951 4416 1121 4458; x_wconf 81' lang='lat' dir='ltr'>remanerent.</span> <span class='ocrx_word' id='word_1_469' title='bbox 1158 4402 1357 4459; x_wconf 77' lang='lat' dir='ltr'>conditionem</span> <span class='ocrx_word' id='word_1_470' title='bbox 1382 4423 1453 4464; x_wconf 77' lang='lat' dir='ltr'>vero</span> <span class='ocrx_word' id='word_1_471' title='bbox 1476 4425 1526 4465; x_wconf 77' lang='grc'><strong>0011</strong></span> 
     </span>
     <span class='ocr_line' id='line_1_44' title="bbox 242 4486 1526 4560; baseline 0.007 -22"><span class='ocrx_word' id='word_1_472' title='bbox 242 4487 393 4540; x_wconf 88' lang='lat' dir='ltr'>clausulam</span> <span class='ocrx_word' id='word_1_473' title='bbox 410 4486 439 4539; x_wconf 94' lang='lat' dir='ltr'>in</span> <span class='ocrx_word' id='word_1_474' title='bbox 457 4487 617 4555; x_wconf 80' lang='lat' dir='ltr'>hqjasmodi</span> <span class='ocrx_word' id='word_1_475' title='bbox 634 4487 759 4539; x_wconf 80' lang='lat' dir='ltr'>formulis</span> <span class='ocrx_word' id='word_1_476' title='bbox 778 4487 997 4542; x_wconf 86' lang='lat' dir='ltr'>subaudiendam</span> <span class='ocrx_word' id='word_1_477' title='bbox 1015 4489 1071 4543; x_wconf 89' lang='lat' dir='ltr'>Leo</span> <span class='ocrx_word' id='word_1_478' title='bbox 1090 4487 1170 4557; x_wconf 89' lang='lat' dir='ltr'>epist.</span> <span class='ocrx_word' id='word_1_479' title='bbox 1183 4495 1214 4543; x_wconf 82' lang='lat'>31</span> <span class='ocrx_word' id='word_1_480' title='bbox 1228 4495 1283 4543; x_wconf 77' lang='lat' dir='ltr'>nii</span> <span class='ocrx_word' id='word_1_481' title='bbox 1303 4492 1457 4560; x_wconf 76' lang='lat' dir='ltr'>expressit,</span> <span class='ocrx_word' id='word_1_482' title='bbox 1476 4493 1526 4549; x_wconf 87' lang='lat' dir='ltr'>nbi</span> 
     </span>
     <span class='ocr_line' id='line_1_45' title="bbox 242 4570 1526 4648; baseline 0.009 -26"><span class='ocrx_word' id='word_1_483' title='bbox 242 4570 276 4623; x_wconf 88' lang='lat' dir='ltr'>do</span> <span class='ocrx_word' id='word_1_484' title='bbox 288 4570 412 4638; x_wconf 80' lang='lat' dir='ltr'>Eutyche</span> <span class='ocrx_word' id='word_1_485' title='bbox 431 4588 518 4638; x_wconf 76' lang='lat' dir='ltr'>agens</span> <span class='ocrx_word' id='word_1_486' title='bbox 537 4591 660 4625; x_wconf 83' lang='lat' dir='ltr'>reuocare</span> <span class='ocrx_word' id='word_1_487' title='bbox 677 4592 719 4639; x_wconf 84' lang='lat' dir='ltr'>se,</span> <span class='ocrx_word' id='word_1_488' title='bbox 739 4571 790 4638; x_wconf 88' lang='lat' dir='ltr'>ait,</span> <span class='ocrx_word' id='word_1_489' title='bbox 809 4593 825 4624; x_wconf 86' lang='lat' dir='ltr'>a</span> <span class='ocrx_word' id='word_1_490' title='bbox 842 4594 889 4627; x_wconf 84' lang='lat' dir='ltr'>saa</span> <span class='ocrx_word' id='word_1_491' title='bbox 907 4576 1028 4642; x_wconf 85' lang='lat' dir='ltr'>opinione</span> <span class='ocrx_word' id='word_1_492' title='bbox 1041 4578 1164 4628; x_wconf 72' lang='lat' dir='ltr'>cainaea</span> <span class='ocrx_word' id='word_1_493' title='bbox 1176 4593 1221 4628; x_wconf 85' lang='lat' dir='ltr'>nee</span> <span class='ocrx_word' id='word_1_494' title='bbox 1232 4579 1270 4627; x_wconf 84' lang='lat' dir='ltr'>ita</span> <span class='ocrx_word' id='word_1_495' title='bbox 1283 4576 1428 4634; x_wconf 80' lang='lat' dir='ltr'>Ecclesiae</span> <span class='ocrx_word' id='word_1_496' title='bbox 1442 4599 1526 4648; x_wconf 72' lang='lat' dir='ltr'>pree·</span> 
     </span>
     <span class='ocr_line' id='line_1_46' title="bbox 241 4662 1526 4733; baseline 0.008 -26"><span class='ocrx_word' id='word_1_497' title='bbox 241 4662 308 4707; x_wconf 80' lang='lat' dir='ltr'>sulca</span> <span class='ocrx_word' id='word_1_498' title='bbox 325 4675 490 4716; x_wconf 84' lang='lat' dir='ltr'>commovere,</span> <span class='ocrx_word' id='word_1_499' title='bbox 515 4668 540 4708; x_wconf 86' lang='lat' dir='ltr'>ut</span> <span class='ocrx_word' id='word_1_500' title='bbox 563 4662 732 4711; x_wconf 77' lang='lat' dir='ltr'>danrnatianis</span> <span class='ocrx_word' id='word_1_501' title='bbox 754 4664 903 4711; x_wconf 85' lang='lat' dir='ltr'>sententiam</span> <span class='ocrx_word' id='word_1_502' title='bbox 920 4670 1060 4713; x_wconf 81' lang='lat' dir='ltr'>mereretur</span> <span class='ocrx_word' id='word_1_503' title='bbox 1078 4667 1210 4727; x_wconf 83' lang='lat' dir='ltr'>accipere,</span> <span class='ocrx_word' id='word_1_504' title='bbox 1234 4679 1309 4728; x_wconf 72' lang='lat' dir='ltr'>qaam</span> <span class='ocrx_word' id='word_1_505' title='bbox 1326 4668 1434 4733; x_wconf 70' lang='lat' dir='ltr'>ulique,</span> <span class='ocrx_word' id='word_1_506' title='bbox 1457 4670 1483 4720; x_wconf 76' lang='lat' dir='ltr'>si</span> <span class='ocrx_word' id='word_1_507' title='bbox 1499 4670 1526 4720; x_wconf 73' lang='lat' dir='ltr'>ia</span> 
     </span>
     <span class='ocr_line' id='line_1_47' title="bbox 241 4743 1526 4812; baseline 0.011 -20"><span class='ocrx_word' id='word_1_508' title='bbox 241 4758 287 4792; x_wconf 86' lang='lat' dir='ltr'>sue</span> <span class='ocrx_word' id='word_1_509' title='bbox 306 4758 381 4792; x_wconf 86' lang='lat' dir='ltr'>sensu</span> <span class='ocrx_word' id='word_1_510' title='bbox 399 4746 686 4808; x_wconf 68' lang='grc'><strong>00110111100111010,</strong></span> <span class='ocrx_word' id='word_1_511' title='bbox 712 4749 792 4795; x_wconf 77' lang='lat' dir='ltr'>niellus</span> <span class='ocrx_word' id='word_1_512' title='bbox 810 4749 834 4795; x_wconf 87' lang='lat' dir='ltr'>ci</span> <span class='ocrx_word' id='word_1_513' title='bbox 855 4749 950 4810; x_wconf 81' lang='lat' dir='ltr'>polerit</span> <span class='ocrx_word' id='word_1_514' title='bbox 969 4750 1100 4798; x_wconf 65' lang='lat' dir='ltr'>relascare.</span> <span class='ocrx_word' id='word_1_515' title='bbox 1136 4743 1192 4797; x_wconf 83' lang='lat' dir='ltr'>Sed</span> <span class='ocrx_word' id='word_1_516' title='bbox 1209 4744 1239 4797; x_wconf 88' lang='grc'>01</span> <span class='ocrx_word' id='word_1_517' title='bbox 1260 4743 1407 4812; x_wconf 79' lang='lat' dir='ltr'>ejuslnodi</span> <span class='ocrx_word' id='word_1_518' title='bbox 1429 4748 1466 4804; x_wconf 79' lang='lat' dir='ltr'>de</span> <span class='ocrx_word' id='word_1_519' title='bbox 1483 4766 1526 4805; x_wconf 80' lang='grc'>10·</span> 
     </span>
     <span class='ocr_line' id='line_1_48' title="bbox 243 4822 1527 4890; baseline 0.01 -13"><span class='ocrx_word' id='word_1_520' title='bbox 243 4822 387 4877; x_wconf 75' lang='lat' dir='ltr'>sanciendo</span> <span class='ocrx_word' id='word_1_521' title='bbox 406 4824 507 4878; x_wconf 87' lang='lat' dir='ltr'>damno</span> <span class='ocrx_word' id='word_1_522' title='bbox 519 4825 706 4880; x_wconf 86' lang='lat' dir='ltr'>conditionem</span> <span class='ocrx_word' id='word_1_523' title='bbox 725 4827 850 4881; x_wconf 86' lang='lat' dir='ltr'>additam</span> <span class='ocrx_word' id='word_1_524' title='bbox 868 4829 897 4880; x_wconf 90' lang='lat' dir='ltr'>in</span> <span class='ocrx_word' id='word_1_525' title='bbox 908 4828 1046 4883; x_wconf 80' lang='lat' dir='ltr'>sententia</span> <span class='ocrx_word' id='word_1_526' title='bbox 1058 4829 1190 4884; x_wconf 86' lang='lat' dir='ltr'>adversas</span> <span class='ocrx_word' id='word_1_527' title='bbox 1201 4828 1327 4885; x_wconf 84' lang='lat' dir='ltr'>Vitalem</span> <span class='ocrx_word' id='word_1_528' title='bbox 1340 4833 1372 4886; x_wconf 85' lang='lat' dir='ltr'>et</span> <span class='ocrx_word' id='word_1_529' title='bbox 1383 4831 1527 4890; x_wconf 80' lang='grc'><strong>1111010111</strong></span> 
     </span>
     <span class='ocr_line' id='line_1_49' title="bbox 242 4899 1246 4982; baseline 0.006 -20"><span class='ocrx_word' id='word_1_530' title='bbox 242 4909 302 4963; x_wconf 86' lang='lat' dir='ltr'>latu</span> <span class='ocrx_word' id='word_1_531' title='bbox 320 4908 405 4963; x_wconf 81' lang='lat' dir='ltr'>visuri</span> <span class='ocrx_word' id='word_1_532' title='bbox 423 4927 515 4963; x_wconf 85' lang='lat' dir='ltr'>sumus</span> <span class='ocrx_word' id='word_1_533' title='bbox 534 4910 636 4977; x_wconf 76' lang='lat' dir='ltr'>(Gelae.</span> <span class='ocrx_word' id='word_1_534' title='bbox 651 4911 731 4980; x_wconf 88' lang='lat' dir='ltr'>epist.</span> <span class='ocrx_word' id='word_1_535' title='bbox 745 4919 778 4967; x_wconf 83' lang='lat'>30</span> <span class='ocrx_word' id='word_1_536' title='bbox 790 4930 816 4965; x_wconf 93' lang='lat' dir='ltr'>n.</span> <span class='ocrx_word' id='word_1_537' title='bbox 831 4918 847 4967; x_wconf 88' lang='grc'>8</span> <span class='ocrx_word' id='word_1_538' title='bbox 860 4915 935 4982; x_wconf 86' lang='grc'><strong>019).</strong></span> <span class='ocrx_word' id='word_1_539' title='bbox 1244 4899 1246 4903; x_wconf 48' lang='grc'><strong>’</strong></span> 
     </span>
    </p>
   </div>
   <div class='ocr_carea' id='block_1_4' title="bbox 0 0 1622 5506">
    <p class='ocr_par' dir='ltr' id='par_1_11' title="bbox 0 0 1622 5506">
     <span class='ocr_line' id='line_1_50' title="bbox 0 0 1622 5506; baseline 0 0"><span class='ocrx_word' id='word_1_540' title='bbox 0 0 1622 5506; x_wconf 95' lang='lat' dir='ltr'> </span> 
     </span>
    </p>
   </div>
  </div>
 </body>
</html>
