3204 5506
290 334 352 397 ’1111
727 347 755 393 s.
773 343 977 392 nornnsnna
1000 341 1114 388 rasas

183 504 372 567 sarebona
402 523 460 565 nos
487 501 605 584 arguit.
661 499 723 562 Per
751 499 858 563 omnia
887 502 997 562 tamen
1025 495 1203 561 voluntatis
1230 497 1354 560 nostrae
1377 495 1508 580 puritatem

289 605 469 688 legatorum
497 602 726 687 nostrorum'¹)
756 601 902 684 poteritis
935 599 1121 664 narratione
1155 619 1355 683 cognoscere.
1405 596 1513 662 Petimus

290 710 412 786 auitam,
448 709 483 768 ut
511 728 568 788 pro
596 704 688 768 nobis
717 703 913 786 apostolatus
942 706 1046 767 vester
1073 724 1165 766 orare
1194 701 1359 786 dignetur:
1386 701 1451 785 quod
1468 722 1516 765 ros

288 809 403 872 libenti
427 808 534 870 animo
555 808 677 888 facere,
705 806 765 869 hac
788 805 961 889 poterimus
983 805 1122 868 niaxime
1144 804 1271 868 ratione
1295 824 1471 889 eoguroseere,
1494 805 1515 868 si

290 912 465 994 perfectam
494 909 585 972 nobis
614 909 770 971 imitatem
798 907 1003 971 ecelesiarum
1036 907 1192 991 dignatus
1226 905 1323 970 fuerit
1349 904 1423 969 Deus
1448 905 1517 969 robis

290 1011 531 1096 disponentibus
548 1010 738 1074 cornlonare.
768 1009 860 1073 lllam
877 1010 962 1073 enim
977 1032 1038 1073 vox
1053 1009 1113 1074 Dei
1134 1030 1289 1093 magnam
1304 1007 1515 1072 beredenam

289 1113 499 1199 diligentibus
521 1136 555 1177 se
578 1113 742 1176 mandavit
765 1115 860 1196 atque
882 1112 1024 1195 donavit,
1048 1134 1110 1196 qua
1125 1111 1316 1176 declaravit:
1339 1115 1433 1174 suan
1443 1129 1513 1173 nean

290 1222 330 1281 do
352 1222 441 1294 uobis,
461 1237 570 1295 pacem
593 1237 688 1279 racrun
712 1221 827 1279 dinnao
849 1219 939 1279 vobis.

198 1090 260 1142 Joh,

141 1208 147 1220 ,
190 1163 274 1223 aar.

797 1434 978 1538 Epistola
1005 1436 1043 1519 11

149 1583 276 1705 aiglffil
541 1587 722 1656 Anastasii
747 1590 979 1673 imperatoris
1000 1588 1044 1654 ad
1067 1587 1308 1654 Hormisdam.

328 1728 511 1794 Theopompum
524 1732 634 1780 canalem
647 1732 838 1780 domesticorum
850 1738 875 1779 ct
888 1731 1050 1779 Severianum
1062 1731 1175 1779 cornitem
1186 1731 1258 1779 sueri
1269 1731 1411 1780 cumularit
1421 1732 1500 1795 repas
1529 1737 1548 1789 p

463 1817 578 1879 pontifici
595 1817 631 1865 ad
646 1817 806 1865 salutationis
824 1815 933 1879 officium
951 1822 975 1865 el
993 1832 1081 1879 pacem
1098 1817 1282 1866 conciliandum
1301 1817 1381 1865 anteiit.

446 1966 686 2029 Anastasius
709 1967 913 2050 Angastns
936 1965 1171 2030 Hormisdae
1193 1988 1320 2050 papae
1347 1986 1415 2049 per
1434 1964 1536 2029 Theo·

534 2090 712 2152 pompam
736 2071 774 2132 et
796 2068 1051 2133 Severianum
1074 2067 1182 2131 viros
1205 2066 1463 2132 clarissimos

375 2186 508 2266 Omnia,
532 2209 614 2270 quae
637 2188 821 2272 benignitas
846 2188 1029 2270 conceperit
1050 2187 1245 2268 animorum,
1273 2185 1360 2250 dulci
1385 2186 1549 2251 ambituet
1594 2222 1599 2299 p

290 2289 497 2352 festinatione
524 2288 677 2352 laudabili
704 2293 941 2373 propagautnr3
976 2311 1035 2353 nec
1064 2289 1125 2353 sibi
1153 2287 1295 2373 requiem
1325 2291 1448 2373 putant
1474 2311 1552 2373 lmese

290 2391 463 2474 praestari,
493 2390 593 2454 donee
622 2391 661 2453 ad
685 2390 834 2454 affectum
861 2391 1105 2454 saluberrimum
1133 2390 1316 2455 desiderata
1339 2390 1556 2475 perduxerint:

290 2495 322 2554 et
345 2495 422 2569 tunc
445 2492 600 2575 quaedam
624 2493 724 2576 ipsius
746 2492 965 2556 festinationis
987 2493 1025 2557 fit
1047 2493 1181 2577 requies,
1205 2493 1281 2557 dum
1300 2494 1484 2579 eontigerit
1497 2516 1560 2579 spes

290 2597 444 2656 rabaam.
492 2593 580 2668 Quod
609 2595 644 2657 in
672 2594 835 2678 praesenti
863 2617 921 2657 nos
950 2601 1037 2658 certa
1064 2595 1190 2659 ratione
1219 2594 1437 2679 pertulimus,
1472 2598 1562 2660 donec

291 2695 436 2759 eoelestis
458 2696 550 2759 larvea
571 2701 603 2760 et
625 2699 755 2760 nostrae
778 2695 927 2779 petitioni
950 2696 1107 2781 aditrm1¹)
1138 2700 1170 2760 et
1191 2700 1322 2760 vestrae
1345 2699 1565 2782 promissionis

290 2818 437 2860 serenum
460 2797 558 2861 donet
581 2799 738 2862 effectum.
785 2797 873 2881 Ergo
900 2798 976 2882 qaia
1000 2799 1048 2863 vel
1070 2800 1210 2862 maxima
1240 2797 1377 2864 itineris
1402 2800 1567 2887 longitudo

290 2899 339 2962 vel
363 2899 447 2962 ultra
468 2899 597 2963 solitam
620 2921 739 2963 morem
755 2899 902 2963 hiemalis
918 2901 1086 2984 asperitas,
1110 2900 1192 2985 quod
1207 2900 1459 2991 optabamus),
1483 2904 1568 2968 nobis

290 3001 368 3064 fecit
396 3001 570 3084 incertum,
603 3002 733 3064 interim
755 3002 842 3065 intra
866 3002 989 3066 animos
1011 3006 1137 3066 nostros
1165 3002 1354 3067 desiderata
1385 3006 1569 3091 compressi·

290 3124 376 3184 mus,
401 3103 557 3167 beneficia
579 3104 687 3166 divina
711 3107 879 3187 captantes
887 3155 895 3186 ,
919 3126 1000 3187 quae
1023 3104 1158 3187 lamae)
1186 3105 1296 3168 exitus
1319 3107 1369 3170 rei
1395 3130 1457 3172 sua
1480 3109 1569 3172 inter·

291 3205 447 3287 positione
475 3205 627 3268 decidant
655 3209 877 3288 agnoscentes.
930 3205 1049 3290 Igitur,
1083 3206 1166 3289 quod
1195 3205 1265 3289 ejus
1295 3209 1411 3290 pietas
1441 3213 1570 3296 primam

290 3307 383 3369 nobis
405 3308 545 3388 getuliam
568 3307 771 3390 cumdonarit,
799 3311 834 3370 nt
856 3307 986 3377 missu⁴l
1009 3307 1130 3392 legatio
1152 3307 1191 3371 ad
1217 3308 1466 3377 beatitudinem
1489 3318 1570 3377 tuam

290 3408 427 3472 feliciter
450 3413 616 3490 remearet,
641 3410 680 3471 ad
703 3409 874 3473 secundam
896 3409 1107 3493 processimus
1114 3461 1124 3492 ,
1151 3412 1188 3473 ut
1209 3409 1421 3496 dirigeretur
1444 3438 1465 3479 a
1487 3416 1570 3480 nobis

291 3511 446 3593 promissa
454 3512 479 3595 5)
504 3512 639 3595 legatio,
668 3533 725 3595 per
754 3533 849 3594 quam
877 3515 910 3575 et
932 3511 1191 3576 commemoratio
1214 3511 1313 3578 fieret
1336 3536 1475 3601 eorum,
1497 3538 1571 3603 quse

291 3801 351 3835 rum
370 3784 497 3845 conatus,
522 3785 552 3836 nt
574 3781 663 3851 ipsum
687 3783 723 3837 ab
741 3781 835 3836 Aeacii
854 3782 1046 3837 communione
1069 3782 1259 3851 dimoverent,
1283 3786 1411 3857 oblique
1429 3792 1526 3863 crrlpat
1544 3808 1571 3845 se

291 3869 430 3936 reprobat.

359 3955 389 4019 ¹¹)
408 3953 426 4005 b
446 3965 597 4006 uestrorum:
615 3952 689 4020 quod
708 3952 784 4006 nulla
801 3954 845 4007 vel
863 3953 1031 4007 suessano
1049 3953 1091 4008 vel
1114 3952 1223 4008 ratione
1242 3955 1377 4014 fulcitum.
1422 3961 1492 4028 Quis
1508 3961 1572 4018 enin

290 4038 343 4091 sibi
360 4037 389 4090 in
408 4039 529 4092 animam
547 4037 673 4101 induent,
692 4037 869 4091 anastasium
888 4037 988 4106 legatis
1005 4037 1177 4107 apostolicis,
1195 4055 1271 4107 quos
1289 4059 1323 4097 ne
1335 4042 1452 4103 inlecta
1462 4047 1572 4101 dimitte

290 4123 353 4186 bat,
376 4141 480 4176 arcana
501 4122 616 4175 consilia
637 4139 687 4175 sua
708 4122 877 4176 crediturum
900 4123 1003 4176 titisse?
1040 4124 1136 4193 Longe
1154 4124 1198 4177 est
1220 4126 1415 4193 probabilius
1432 4150 1469 4188 ne
1491 4132 1572 4187 dim

290 4211 409 4272 certum,
428 4225 490 4261 enm
505 4207 538 4260 de
552 4206 692 4274 legatione
710 4207 794 4276 loqui,
807 4224 892 4277 quarn
905 4225 933 4261 se
946 4208 1092 4261 missurum
1104 4208 1164 4278 ipse
1177 4226 1253 4264 nune
1265 4214 1424 4285 promisit,
1442 4234 1572 4289 quumque

288 4291 317 4344 in
336 4309 438 4345 annum
456 4295 617 4361 sequentem
636 4292 756 4358 distulit,
775 4295 807 4346 ut
824 4309 940 4362 sequens
958 4291 1077 4362 epistola
1094 4292 1177 4347 fidem
1194 4293 1295 4349 faciet

291 4382 320 4428 11
359 4380 378 4442 1)
397 4378 462 4430 beo
480 4384 601 4439 nuditum,
621 4394 740 4447 moxque
759 4388 783 4431 et
801 4384 878 4435 ultra.

357 4465 378 4527 ²)
396 4462 448 4516 Vel
470 4462 563 4532 potius
585 4480 643 4517 sese
662 4466 760 4533 optare
781 4462 943 4529 simulabat,
966 4464 998 4516 at
1020 4463 1150 4517 nimirum
1167 4463 1330 4524 Hormisda
1355 4474 1481 4531 coner‘lio
1501 4488 1569 4546 pne

289 4545 407 4598 sentiam
425 4564 504 4601 snam
522 4563 578 4599 non
596 4547 756 4618 denegaret.

357 4632 377 4697 ³)
396 4631 413 4683 b
433 4636 492 4685 doni
503 4637 600 4692 emitas,
619 4635 648 4687 et
666 4651 728 4687 cum
747 4652 781 4688 cc
798 4640 927 4689 desidunt.
959 4637 1237 4703 apponentesque,
1256 4637 1371 4697 deiude
1389 4643 1567 4713 piemmffl»

288 4712 332 4767 lbi
349 4720 406 4780 ejas
423 4717 548 4785 ponitur,
567 4717 647 4786 qnasi
666 4722 749 4773 antea
768 4725 817 4774 Dei
833 4724 953 4786 beneficia
971 4719 1074 4773 dietum
1092 4721 1172 4774 esset

357 4801 378 4863 ⁴)
396 4801 461 4855 bec
479 4809 555 4855 nilssa
572 4810 608 4856 ad
625 4824 670 4858 nos
686 4811 786 4870 lepatio.

359 4888 378 4950 ³¹)
396 4884 493 4952 Neque
512 4887 596 4941 etiam
614 4889 757 4958 promissis
775 4890 827 4944 hae
845 4890 874 4943 in
892 4906 922 4944 re
935 4889 1021 4944 stetit.
1052 4890 1091 4945 Ut
1102 4889 1176 4944 enim
1187 4889 1355 4953 Hormisda
1367 4898 1454 4970 aptat
1466 4906 1508 4957 22.
1518 4904 1568 4954 a&
