3204 5506
139 356 210 405 XXX
572 354 769 404 PRAEFATIO
792 355 968 404 solrossls.

137 518 262 589 autem
297 516 476 588 momenti
510 539 575 609 pro
607 515 836 588 documentis
870 514 1079 587 schismatis
1110 512 1285 586 Acaciani
1319 516 1409 584 sunt

119 637 245 710 'codex
272 635 466 729 capituli
493 633 774 707 Veronensis
801 632 927 704 XXII
954 635 1026 727 (ap.
1046 633 1220 705 Ballcrin.
1242 633 1406 722 11946),

138 739 221 828 mox
252 759 334 851 post
362 754 486 849 Vigilii
518 757 678 827 mortem
704 754 884 848 originem
911 754 1081 841 sortitus,
1116 777 1160 825 ex
1192 774 1265 845 quo
1292 751 1407 824 Fran-

136 876 251 947 ciscus
279 877 317 946 91
341 874 522 968 Josephus
548 872 756 946 Blanchinii
782 895 825 944 ac
843 871 1006 943 Marchio
1024 870 1143 964 Scipio
1160 871 1338 964 Maffejus
1368 876 1408 942 et

138 993 452 1081 virdunensis
481 1015 525 1064 ex
551 1013 622 1084 quo
648 991 809 1064 Jacobus
834 988 1047 1063 Sirmondus
1074 991 1112 1061 in
1138 992 1326 1081 appendice
1354 1016 1407 1062 99-

134 1115 223 1185 dicis
255 1114 482 1184 Theodosium
516 1110 680 1200 (Parisiis
710 1113 821 1201 1631)
853 1111 960 1203 plura
986 1110 1207 1182 documenta
1236 1109 1405 1202 protulit.

135 1231 305 1305 Pleniora
324 1230 368 1303 de
396 1229 604 1323 hujusmodi
622 1229 895 1302 collectionibus
922 1231 960 1300 et
988 1229 1237 1300 monumentis
1255 1228 1405 1301 videan-

135 1353 197 1422 tur
224 1350 322 1444 apud
349 1349 565 1421 Ballerinios
592 1349 616 1420 l.
645 1373 674 1421 c.
703 1373 737 1443 p.
765 1346 801 1418 ll
827 1371 856 1420 9.
890 1351 945 1418 11.

240 1470 296 1540 15.
333 1465 383 1540 Ut
405 1469 485 1561 jam
513 1467 561 1541 ad
587 1468 815 1541 collectiones
842 1467 938 1555 illas,
967 1489 1062 1560 quae
1088 1467 1127 1537 in
1149 1466 1311 1541 Ecclesia
1338 1493 1403 1561 pu

135 1587 269 1662 blicam
287 1588 490 1681 quamdam
508 1587 773 1660 auctoritatem
791 1587 962 1674 sortitae,
983 1590 1160 1676 revertar,
1179 1610 1267 1681 prae
1284 1587 1402 1658 omni-

134 1706 201 1778 bus
228 1705 600 1780 Pseudo-Isidoriana
617 1706 786 1778 occurrit.
831 1703 885 1777 De
903 1705 1006 1798 cujus
1024 1706 1170 1778 ratione
1185 1710 1235 1778 91
1261 1706 1403 1799 origine

133 1826 253 1899 nescio
287 1850 335 1897 an
369 1826 450 1919 plus
484 1848 599 1919 aequo
631 1824 864 1918 disputatum
890 1824 955 1911 sit;
992 1825 1054 1897 sed
1085 1828 1122 1896 et
1156 1825 1200 1897 dc
1226 1824 1304 1917 ejus
1331 1847 1401 1896 usu

133 1945 369 2039 diplomatico
396 1945 478 2038 jam
504 1945 643 2016 dudum
670 1945 777 2037 justa
809 1943 989 2039 principia
1016 1942 1253 2017 Constantius
1280 1943 1401 2015 Praei.

135 2064 196 2137 911.
231 2088 266 2136 n.
298 2064 515 2151 153-162,
549 2064 737 2137 Ballerinii
768 2064 792 2134 l.
820 2087 850 2136 c.
882 2088 917 2157 p.
944 2062 997 2133 ΠΙ
1023 2086 1052 2135 9.
1083 2066 1103 2135 b
1131 2065 1152 2152 ἓ
1183 2066 1198 2132 1
1229 2065 1335 2149 913,
1364 2066 1403 2133 91

134 2183 351 2278 praeprimis
377 2183 531 2254 ultimus
559 2183 722 2276 ejusdem
748 2182 867 2255 ahter
884 2181 1021 2279 Paulus
1048 2180 1244 2254 Hinschius
1269 2182 1403 2253 consti·

133 2305 298 2375 tuerunt.
342 2300 412 2374 Hic
429 2303 527 2374 idem
545 2302 602 2373 vir
621 2301 854 2374 doctissimus
873 2301 989 2373 ctiam
1014 2301 1059 2372 de
1085 2300 1266 2373 codicibus
1292 2302 1404 2372 tanta

133 2421 297 2494 sollertia
323 2424 578 2513 perscrutatus
596 2423 669 2505 est,
699 2424 780 2492 tam
806 2420 924 2514 perite
941 2418 1131 2504 disseruit,
1159 2422 1202 2488 ut
1221 2418 1282 2488 vix
1299 2420 1402 2511 quid-

133 2563 246 2633 quam
272 2537 404 2610 addere
430 2539 561 2609 ausim.
606 2537 744 2610 Verum
770 2538 807 2609 id
835 2537 884 2608 ibi
911 2558 1142 2631 summopere
1160 2537 1278 2624 doleo,
1306 2539 1404 2630 (prod

133 2681 206 2730 non
240 2657 380 2751 pariter
413 2657 531 2729 eidem
564 2657 760 2750 placuerit,
796 2655 958 2750 genuina
988 2679 1131 2750 quoque
1158 2657 1322 2750 capitula
1356 2659 1404 2730 ad
1465 2718 1469 2728 .

134 2776 312 2850 amussim
345 2776 491 2848 illorum
524 2776 689 2849 codicrun
721 2798 852 2848 vocare
885 2779 923 2847 et
955 2778 1243 2869 repraesentare.
1302 2775 1404 2859 Quae

133 2920 248 2991 qutun
274 2895 393 2967 solum
420 2920 464 2967 ex
490 2895 560 2966 fide
587 2895 744 2967 aliorum
771 2895 954 2967 editorum
981 2895 1239 2989 (genuinarunr
1263 2897 1404 2970 scilicet

133 3015 405 3100 collectionum,
435 3015 530 3088 unde
556 3013 721 3107 profecta
749 3013 934 3105 videntur)
961 3015 1109 3102 reddat,
1139 3016 1226 3109 ipsis
1248 3017 1330 3109 jam
1358 3041 1404 3088 ex

133 3134 303 3207 omnibus
342 3134 414 3205 illis
453 3133 635 3206 codicibus
675 3133 768 3203 nihil
806 3133 984 3204 utilitatis
1030 3134 1180 3206 criticae
1226 3136 1402 3208 adcrevit.

134 3253 253 3337 Quare
270 3276 403 3346 operae
421 3253 584 3346 pretium
602 3255 668 3337 991,
697 3251 837 3324 codices
855 3275 1052 3339 recensere,
1075 3254 1138 3345 qui
1156 3254 1248 3325 mihi
1274 3254 1314 3325 in
1332 3255 1404 3326 hac

134 3373 292 3445 editione
316 3375 384 3443 aut
401 3394 466 3466 per
483 3396 542 3444 me
560 3374 627 3443 aut
651 3394 715 3465 per
734 3371 824 3443 alios
842 3371 999 3443 editores
1018 3373 1101 3443 usui
1125 3373 1286 3445 fuerunt.
1321 3373 1406 3466 lpse

133 3491 248 3586 igitur
272 3492 338 3563 hos
356 3490 495 3563 codices
514 3490 681 3562 adhibui:
715 3488 988 3562 Vaticanum
1008 3494 1093 3563 631)
1121 3492 1261 3564 duobus
1289 3493 1404 3565 tomis

133 3610 266 3704 (priore
299 3609 414 3681 folior.
444 3633 540 3682 mar.
570 3610 710 3680 formae
741 3611 904 3697 1—182,
940 3611 1057 3682 altero
1084 3611 1143 3682 fol.
1176 3612 1404 3702 183-322)

133 3728 317 3823 scriptura
334 3727 628 3822 splendidissima
646 3731 856 3815 exaratum,
886 3729 948 3800 sed
975 3730 1045 3801 etsi
1063 3753 1086 3801 a
1104 3729 1311 3802 Balleriniis
1328 3730 1351 3801 l.
1372 3755 1403 3802 9.

134 3871 168 3941 p.
187 3846 240 3918 HI
257 3872 284 3920 c.
308 3852 328 3917 c
348 3848 409 3937 §5
437 3847 556 3941 primo
581 3848 659 3920 loco
685 3848 864 3940 positum,
892 3851 1020 3920 tamen
1038 3849 1264 3941 antiquitate
1292 3848 1403 3920 finem

134 3966 268 4040 saeculi
295 3965 347 4048 Χ]
374 3966 434 4036 vix
461 3966 715 4051 excedentem
750 3964 1029 4039 Vaticanum
1060 3971 1190 4055 13111,
1219 3967 1404 4039 membra-

134 4110 289 4158 naceum
316 4085 453 4157 saeculi
471 4083 556 4172 XII,
584 4085 755 4157 foliorum
778 4110 876 4157 max.
897 4086 1140 4159 1911999390.
1185 4085 1406 4159 Merlinus

134 4204 172 4276 in
199 4205 358 4277 editione
384 4227 453 4275 sua
478 4206 620 4295 (119199
645 4206 673 4276 Ι
693 4207 913 4277 conciliorum
937 4207 1150 4297 peacrolhoa
1168 4214 1226 4278 otc.
1254 4205 1406 4279 Parisiis

139 4326 251 4410 1523;
280 4323 398 4396 denuo
424 4322 593 4396 Coloniae
624 4325 719 4395 1530
746 4328 784 4397 91
810 4323 960 4395 Parisiis
991 4325 1119 4415 1535),
1146 4349 1260 4417 quam
1286 4349 1406 4419 nuper

134 4441 169 4514 J.
188 4442 228 4514 P.
256 4442 313 4513 Mi
321 4466 403 4536 gne
430 4443 468 4514 in
497 4444 712 4534 Pa-trolopiac
738 4467 843 4514 cursu
869 4445 1027 4534 courplclo
1053 4447 1143 4515 tom.
1163 4442 1293 4514 CXXX
1320 4444 1405 4534 (Pa-

134 4561 230 4634 119119
253 4564 362 4652 lata)
380 4562 596 4656 simpliciter
614 4562 779 4656 repetiit,
808 4562 980 4634 codicem
995 4566 1039 4633 ut
1057 4562 1204 4635 videtin·
1221 4562 1406 4636 Vaticano

140 4683 236 4752 1340
262 4703 409 4775 prorsus
435 4681 610 4770 similem,
639 4685 683 4753 ut
700 4680 897 4752 Hinschius
924 4682 946 4752 l.
966 4705 996 4754 9.
1024 4682 1139 4775 praef.
1168 4704 1251 4775 pag.
1270 4681 1405 4754 LXXII

135 4800 257 4888 docet,
286 4799 590 4872 Parisicnsem
617 4800 658 4870 B.
682 4803 744 4871 13.
772 4823 865 4872 saec.
894 4799 962 4870 XII
989 4801 1044 4873 vel
1072 4799 1173 4888 XIII,
1202 4823 1298 4872 nunc
1324 4803 1405 4894 qui-

136 4917 284 4991 demin
311 4919 532 4992 bibliotheca
558 4919 717 5014 corporis
748 4919 947 5013 legislativi
973 4914 1222 5010 asservatum,
1255 4923 1405 4994 secutus
