3204 5506
502 302 672 402 sersaoni
696 336 745 399 ιι.
1194 323 1257 401 '285

100 515 168 568 2111.
211 503 377 569 Dardania
406 510 438 569 et
458 504 605 589 Illyrieus
633 506 738 570 vicina
766 504 954 569 Pannoniae
982 526 1001 567 a
1028 504 1137 586 nohis,
1172 505 1255 588 quod
1268 516 1361 565 aaa.

100 602 211 670 (timus
233 606 289 670 ubi
311 608 526 671 necessarium
548 607 625 689 fuit,
654 613 691 671 ut
712 607 772 670 sibi
795 607 936 691 episcopi
957 605 1183 671 ordinarentur
1205 628 1256 669 ex-

128 707 166 772 in
188 711 316 772 tantum
338 731 372 772 se
394 732 412 771 a
436 708 595 772 consortio
617 707 813 793 perditorum
835 728 983 791 separare
1004 708 1197 792 gaudentes,
1221 712 1257 772 ut

102 827 130 870 a
153 814 358 894 quaererent,
388 809 558 873 dummodo
580 832 747 874 commune
769 832 841 874 cum
863 809 1153 923 transgressoribus
1174 808 1257 874 nihil

100 913 156 975 nt.
207 911 296 995 Epiri
327 934 377 975 me
379 911 510 996 tropolit
511 934 606 995 anus,
641 912 701 975 hoc
730 914 780 975 est
805 910 1051 995 Nicopolitanus
1079 911 1256 995 episcopus,

100 1012 206 1092 ynodo
234 1035 291 1076 sua
313 1036 416 1098 nuper
438 1016 626 1098 segregatus
655 1013 727 1077 ab
718 1013 839 1097 impiis,
869 1013 909 1076 ad
937 1011 1145 1097 apostolicam
1174 1033 1257 1075 eom·
1312 1069 1318 1082 ,

100 1134 175 1180 nem
197 1115 394 1199 deprompta,
418 1137 499 1200 quae
522 1115 664 1179 efficeret
649 1116 708 1201 ιθ),
731 1114 928 1200 professione
943 1138 977 1180 se
993 1114 1139 1179 contulit.
1170 1112 1256 1189 Quae
1274 1071 1398 1193 egffinm

102 1217 212 1300 criptis
235 1217 472 1280 aestimavimus
494 1217 634 1281 indenda
657 1217 951 1302 praesentibus,ut
966 1217 1050 1282 sicut
1035 1219 1183 1281 tsortem
1197 1237 1257 1279 nos

100 1317 150 1484 uitt
162 1318 269 1383 dolere
291 1319 508 1403 pereuntium,
538 1319 584 1383 ita
612 1320 767 1383 laetemur
788 1319 910 1404 pariter
932 1319 970 1383 de
992 1319 1094 1383 salute
1115 1340 1258 1383 remean-

171 1419 338 1484 utfideles
361 1422 528 1485 constituti
551 1421 592 1485 ab
621 1421 665 1484 eis
688 1421 846 1505 longius
837 1442 888 1484 rus
889 1425 1055 1503 truantur,
1086 1442 1149 1504 qua
1171 1421 1258 1484 virus

100 1521 239 1587 sollicit
240 1522 335 1586 udine
358 1522 474 1588 debeat
496 1522 609 1608 effugi,
634 1544 712 1607 quos
735 1544 751 1586 e
752 1522 936 1626 tasuisss)
931 1522 1062 1586 videant
1082 1525 1151 1586 tam
1168 1522 1259 1605 justa

100 1623 204 1688 atione
226 1623 331 1688 vitari.

100 1723 189 1788 .Et
209 1746 270 1790 nos
292 1725 419 1840 quidem
441 1725 689 1810 dispensationis
711 1729 840 1790 nostrae
863 1747 1033 1809 memores,
1056 1747 1186 1791 neeesse
1209 1729 1259 1790 est

100 1828 222 1911 petitae
244 1827 416 1912 legationis
439 1828 545 1892 officio
567 1828 752 1892 convenire:
779 1826 910 1911 quod
885 1849 912 1891 s1
935 1827 1050 1892 affectu
1072 1827 1258 1892 salvationis

102 1928 130 1992 si
151 1932 278 2013 respect
278 1952 298 1992 u
319 1928 439 2011 Dei,
414 1952 440 1992 s1
463 1929 596 1993 rationis
618 1930 740 1993 intuitu
761 1950 827 1993 non
849 1932 979 1993 movent
979 1952 1026 2012 ur,
1054 1929 1168 1994 saltem
1190 1929 1259 2033 pul-

100 2051 137 2093 us
164 2030 346 2114 importune
374 2033 408 2094 et
434 2031 643 2114 pertinaciter
671 2031 892 2115 acquiescant,
925 2034 958 2095 et
986 2033 1043 2094 aut
1070 2030 1109 2095 ad
1138 2022 1259 2095 rectam

100 2131 268 2196 declinatis
290 2131 448 2196 erroribus
471 2136 689 2215 revertantur,
724 2136 779 2196 aut
804 2136 936 2217 propter
963 2131 1176 2216 impoenitens
1205 2153 1260 2196 cor

100 2233 202 2298 mibus
230 2234 463 2299 inexcusabiles
486 2235 687 2317 judicentur,
719 2234 772 2318 qui
801 2237 834 2297 et
861 2233 974 2297 moniti
1002 2233 1098 2298 toties
1125 2233 1161 2297 in
1188 2255 1258 2318 per-

107 2335 324 2399 obstinatione
346 2336 540 2420 persistunt:
570 2335 636 2400 Vos
658 2339 747 2399 orate
770 2339 802 2399 et
823 2335 991 2399 nobiseum
1014 2333 1054 2397 ad
1069 2333 1173 2400 Deum
1187 2357 1258 2420 pre-

121 2439 196 2501 vota
219 2438 421 2522 conjungite,
445 2441 481 2501 ut
503 2460 560 2521 per
581 2459 674 2522 opem
696 2437 929 2502 misericordiae
952 2436 1019 2519 ejus
1041 2439 1153 2501 nostra
1175 2438 1259 2502 aetio

100 2561 142 2604 ns
164 2561 222 2622 pro
246 2539 421 2603 catholicae
443 2539 517 2602 fidei
539 2538 715 2603 stabilitate
738 2542 931 2623 promoveat,
959 2538 1181 2603 immaculatos
1203 2560 1259 2603 vos

100 2663 190 2726 egros
213 2641 253 2704 ab
275 2642 363 2704 omni
384 2644 640 2724 trangressorum
669 2641 821 2706 societate
844 2644 1022 2706 servantes:
1050 2644 1088 2705 ut
1109 2644 1165 2705 aut
1187 2663 1259 2705 cum

100 2743 143 2807 tis
165 2764 276 2807 sensus
299 2746 332 2806 et
359 2743 454 2806 corda
477 2743 668 2827 jungamus,
699 2747 754 2807 aut
782 2744 821 2806 ab
849 2764 957 2806 eorum
984 2742 1116 2806 venenis
1142 2743 1259 2807 intacti

100 2865 270 2909 aereamur.
316 2843 400 2907 Nam
427 2845 496 2928 qui,
527 2845 609 2908 sieut
637 2866 692 2908 vos
721 2866 845 2929 quoque
868 2844 1098 2908 conscientiam
1119 2846 1259 2907 vestram

100 2953 180 3010 atere
202 2945 382 3028 testamini,
407 2947 551 3009 novimus
574 2945 786 3029 Eutychetem
809 2949 905 3029 atque
927 2945 1110 3010 Nestorium
1133 2951 1258 3030 aposta

100 3047 128 3112 id
150 3051 200 3113 est
221 3047 396 3112 catholicae
424 3048 603 3112 sententiae
626 3049 817 3112 auctoritate
845 3046 1027 3130 damnatos3
1058 3047 1259 3130 quemadmo-

100 3150 170 3214 valvi
193 3171 261 3213 esse
283 3150 467 3233 poterimus,
491 3149 518 3213 si
541 3171 648 3214 eorum
671 3148 881 3214 sectatoribus
904 3170 942 3212 ae
964 3148 1100 3232 posteris
1116 3148 1259 3231 qualibet

108 3252 339 3317 commmriom's
361 3251 559 3333 haereamus,
583 3272 680 3335 quum
695 3249 797 3314 Belial
821 3272 892 3313 cum
907 3250 1034 3315 Christo
1056 3254 1166 3315 nostro
1187 3272 1257 3335 por-

100 3377 114 3418 a
139 3353 258 3418 habere
286 3375 353 3417 non
381 3351 506 3437 possit?
548 3352 775 3416 instructionis
809 3355 916 3415 autem
950 3355 1074 3416 vestrae
1102 3353 1258 3417 interesse

100 3478 161 3539 aue,
186 3460 222 3520 ut
244 3477 291 3538 ea,
314 3478 394 3540 quae
418 3455 535 3541 apudt)
558 3476 615 3518 nos
639 3476 658 3517 a
679 3453 915 3537 Nicopolitanis
936 3453 987 3517 vel
1002 3453 1162 3518 Dardanis
1185 3459 1259 3519 acta

104 3558 152 3623 vel
174 3579 236 3643 quo
258 3557 292 3621 in
316 3559 569 3621 communionem
591 3557 701 3620 ordine
722 3559 798 3620 sunt
813 3555 944 3640 recepti,
968 3555 1057 3619 vobis
1072 3559 1151 3620 nota
1171 3556 1258 3620 face-

101 3796 222 3850 Primum
245 3795 405 3863 conjectura
425 3796 486 3849 erat
507 3794 655 3864 legendum
677 3809 736 3847 esse
759 3798 902 3860 sufficeret,
926 3793 1007 3862 quasi
1029 3791 1153 3863 episcopi
1176 3793 1259 3863 hujus

100 3881 152 3936 aiae
174 3880 338 3934 Hormisdae
361 3879 479 3949 epistola
498 3886 529 3934 18
551 3898 576 3933 n.
597 3887 612 3933 5
633 3877 813 3948 praemoniti,
840 3881 870 3931 ut
893 3899 942 3933 non
968 3881 1158 3933 arbitrarentur
1182 3899 1258 3947 porse

100 3971 173 4020 ernb
192 3972 269 4018 tantis
285 3972 438 4034 praesertim
457 3970 556 4019 insidiis
574 3969 731 4026 callidorum,
756 3983 818 4033 quos
834 3968 924 4016 viritim
942 3974 967 4015 et
988 3968 1100 4030 alapatus
1116 3970 1260 4018 consectari

100 4062 108 4102 l
125 4064 201 4121 alque
219 4057 345 4113 damnari,
364 4055 409 4104 sab
428 4056 534 4119 quadam
546 4069 589 4103 eoa
601 4056 716 4118 pancrati
728 4055 887 4102 damnatione
899 4053 1063 4123 caneludere,
1081 4047 1259 4116 postmodum

100 4135 162 4190 visse
186 4135 325 4201 dicantur,
349 4135 424 4202 quod
450 4134 479 4187 in
500 4133 592 4203 prima
612 4134 737 4203 ipsorum
758 4131 930 4202 professione
952 4149 1007 4186 non
1029 4131 1097 4186 satis
1118 4130 1259 4202 integrum

100 4223 147 4276 tur.
185 4220 239 4274 Sed
258 4238 342 4289 quum
360 4220 412 4274 hoc
430 4218 592 4273 nominatim
611 4219 645 4273 de
664 4218 879 4288 metropolitano
897 4217 1036 4283 Johanne,
1055 4216 1132 4284 cujus
1154 4217 1259 4286 profes·

100 4306 148 4359 ihil
166 4305 275 4371 deerat,
294 4304 413 4368 dicatur,
437 4305 489 4358 hoc
506 4304 599 4374 potius
616 4303 658 4357 ita
677 4302 906 4372 interpretamur,
930 4307 1081 4370 deprompta
1096 4305 1259 4369 prasentare

100 4412 160 4461 qaae
179 4395 306 4458 efficerer,
331 4389 436 4443 scilicet
454 4389 586 4444 adversus
604 4387 759 4443 haereticos
777 4391 861 4456 atque
880 4385 1070 4441 schismaticos
1088 4403 1121 4440 ac
1142 4402 1194 4456 pro
1213 4403 1258 4440 aa·

115 4473 181 4541 fide;
199 4474 243 4529 vel
261 4476 293 4529 ut
310 4477 345 4528 e¹¹
364 4473 487 4543 supplet,
510 4496 575 4544 qaae
593 4479 741 4528 luculentam
759 4479 823 4540 fider·
839 4484 865 4526 er
882 4476 1041 4526 obedientiae
1062 4477 1259 4526 declarationem
1277 4534 1280 4537 Α

100 4572 118 4614 t.

100 4644 161 4700 Hoc
179 4646 220 4699 est
237 4661 254 4700 a
272 4644 367 4699 vicinis
386 4662 434 4699 seu
452 4643 642 4706 conterminis,
665 4644 693 4697 et
715 4642 763 4710 qui
784 4643 813 4696 in
832 4642 930 4697 eadem
947 4640 1062 4711 regione
1080 4643 1152 4697 sunt.
1187 4642 1260 4697 Male

107 4730 207 4785 deinde
226 4731 258 4785 G¹
279 4735 304 4785 a'
325 4737 418 4785 uideat.
454 4730 518 4784 Mox
536 4729 605 4784 editi
622 4751 670 4799 quo
689 4735 790 4798 affecta.

100 4816 205 4884 idest,
227 4834 297 4886 quae
320 4833 405 4885 penes
426 4831 476 4869 nos
494 4817 568 4882 sunt,
591 4814 765 4882 aPullionc,
783 4814 831 4883 qui
849 4830 921 4868 auno
939 4812 1074 4882 superiori
1095 4829 1189 4867 mense
1206 4814 1258 4868 No·

117 4918 181 4957 eam
199 4902 235 4955 ob
255 4918 367 4955 <ausam
384 4900 413 4953 in
430 4900 491 4954 illas
511 4899 639 4969 regiones
658 4898 811 4954 destinatus
828 4900 932 4967 fuerat,
950 4899 1047 4953 relata.

100 5007 182 5042 fernae
197 5006 301 5046 nouas.
315 5005 428 5042 ronrrr.
446 4991 468 5046 l,
1017 4994 1059 5057 50
