3204 5506
207 318 269 383 114
534 333 668 382 notura
691 332 845 380 Penuria
867 333 905 380 IN
927 331 1135 381 nocolonae

206 496 285 550 etiam
300 512 372 551 nunc
387 503 493 550 exstare
508 494 677 558 arbitramur,
700 511 815 568 namque
831 510 899 568 quae
914 510 996 567 supra
1011 500 1052 548 est
1068 495 1147 567 epist.
1166 492 1215 554 78,
1237 491 1300 548 licet
1315 490 1397 548 simul
1414 493 1481 547 miz

205 599 249 635 sae
264 581 362 637 1331131
377 580 482 635 litterae
497 581 605 635 minime
620 579 653 634 ad
668 597 718 636 333
734 580 915 652 pervenerint.
944 579 1054 634 beorum
1069 576 1401 652 lastinianumEulogium
1416 593 1481 632 331]

204 665 302 722 litteris
318 666 445 722 31333333
461 665 573 738 Scythas
595 667 637 720 ris
653 664 803 727 dimiserat,
826 680 909 738 quum
931 672 1033 719 mutato
1055 664 1144 719 animo
1163 665 1191 719 in
1207 661 1365 719 eorumdem
1387 677 1481 718 moe·

204 752 317 806 eborum
333 752 444 825 gratiam
460 751 567 823 scripsit
585 750 652 804 banc
668 749 816 823 epistolam,
842 765 922 822 quam
938 766 986 822 per
1001 748 1185 822 Proemptoris
1201 745 1285 804 lilium
1300 748 1384 809 misit,
1407 754 1481 803 tut.

204 835 313 909 quidem
327 836 412 909 ipsius
428 837 554 909 opinione
571 851 681 889 cistarum
698 834 845 909 diligentia,
869 841 898 889 31
914 836 993 890 etiam
1009 833 1151 908 Eulogium
1170 834 1289 908 legatum
1305 831 1339 887 ab
1355 849 1389 888 eo
1407 839 1481 887 anie

204 921 365 976 veniendum
381 928 482 995 speret.
514 919 584 976 llaec
599 919 691 975 eadem
707 919 817 975 indicari
833 919 941 975 videtur
956 920 1035 992 epist.
1049 919 1109 977 103
1125 936 1152 974 n.
1166 918 1195 975 3.

379 1054 418 1114 In
439 1031 623 1114 llormisdae
643 1068 744 1158 papae
766 1052 915 1130 epistolae
937 1049 1077 1113 90-98
1099 1049 1200 1132 („lto¹·
1216 1047 1295 1133 etc).

63 1180 194 1251 latmi!
295 1177 322 1231 1.
354 1175 393 1230 db
409 1175 523 1249 Eulogio
540 1176 713 1249 magistriano
726 1174 987 1248 Constantinopolim
1003 1182 1140 1230 remeante
1155 1189 1248 1230 331333
1263 1174 1333 1229 istae
1349 1173 1481 1249 epistola-

208 1261 326 1335 pcrlatae
342 1261 490 1316 credemlae
505 1269 578 1315 sunt.
609 1258 686 1327 Quod
703 1261 810 1333 quidem
832 1260 953 1335 epistolis
970 1259 1007 1317 91
1027 1268 1054 1315 31
1070 1259 1109 1316 92
1131 1259 1238 1315 disertis
1254 1257 1343 1315 verbis
1359 1259 1481 1316 ellertur

208 1346 250 1401 tilii
268 1346 346 1401 simul
363 1346 399 1418 (in
416 1364 458 1420 cp.
470 1344 521 1417 92)
544 1353 660 1418 quatuor
681 1345 877 1419 subsequentes
899 1345 991 1400 eadem
1012 1346 1152 1401 occasione
1173 1344 1250 1401 datae
1270 1345 1478 1401 annuntiantur

206 1431 324 1504 Epistola
340 1431 381 1488 90
404 1440 492 1487 331331
514 1446 596 1504 quum
618 1447 673 1485 non
695 1430 726 1486 ad
748 1432 895 1504 proximam
913 1429 1055 1504 epistolam
1070 1429 1110 1487 89
1132 1429 1179 1485 scd
1201 1429 1232 1484 ad
1253 1431 1427 1504 superiorem
1444 1430 1481 1487 ta

205 1534 272 1591 quae
288 1533 337 1590 por
351 1514 494 1590 Eulogium
511 1515 713 1588 magistrianum
729 1515 832 1589 perlata
847 1514 943 1577 lacerat,
959 1514 1131 1576 rescribatur,
1147 1513 1259 1570 dubiam
1274 1531 1331 1570 nou
1346 1523 1401 1577 est,
1418 1515 1477 1589 quio

204 1617 252 1674 per
268 1600 390 1656 eumdem
407 1599 549 1674 Eulogium
566 1599 649 1654 relata
663 1601 708 1656 sit.
744 1600 848 1655 iteratis
864 1602 934 1656 enim
956 1599 1079 1673 precibus
1101 1602 1129 1656 in
1150 1599 1285 1673 praedicta
1306 1599 1426 1675 epistola
1442 1599 1477 1658 18

204 1687 318 1759 petierat
332 1686 513 1747 Justiiiianus,
532 1693 560 1738 ut
576 1701 625 1759 per
640 1701 701 1740 cum
717 1687 819 1759 ipsum,
843 1702 923 1758 quem
940 1687 1062 1748 miserat,
1079 1685 1130 1741 sibi
1148 1684 1290 1741 llormisda
1304 1683 1475 1742 rescriberet.

204 1771 263 1837 1133
279 1773 369 1845 posito
386 1770 436 1826 alia
451 1786 483 1825 ex
498 1778 574 1845 parte
589 1772 722 1843 sequitur,
739 1780 769 1826 ut
785 1770 915 1844 epistolae
931 1779 1045 1834 ceterae,
1068 1787 1135 1845 quas
1150 1768 1282 1844 Eulogius
1305 1779 1364 1826 tum
1387 1777 1477 1844 pertu-

204 1855 267 1910 lisse
282 1856 460 1929 dignoscitur,
482 1856 583 1930 paritor
604 1854 815 1912 truaconem
838 1855 1013 1926 Septembris
1033 1855 1233 1930 consignandae
1253 1856 1318 1911 siut.
1364 1837 1479 1912 Tantum

204 1940 358 2002 carendum,
376 1958 409 1996 33
425 1958 508 2013 quum
523 1939 593 1995 idem
609 1937 741 2014 Eulogius
756 1942 863 2002 iterum,
887 1943 925 1996 uti
941 1940 1056 2015 epistola
1072 1939 1111 1996 99
1129 1938 1207 1996 fidem
1223 1939 1312 2003 iaciet,
1334 1940 1361 1996 in
1377 1939 1478 1997 ltaliam

204 2026 310 2099 legatus
333 2025 429 2088 luerit,
456 2024 952 2099 (13313311131333113333133113133.
998 2024 1138 2080 Praeterea
1159 2024 1288 2088 observo,
1320 2024 1480 2082 0133333331

204 2111 318 2185 epistola
330 2109 369 2168 98
388 2112 432 2166 331
448 2110 622 2184 epistolarum
638 2126 737 2173 carum,
760 2127 827 2184 quac
845 2110 959 2185 Eulogio
975 2128 989 2165 a
1005 2111 1089 2185 prima
1105 2110 1242 2185 legatione
1257 2112 1408 2167 revertenti
1424 2126 1480 2166 cre·

204 2196 274 2251 ditae
290 2196 405 2258 inerant,
422 2197 521 2273 Idibus
530 2195 660 2252 Octobris
675 2195 831 2258 rescribere,
848 2196 970 2270 adeoque
986 2213 1079 2252 omnes
1095 2195 1154 2251 11133
1170 2195 1274 2252 litteras
1285 2205 1349 2252 ante
1361 2195 1481 2253 medium

205 2279 348 2336 tlctobrem
364 2281 447 2336 luisse
463 2279 591 2336 redditas.

290 2365 319 2421 2.
349 2365 467 2439 Epistola
480 2365 517 2422 91
536 2365 683 2438 respondet
696 2365 836 2421 llormisda
852 2366 883 2421 ad
895 2383 934 2429 ea,
951 2383 1019 2439 quac
1031 2366 1197 2422 iustinianus
1210 2365 1337 2442 epist.89
1351 2368 1480 2441 petierat.

205 2451 258 2506 Nec
274 2451 362 2506 mirari
378 2449 458 2505 debet
474 2452 625 2524 quisquam,
643 2451 715 2524 quod
731 2450 850 2524 prudens
866 2452 912 2507 ille
927 2468 996 2525 papa
1011 2452 1090 2507 simul
1107 2451 1139 2506 ad
1156 2451 1281 2507 eumdem
1296 2451 1481 2509 lastinianum

206 2552 254 2609 per
268 2535 392 2591 eunidem
407 2534 552 2609 Eulogium
567 2535 633 2590 duas
655 2535 783 2608 epistolas
805 2538 906 2598 mittat,
935 2553 1017 2610 quum
1039 2537 1144 2609 etipse
1164 2538 1240 2611 prius
1261 2535 1294 2592 ab
1314 2536 1363 2593 illo
1380 2539 1481 2594 comite

206 2620 280 2681 31333,
302 2629 329 2675 31
351 2637 396 2675 313
417 2619 525 2693 quidem
546 2621 680 2674 roiitraria
702 2621 869 2694 llagitantes,
891 2622 1049 2696 accepisset.
1068 2651 1104 2661 -
1122 2621 1240 2695 llouique
1256 2621 1373 2696 epistola
1390 2621 1431 2680 92
1454 2632 1481 2680 31

205 2714 322 2779 (quatuor
337 2703 534 2778 subsequentes
550 2706 576 2759 iu
593 2720 622 2759 ea
639 2703 793 2778 designatae
810 2706 836 2761 in
853 2707 965 2780 gratiam
981 2705 1060 2770 Elioc,
1085 2706 1204 2763 Thomac
1219 2715 1246 2762 et
1261 2706 1409 2764 Nicostrati
1425 2709 1481 2783 epi·

205 2782 350 2864 scoparum
366 2790 484 2846 directae
500 2784 588 2845 sunt'
609 2787 681 2856 0333
698 2792 838 2846 Anastasio
860 2793 1007 2865 imperante
1028 2808 1043 2847 e
1059 2789 1167 2847 sedibus
1184 2793 1240 2846 suis
1257 2791 1341 2848 luisse
1357 2791 1481 2864 dejectos

206 2883 233 2930 et
248 2875 314 2929 31133
330 2876 466 2930 incorum
488 2874 576 2930 locum
598 2873 734 2937 331133133,
756 2892 787 2930 es
809 2876 924 2950 epistola
940 2875 979 2933 95
1000 2875 1125 2932 infertur.
1167 2875 1250 2933 Eliam
1265 2876 1481 2934 Caesariensium

206 2961 363 3034 episcopum
379 2959 461 3015 luisse
477 2960 641 3016 lastinianus
657 2959 725 3015 inira
741 2961 819 3034 epist.
831 2960 890 3017 114
906 2959 1015 3016 indicat.
1047 2960 1104 3017 lloc
1119 2970 1208 3017 autem
1220 2961 1350 3017 baronius
1367 2960 1404 3018 de
1416 2960 1481 3021 Cae·

206 3062 282 3100 saroa
296 3044 478 3118 Cappadociae
494 3046 688 3117 interpretatus
704 3053 755 3100 est.
787 3047 820 3100 at
835 3047 859 3101 si
874 3047 931 3120 ipse
953 3054 995 3101 est
1011 3043 1079 3100 Elias
1095 3045 1238 3102 Caesareae
1254 3047 1411 3121 episcopus,
1435 3050 1481 3123 qui

206 3147 277 3185 atino
293 3128 354 3187 536
375 3130 601 3203 ierosolymitano
623 3130 738 3186 concilio
754 3129 889 3186 secundus
905 3129 1056 3194 subscribit,
1074 3147 1129 3186 non
1144 3130 1287 3187 Caesareae
1295 3130 1481 3207 Cappadociae

206 3214 253 3270 sed
261 3214 403 3271 Caesareae
411 3214 573 3271 Palaestinae
591 3216 733 3290 episcopus
747 3214 875 3271 dicendus
891 3224 942 3271 331.
968 3213 1057 3272 Eidem
1073 3215 1188 3272 concilio
1204 3214 1350 3273 subscribit
1367 3216 1481 3275 3111133·

206 3308 307 3355 stratus
314 3299 413 3362 Abilae,
430 3317 497 3374 quae
513 3301 613 3375 pariter
625 3299 789 3356 Palaestinae
804 3302 895 3356 civitas
912 3309 961 3362 est,
979 3302 1132 3376 episcopus.
1155 3300 1183 3357 Si
1195 3316 1259 3357 vero
1272 3301 1295 3356 is
1307 3301 1481 3361 Nicostratus

207 3383 318 3448 Eliasvc,
334 3383 472 3459 praedicto
488 3385 603 3441 concilio
618 3383 772 3459 subscripti,
789 3385 820 3440 ab
836 3387 867 3441 iis
884 3387 929 3459 qui
940 3386 972 3440 in*
982 3385 1022 3440 liis
1035 3385 1158 3459 epistolis
1170 3394 1356 3443 memorantur
1369 3405 1428 3446 nou
1439 3388 1481 3446 atti

206 3479 279 3533 sunt,
296 3486 404 3545 oporam
420 3487 498 3543 quam
515 3486 564 3543 pro
580 3486 674 3525 corum
690 3471 863 3526 restitutione
876 3468 1144 3526 adbibuitllormisda
1157 3486 1212 3527 non
1224 3473 1335 3528 oinoiuo
1350 3472 1481 3548 perdidit

372 3586 410 3647 13
431 3584 616 3645 llormisdae
637 3600 738 3661 papae
761 3584 926 3662 epistolem
947 3584 988 3645 99
1011 3581 1084 3665 (‚,Ut
1097 3585 1311 3669 pienissimo“).

292 3707 368 3762 Nunc
388 3705 510 3762 rescribit
530 3705 698 3761 lastinianus
721 3706 878 3763 llormisdae
899 3707 1022 3780 epistolis
1039 3709 1080 3766 90
1100 3717 1127 3764 et
1143 3709 1197 3772 91,
1230 3726 1298 3784 qnae
1320 3707 1443 3785 Eulogio
1470 3730 1481 3769 a

208 3794 290 3866 prima
306 3792 442 3864 legatione
459 3790 622 3865 regredienti
639 3791 715 3848 11132
732 3791 896 3866 Septembris
912 3794 973 3848 3331
990 3792 1050 3850 519
1073 3793 1185 3850 traditae
1206 3794 1324 3850 lucrant.
1365 3795 1419 3852 lias
1436 3814 1481 3854 au·

207 3885 261 3933 tem
276 3877 393 3937 litteras,
416 3893 481 3949 quas
504 3884 560 3930 tum
576 3875 706 3950 Eulogius
727 3876 839 3939 detulit,
867 3886 928 3932 autc
952 3877 988 3934 15
1006 3876 1129 3934 Octobris
1153 3878 1222 3935 diem
1243 3879 1481 3956 Constantinopoli

208 3961 324 4017 redditos
340 3978 400 4018 esso
415 3969 520 4017 constat
536 3977 569 4016 ex
584 3963 716 4036 superiori
732 3962 847 4034 epistola
863 3961 912 4025 98,
932 3961 976 4017 311
993 3962 1136 4019 1113333333
1153 3964 1289 4038 praedicto
1301 3964 1433 4023 Octobris
1446 3968 1481 4025 13

208 4047 251 4103 die
266 4046 414 4103 rescribere
435 4063 465 4103 se
480 4053 556 4102 notat
573 4045 729 4102 llormisdae
751 4046 864 4110 littoris,
888 4064 954 4121 quas
977 4047 1008 4102 ab
1025 4047 1140 4123 Eulogio
1162 4057 1309 4124 acceperat.
1347 4049 1481 4120 Quocirca

209 4150 261 4198 non
278 4133 343 4189 levis
359 4131 514 4203 conjectura
529 4140 579 4195 cst,
597 4131 755 4188 Dioscorum
768 4140 798 4188 ut
813 4131 970 4188 llormisdae
991 4133 1152 4190 rescriberet
1172 4136 1380 4210 opportunitate
1402 4154 1481 4195 usum

207 4235 275 4280 3333,
297 4235 349 4292 qna
364 4218 529 4273 lustinianus
545 4219 642 4272 iterum
658 4216 801 4290 Eulogium
822 4234 882 4272 com
904 4219 979 4273 iiovis
998 4217 1095 4274 litteris
1104 4219 1220 4291 ,Romam
1243 4219 1376 4284 mittebat,
1402 4222 1481 4280 adeo

208 4320 261 4376 que
278 4305 345 4360 lianc
359 4304 502 4359 iustiniani
517 4303 657 4376 epistolam
674 4304 774 4376 pariter
786 4303 887 4359 Idibus
900 4302 1030 4360 Octobris
1043 4305 1204 4362 Eattdorico
1220 4321 1299 4362 cons.
1315 4309 1481 4384 consignare

105 4416 111 4423 ·
209 4387 269 4443 dam
285 4405 355 4445 esse.

420 4505 459 4565 In
479 4503 663 4565 llormisdae
682 4519 785 4581 papea
807 4503 969 4581 epistolem
991 4505 1053 4567 100
1077 4503 1267 4588 („Mopoo‘⁴).

250 4634 262 4646 “
293 4625 330 4681 Ea
347 4635 476 4700 tempore,
494 4643 548 4700 quo
564 4636 671 4700 accepta
691 4625 840 4688 indicatur,
865 4628 1048 4699 conjecturam
1064 4645 1159 4703 capere
1173 4629 1235 4686 iicet
1247 4628 1321 4700 ejus,
1344 4648 1405 4707 quo
1421 4632 1481 4694 deta

209 4719 260 4766 331.
292 4711 319 4766 Si
335 4713 406 4767 enim
422 4729 524 4776 eormo,
547 4714 594 4786 qui
610 4713 677 4769 hauc
692 4714 859 4787 superiorem
875 4714 1056 4787 pertulerunt,
1078 4732 1126 4790 par
1142 4715 1193 4771 luit
1212 4714 1346 4779 celeritas.
1371 4717 1419 4775 vlt
1435 4719 1481 4778 tia

210 4795 469 4852 leudasNorembres
484 4806 530 4853 331
545 4799 651 4854 circiter
665 4796 725 4853 slata
741 4799 801 4855 luit.
832 4798 862 4856 in
878 4799 936 4870 ejus
952 4802 1127 4874 inscriptione
1142 4817 1196 4856 333
1212 4801 1371 4858 nominatur
1382 4804 1481 4865 1311313

210 4897 258 4937 333
274 4897 343 4938 uirus
360 4899 391 4937 en
407 4881 511 4957 legatis,
528 4886 590 4958 quia
606 4883 794 4943 Thessalonica
810 4902 863 4940 333
880 4887 1006 4943 redierat.
