3204 5506
567 381 761 431 emenonis
786 373 813 427 1.
838 371 867 427 2.
962 382 964 386 ⁴
1290 364 1351 430 311

151 538 272 601 mnumcra
288 538 430 623 exempla,
454 538 569 623 quibus
591 538 753 618 doceatur,
778 537 812 600 iu
835 536 944 600 multis
960 536 1104 601 falsitate
1126 541 1296 621 grassante
1319 537 1353 602 in
1371 537 1467 602 (ιι-488

150 639 227 725 pacis
243 641 399 706 constitisse
420 641 599 705 veritatem.
972 654 975 660 ·
1079 707 1083 710 ,
1366 609 1470 671 “⁴⁸⁹³

205 742 242 805 42.
269 748 321 808 Sed
340 749 549 809 abominamur
578 748 650 821 boc,
681 741 796 827 inquis
843 739 924 818 Quid
955 743 1055 827 igitur
1080 743 1258 807 faciemus?
1302 744 1351 808 Ne

148 844 263 911 imaum
285 850 443 913 teneamus
471 847 505 910 in
534 845 660 929 pausia,
695 867 835 909 erremus
864 846 897 909 iu
926 845 1061 909 multis?
1104 851 1201 924 Absit,
1232 847 1348 930 inquis

144 943 286 1032 Respuamua
310 971 386 1036 ergo
412 949 462 1014 vel
491 971 562 1013 oum
590 947 737 1033 plurimis
764 947 958 1030 falsitatem,
988 947 1156 1012 dummodo
1183 951 1351 1014 teneamus

143 1050 173 1113 col
188 1050 214 1114 in
228 1052 410 1136 paucissimis
433 1052 611 1117 veritatem.
656 1050 773 1115 Nonne
795 1054 862 1114 tcto
878 1050 997 1114 uuondo
1012 1050 1190 1116 falsitatem
1205 1055 1348 1135 tenente,

137 1149 299 1236 mammolis
329 1156 377 1219 ita
411 1155 581 1220 constabat
615 1152 777 1236 Ecclesia,
816 1153 901 1216 sicut
934 1153 1111 1217 mandabat
1143 1157 1175 1217 et
1209 1154 1350 1219 veritas?

133 1249 216 1319 Nonne
226 1259 281 1321 toto
294 1255 410 1342 populo
425 1256 594 1321 deerrante
617 1256 651 1320 in
674 1259 796 1340 septem
820 1256 960 1320 millibus
976 1257 1060 1340 apud
1078 1255 1242 1321 israelitas
1258 1280 1347 1322 man·
1361 1239 1455 1362 ³152}

127 1354 313 1424 citbcctaio?
339 1358 383 1423 Ec
410 1359 437 1423 si
461 1363 578 1424 cuneta
603 1381 786 1441 curramus,
817 1359 997 1423 invenimus
1025 1360 1209 1423 innumera:
1240 1383 1348 1425 nonne
1401 1350 1407 1372 '
1448 1351 1453 1360 ⁴

124 1459 238 1542 seriptum
257 1466 313 1546 est,
338 1472 457 1528 arctam
479 1473 509 1526 et
530 1476 689 1542 conpactum
704 1483 768 1526 esce
790 1469 879 1544 ciam,
907 1483 986 1541 puae
1007 1467 1092 1526 ducit
1112 1469 1156 1527 cd
1176 1468 1276 1541 citam,
1305 1470 1349 1527 tc·
1362 1444 1493 1567 Βξζᾞ

120 1565 169 1623 lca
183 1573 384 1646 spatiosamque
407 1586 487 1645 quac
508 1571 605 1630 tendit
627 1571 670 1629 cd
690 1572 835 1628 mortem?
1413 1557 1417 1565 ’
1461 1557 1465 1567 '

182 1665 222 1731 43.
264 1671 356 1745 Ouid,
386 1673 468 1748 qaod
488 1674 548 1746 illi,
579 1667 714 1750 inquies,
743 1673 902 1730 dicuntae
929 1679 1032 1731 tenere
1053 1674 1134 1745 quod
1159 1675 1270 1731 rectius
1296 1680 1348 1732 est.

116 1758 216 1832 Interim
236 1770 304 1854 jam
331 1770 448 1835 falsum
476 1771 548 1851 erit,
582 1769 665 1854 quod
694 1791 728 1833 se
754 1769 902 1833 fatentur
931 1769 963 1832 id
985 1773 1096 1832 tenere
1119 1770 1202 1853 quod
1224 1792 1299 1852 nos3
1322 1773 1348 1835 si

116 1868 178 1933 eoin
193 1872 297 1937 melius
318 1877 444 1956 tenent,
468 1872 554 1937 aliud
577 1876 701 1937 tenent.
746 1871 821 1936 Jam
845 1893 1043 1956 consequens
1068 1875 1126 1954 est,
1155 1876 1193 1935 ut
1221 1895 1254 1936 se
1277 1896 1348 1956 pro-

82 2012 87 2023 ·
117 1963 290 2040 &almatius
318 1978 428 2040 tenere
456 1970 551 2060 quani
581 1997 649 2039 nos.
695 1974 728 2039 si
751 1974 864 2037 melius
887 1977 1016 2056 tenent,
1050 1974 1238 2038 abstineant
1266 1998 1298 2039 se
1328 2000 1347 2038 a

116 2089 162 2155 mc,
181 2079 225 2162 qui
250 2079 335 2143 male
362 2082 474 2143 teneo:
503 2078 619 2162 corrigi
648 2077 688 2141 ad
721 2077 817 2141 fidem
856 2080 889 2140 et
915 2078 1004 2161 sequi
1032 2076 1115 2160 quod
1144 2077 1257 2140 melius
1286 2083 1345 2160 est,

117 2173 240 2244 voluntate
266 2180 364 2245 debet
391 2180 515 2263 venire,
545 2203 611 2245 non
639 2180 680 2244 vi.
725 2178 798 2263 Ego
825 2179 872 2243 illi
895 2180 1047 2244 molestus
1080 2201 1146 2244 non
1175 2202 1255 2261 sum,
1292 2180 1346 2245 ille

117 2276 168 2343 mibi
183 2304 271 2366 quare
292 2283 446 2347 molestus
469 2283 541 2346 est?
584 2283 656 2368 Ego
683 2286 720 2346 ut
747 2304 798 2345 me
828 2283 969 2367 corrigat
997 2304 1061 2346 non
1085 2285 1175 2365 peta,
1204 2304 1269 2346 non
1292 2305 1344 2367 pe-

117 2380 171 2446 coc
190 2385 258 2469 quid
285 2385 423 2471 ingerit,
453 2385 529 2469 quid
558 2407 592 2449 se
620 2383 721 2449 infert
748 2384 873 2449 invito?
909 2383 940 2449 Si
971 2385 1092 2448 nullam
1120 2406 1224 2448 meam
1251 2388 1346 2470 putat

119 2498 161 2546 ese
176 2489 371 2571 sententiam,
397 2491 583 2552 contemnat
605 2488 709 2570 illam3
732 2488 807 2572 quid
830 2490 998 2570 tantopere
1019 2487 1125 2572 poscit
1147 2488 1266 2573 eam⁸⁰)
1290 2489 1344 2553 ab·

120 2582 185 2651 colii?
213 2589 246 2656 si
266 2591 373 2677 poscit
395 2590 527 2673 absolvi,
552 2593 584 2654 et
607 2581 675 2655 esse
699 2591 834 2674 alicujus
856 2590 966 2674 utique
989 2591 1144 2655 momenti
1166 2613 1232 2656 non
1255 2590 1344 2656 dubi-

120 2685 156 2768 bl,
170 2696 195 2756 et
208 2694 314 2777 justae
336 2693 552 2758 damnationis
568 2714 637 2758 esse
660 2693 839 2775 confirmat,
863 2716 927 2777 qua
950 2715 983 2756 se
1007 2694 1110 2757 teneri
1132 2694 1275 2759 declinat
1289 2695 1344 2759 ob-

121 2787 230 2860 meam.
273 2796 389 2882 ltaque
405 2797 546 2862 fateatur
567 2817 721 2878 errorem,
747 2797 796 2860 cui
820 2800 869 2859 est
891 2796 982 2861 illata
999 2796 1180 2880 sententia,
1203 2797 1344 2882 deponat

122 2907 222 2982 aurem,
251 2904 285 2965 et
306 2922 408 2964 vacua
431 2899 592 2964 sententia
615 2902 673 2964 est.
720 2897 753 2963 Si
774 2883 895 2981 injusta
919 2904 982 2982 est,
1012 2901 1105 2963 tanto
1133 2920 1203 2963 eam
1233 2922 1343 2964 curare

65 3052 67 3056 .
122 2999 263 3086 uidebor,
291 3005 413 3087 quanto
440 3003 524 3087 apud
547 3001 651 3065 Deum
679 3003 711 3064 et
739 3000 918 3065 Ecclesiam
947 3003 1015 3085 ejus
1043 3000 1206 3067 neminem
1235 3006 1343 3086 potest

123 3090 192 3182 bique
208 3126 339 3189 gravare
363 3105 535 3169 sententia.
565 3102 616 3168 Ita
638 3125 714 3188 ergo
737 3126 774 3167 ea
797 3125 831 3167 se
854 3104 974 3168 absolui
997 3127 1062 3169 uon
1086 3104 1254 3185 desideret,
1278 3127 1341 3188 qua

124 3204 310 3272 ecmannus
333 3208 488 3292 perspicit
509 3207 703 3291 obligatum3
732 3208 855 3270 sivero
884 3228 921 3270 ea
950 3228 983 3270 se
1008 3206 1134 3288 judicat
1163 3205 1340 3291 obligatum

124 3299 231 3386 eipoacit
250 3309 384 3394 absolvi,
408 3310 518 3393 utiquc
540 3330 606 3373 non
629 3309 813 3393 praetendit
839 3308 1004 3391 injustam,
1034 3330 1115 3392 quae
1141 3330 1213 3372 eum
1236 3310 1341 3393 potuit

125 3396 227 3494 bigne,
254 3416 349 3497 atque
377 3411 418 3476 ab
442 3411 552 3476 eadem
575 3412 679 3495 poscit
707 3411 839 3494 absolvi,
869 3411 943 3495 quia
971 3434 1036 3474 non
1065 3411 1169 3494 potuit
1196 3411 1340 3498 obligare

125 3499 244 3590 ”idioma
266 3514 362 3580 Justa
384 3517 491 3579 uocem
514 3515 539 3578 si
564 3517 623 3598 est,
647 3514 776 3578 nonnisi
800 3513 953 3577 danmatc
976 3536 1081 3577 errore
1100 3516 1190 3598 justa
1207 3535 1339 3600 cognos-

126 3601 183 3672 lllss·
204 3613 307 3701 ltaque
329 3617 416 3699 de⁸¹l
440 3616 634 3681 absolvenda
652 3617 760 3699 justae
783 3615 980 3700 obligatione
1004 3617 1185 3682 sententiae
1200 3639 1340 3682 errorem

125 3699 229 3781 f⁸babor:
248 3722 347 3803 ponat
369 3740 518 3801 errorem,
542 3741 604 3803 quo
627 3740 698 3782 eum
713 3718 851 3803 ligatum
873 3722 963 3783 tenet
981 3719 1071 3801 justa
1094 3722 1273 3802 sententia,
1302 3742 1339 3785 eo

126 3806 207 3880 ablato
224 3821 425 3908 obligationis
448 3841 544 3886 eausa
565 3820 745 3885 resolvitur.

584 3990 765 4094 Epistola
792 3994 823 4073 2.

278 4127 412 4196 Gelasio
436 4145 546 4211 papae
568 4127 612 4194 ad
635 4127 874 4193 Laurentium
898 4127 941 4193 de
963 4126 1128 4208 Liguido.
1189 4179 1195 4184 ,
1349 4157 1467 4223 (anca)

151 4234 334 4312 “Pontificatum
352 4265 443 4300 recena
459 4258 602 4315 assumptus
618 4265 668 4314 pro
687 4252 812 4300 medimna
831 4253 938 4315 quadum
956 4250 1128 4299 crtlcdoaeiae
1146 4259 1171 4298 et
1189 4252 1221 4298 de
1235 4265 1303 4299 more

304 4337 464 4385 decesserat
482 4351 582 4385 auorum
598 4336 660 4397 fidei
675 4336 808 4396 formulam
826 4338 862 4384 ad
879 4337 999 4385 ecclesius
1018 4336 1098 4383 petilii.

185 4423 203 4486 l·
229 4431 261 4498 ln
283 4435 465 4519 prolixitate
488 4434 642 4517 epistolae
665 4433 846 4497 dilectionis
869 4437 943 4498 tuae
967 4436 1027 4497 ete.
1055 4431 1109 4520 [est
1130 4438 1285 4497 Anastasii
1304 4440 1340 4499 II

123 4531 195 4595 lille
209 4542 318 4610 coarcto
332 4538 363 4619 3,
389 4542 440 4602 coi
460 4534 602 4624 videsis}

131 4632 247 4664 Χ

68 4744 71 4761 ,
126 4679 311 4786 imitatum:
324 4725 440 4760 numerus
446 4711 559 4773 pusillus,
567 4704 614 4771 ait,
621 4726 666 4758 nee
676 4709 802 4768 odenati
810 4711 923 4760 abunda!
931 4713 1022 4775 pietus,
1030 4711 1212 4774 uecmultipleu
1219 4713 1336 4775 prodest,

126 4769 224 4844 ΙιΙηΜ
232 4793 351 4860 impietae:
369 4792 398 4846 et
410 4810 459 4846 nou
472 4796 601 4844 miultiucdo
613 4796 661 4844 aed
672 4811 749 4845 curua
762 4797 945 4845 dormitionem
959 4797 1211 4860 oeljuctificutiouem
1224 4799 1336 4847 adducit.

172 4860 263 4930 “liciti
279 4876 367 4932 omitt.
387 4897 453 4940 ecco,
472 4891 590 4944 moxque
610 4875 673 4930 add.
693 4897 742 4932 noo
761 4877 836 4944 tante
855 4879 984 4944 declinat).

173 4945 194 5014 ΙΙ)
204 4951 242 5014 lid
257 4967 291 5017 ad
304 4966 450 5018 solandam
520 4964 704 5029 occipaoicnem.
