3224 5506
129 336 192 400 55ss
606 345 792 395 sarman
815 345 929 393 rurus

131 507 234 590 ipsum
257 502 480 587 Unigenitum,
513 500 617 565 Deum
641 500 782 584 judicem
811 498 1049 584 exsistentium,
1080 498 1269 584 principium
1322 500 1449 599 vitae,

131 608 360 672 destructorem
381 605 503 684 mortis,
528 604 643 666 asserit
666 626 733 667 esse
755 602 923 666 mortalem
946 605 978 666 et
1001 602 1130 686 propria
1152 624 1208 666 sua
1229 602 1446 685 divinitat,

130 708 306 792 suscepisse
328 706 521 790 passionem,
552 705 640 769 etin
663 705 814 769 triduana
836 705 891 768 illa
915 703 1056 789 corporis
1078 707 1180 769 morte
1202 705 1311 769 etiam
1368 706 1441 781 diri.

130 813 267 876 nitatem
290 811 519 874 commortuam
548 808 688 891 corpori,
718 807 819 871 etita
847 829 955 872 nusus
982 829 1040 891 per
1067 806 1208 871 Patrem·
1225 829 1243 872 a
1263 814 1435 884 mortuis

130 913 349 977 resurrexisse.

213 1017 265 1080 37.
309 1017 463 1079 Ambrosii
486 1017 624 1095 episcopi
645 1011 948 1094 Mediolanensiffl).
995 1011 1068 1096 Cur,
1097 1015 1208 1095 inquit,
1235 1012 1422 1081 divinitati

129 1118 273 1203 applicas
297 1117 401 1180 carnis
423 1115 639 1197 infirmitates,
669 1117 701 1179 et
728 1113 950 1177 infirmitatem
971 1114 1105 1178 humani
1133 1115 1273 1198 corporis
1297 1115 1412 1200 appli-

16 1187 114 1309 iiiii}
130 1242 183 1285 cas
207 1219 333 1283 divinae
357 1217 514 1281 naturae?
552 1217 647 1281 Nunc
669 1224 771 1281 aalma
793 1237 859 1279 meu
883 1223 976 1281 tristis
997 1229 1041 1281 est
1063 1238 1129 1281 non
1152 1215 1322 1301 Sapientia
1376 1213 1407 1274 di·

58 1297 64 1320 ’
130 1323 188 1405 cit,
212 1321 378 1405 Sapientia
401 1319 486 1384 enim
507 1319 723 1404 perseveravit
745 1317 1012 1402 inconversibilis,
1036 1318 1113 1383 licet
1127 1317 1313 1385 indumento
1330 1329 1402 1381 aar·

129 1425 179 1490 nis
203 1422 441 1489 circumamicta
463 1423 516 1486 sit.

212 1532 252 1591 Et
273 1546 377 1590 rursus
399 1528 489 1589 alibi:
519 1522 601 1588 Sunt
629 1545 703 1587 vero
726 1523 865 1607 quidam,
889 1522 943 1606 qui
966 1521 1001 1586 in
1022 1525 1149 1587 tantam
1171 1504 1400 1615 processerull

128 1627 338 1713 impietatem,
361 1631 398 1690 ut
419 1628 544 1710 putent,
568 1625 642 1709 quia
665 1624 817 1690 divinitas
840 1624 970 1688 Domini
987 1624 1176 1690 circumcisa
1191 1626 1243 1709 sit,
1266 1631 1295 1691 et
1311 1621 1402 1711 affl?

128 1733 163 1795 in
185 1730 274 1815 ligno
301 1750 367 1792 non
396 1750 469 1793 caro
495 1728 603 1811 fuerit,
637 1727 692 1791 sed
721 1726 777 1790 illa
806 1728 914 1792 divina
942 1726 1126 1791 substantia
1160 1728 1292 1793 creatrix
1315 1722 1407 1792 Μ’

128 1854 299 1897 versorum.
570 1911 574 1924 1
1399 1903 1405 1917 ,

211 1934 264 1998 38.
307 1936 433 1997 Damasi
453 1935 591 2013 episcopi
610 1936 744 1997 hmani
765 1931 921 2017 oontra⁷⁵)
944 1935 1078 1997 Artemo
1100 1953 1170 1997 oum
1191 1911 1425 1998 murno&

126 2039 389 2102 interminatione.
417 2034 450 2099 Si
472 2033 543 2118 quis
565 2033 691 2115 dixerit,
715 2033 790 2118 qnia
812 2034 847 2097 in
869 2034 1016 2117 passione
1040 2034 1143 2100 crucis
1166 2034 1301 2100 dolorem
1318 2021 1437 2118 pff]

127 2139 203 2202 tulit
225 2136 323 2201 Filius
340 2136 398 2200 Dei
414 2135 511 2217 Deus,
536 2138 568 2198 et
589 2157 655 2198 non
679 2157 752 2199 caro
775 2157 846 2199 cum
869 2135 987 2217 anima,
1012 2137 1088 2220 quia
1109 2137 1225 2202 induta
1242 2141 1289 2202 est
1306 2120 1444 2225 εθίῘῙ

127 2240 274 2321 formam,
298 2261 393 2323 quam
408 2237 536 2302 sibimet
551 2237 733 2321 assumpsit,
757 2237 841 2301 sicut
856 2237 1021 2321 Scriptura
1037 2238 1129 2323 dixit,
1154 2240 1354 2304 anathemes
1378 2210 1450 2287 ji·

37 2327 99 2425 ²¹⁰}
212 2342 262 2406 39.
286 2344 495 2422 Amphilochii
509 2344 647 2421 episcopi
668 2343 768 2404 Iconii
789 2345 823 2405 in
840 2345 930 2418 libro,
952 2345 1005 2405 ubi
1022 2346 1160 2424 exponit:
1182 2349 1275 2407 Pater
1292 2334 1394 2423 maf‘
1409 2327 1458 2381 θ’

28 2401 67 2460 14,
75 2402 114 2451 28.
127 2462 173 2507 me
195 2456 248 2506 cst.
293 2442 338 2506 Et
359 2445 396 2505 ut
417 2465 483 2506 non
505 2441 638 2526 longum
661 2443 1043 2527 extendam-sermonem,
1072 2444 1238 2530 interrogo
1259 2448 1291 2509 te
1311 2437 1464 2509 cossn‘

127 2545 291 2629 pendisse,
316 2543 493 2608 haeretice:
523 2543 576 2626 qui
599 2564 637 2606 ex
659 2543 728 2607 Deo
751 2547 827 2607 ante
850 2544 977 2609 saecula
999 2549 1096 2610 natus
1118 2550 1177 2631 est,
1201 2569 1311 2632 passus
1331 2520 1462 2610 0?ss

127 2670 170 2710 an
192 2647 246 2731 qui
270 2668 307 2710 ex
324 2645 427 2709 David
443 2647 478 2710 in
502 2646 670 2730 postremis
685 2647 883 2729 temporibus
904 2650 1000 2712 natus
1023 2652 1072 2713 est
1094 2649 1213 2714 Jesus‘?
1235 2640 1464 2735 Siquidffifl

127 2749 279 2813 divinitas
301 2771 397 2833 passa
420 2750 478 2830 ost,
501 2747 627 2812 locutus
656 2769 690 2810 es
718 2747 961 2833 blasphemiam.
1007 2749 1041 2814 Si
1069 2772 1144 2815 vero
1172 2751 1284 2836 homo,
1311 2752 1369 2817 sic
1428 2744 1464 2789 ¹¹

127 2851 244 2916 veritas
266 2850 374 2932 habet,
399 2872 461 2933 qua
484 2850 590 2934 gratia
612 2872 678 2914 non
701 2851 844 2935 applicas
867 2851 989 2915 homiui
1011 2853 1218 2937 passionem?
1449 2926 1464 2940 ι

210 2957 354 3036 Ejusdem
368 2957 402 3016 in
416 2973 555 3017 sermone
571 2957 608 3017 de
624 2957 703 3017 Filio
717 2958 780 3018 Dei.
804 2950 907 3028 Quum
923 2953 1056 3018 dixisset
1078 2956 1164 3019 enim
1179 2955 1303 3039 Petrus,
1319 2950 1464 3042 qtfl1

9 3058 158 3127 ausser
181 3059 338 3120 Dominum
364 3066 393 3118 et
423 3059 569 3118 Christum
597 3059 677 3119 deus
698 3058 791 3132 fecit,
827 3055 950 3119 addidit
971 3062 1052 3121 tunc
1073 3062 1190 3136 lesum,
1226 3082 1311 3139 quem
1341 3061 1464 3124 uf*

124 3164 330 3234 crucifixistis,
354 3177 440 3236 quem
463 3160 543 3219 Deus
563 3164 720 3221 suscitavit
742 3179 761 3221 u
783 3165 918 3222 mortuis.
962 3157 1125 3223 Mortuum
1147 3182 1222 3224 voro
1247 3165 1296 3226 cst
1316 3155 1464 3225 urs

125 3259 223 3343 plum,
248 3281 313 3322 non
329 3258 491 3340 divinitas,
516 3260 547 3321 et
569 3258 623 3341 qui
640 3258 807 3323 suscitavit
822 3281 904 3342 eum,
928 3259 1070 3325 Verbum
1086 3260 1187 3326 virtus
1204 3256 1263 3346 est,
1286 3263 1412 3328 dice:
1443 3257 1464 3303 Ἰ

0 3368 34 3421 h.
43 3375 113 3435 ars.
125 3360 159 3423 in
182 3360 366 3445 evangelio:
396 3363 508 3425 Solvite
531 3365 671 3439 temptum
693 3366 766 3444 troc,
790 3373 819 3426 et
842 3369 872 3426 r'n
894 3369 990 3428 tribus
1012 3368 1117 3428 dtebus
1134 3371 1288 3431 suscitato
1307 3360 1464 3431 tuta*

126 3460 161 3526 Si
183 3483 259 3545 ergo
282 3461 375 3525 dicit:
404 3474 434 3526 ct
456 3468 615 3539 Dominum
640 3483 706 3526 eum
729 3474 758 3526 et
780 3469 928 3529 Christum
948 3467 1027 3540 fecit
1048 3471 1148 3540 Deus:
1175 3471 1335 3534 mortuum

126 3585 145 3627 a
167 3563 300 3626 mortuis
323 3564 510 3628 suscitatam
531 3585 660 3628 carnem
682 3565 770 3643 dicit,
794 3587 860 3630 non
882 3564 956 3630 Filii
978 3566 1142 3633 deitatem.

210 3664 262 3727 40.
307 3670 466 3731 severiani
480 3670 617 3747 episcopi
631 3670 831 3732 Gabalornm:
854 3666 1008 3753 Similiter
1030 3669 1126 3754 enim,
1153 3675 1264 3755 inquit,
1285 3669 1464 3738 secu!

1 3760 101 3853 Malth-
126 3766 201 3830 dum
223 3766 364 3830 animam
387 3767 504 3850 timuit,
528 3770 667 3831 moestus
689 3768 762 3851 fuit,
794 3769 1001 3834 contristatus
1026 3776 1089 3856 est,
1118 3780 1213 3839 tristis
1233 3787 1278 3840 est
1298 3775 1464 3840 affl

0 3835 110 3893 '³⁷³8'
126 3867 241 3952 inquit,
266 3877 368 3932 anima
390 3890 456 3932 mea
479 3890 571 3947 usque
599 3876 643 3933 ud
663 3882 797 3948 mortem,
828 3874 860 3935 et
887 3880 985 3952 coepit
1005 3882 1185 3940 contristari
1210 3889 1241 3942 et
1270 3876 1464 3944 moest'

124 3991 196 4033 esse.
241 3968 331 4034 Haec
353 3993 418 4033 non
447 3974 539 4034 erant
561 3971 726 4055 passiones
748 3973 884 4057 peccati,
907 3974 963 4039 sed
984 3976 1151 4060 passiones
1172 3981 1323 4045 naturrnn
1343 3978 1464 4045 5·

125 4075 327 4155 gnoscentes.
374 4071 519 4156 Denique
542 4072 700 4156 Salvator,
729 4078 765 4138 ut
792 4075 991 4160 ostenderet,
1019 4078 1096 4162 qnia
1123 4078 1181 4143 illa
1208 4080 1306 4146 verba
1327 4105 1392 4146 nr
1421 4112 1464 4127 κ

126 4176 220 4236 erant
242 4172 389 4237 decentia
404 4172 582 4238 Veritatem
594 4174 650 4239 sed
666 4177 879 4261 congruentia
902 4178 1003 4262 carni,
1027 4178 1107 4243 dicit
1126 4180 1293 4268 discipulis
1309 4181 1464 4249 0114

192 4394 224 4460 ⁷⁸)
243 4391 306 4447 Scit.
326 4392 374 4447 lib.
394 4393 428 4449 de
446 4395 645 4451 incarnationis
659 4397 772 4452 Domini
788 4400 963 4454 sacramento
982 4416 1042 4472 cap.
1056 4406 1073 4454 6
1089 4418 1117 4456 n.
1130 4406 1172 4468 tt),
1189 4401 1269 4473 onjm
1284 4402 1464 4458 sent-⁵⁵

124 4475 193 4530 tiam
211 4493 228 4530 a
245 4476 359 4533 Graecis
376 4481 538 4548 excerptam
556 4481 681 4536 Gelaeius
699 4483 775 4554 apud
791 4483 854 4538 illos
874 4484 1021 4539 dumtaxat
1036 4483 1139 4554 legiam
1156 4483 1293 4542 rideam.
1318 4474 1464 4542 lla-²·

126 4557 189 4612 dem
207 4560 319 4629 quidem
336 4561 364 4616 in
382 4563 474 4618 medio
492 4565 613 4634 penitet
625 4567 817 4623 'theodoretus
836 4568 930 4624 nara
947 4587 976 4639 p.
988 4574 1049 4636 1633
1067 4568 1118 4624 sed
1129 4569 1255 4627 Gelasius
1271 4570 1464 4627 ἀίων

126 4644 158 4697 ut
175 4647 334 4702 conserente
351 4649 446 4718 palam
463 4650 519 4717 fiet,
537 4668 599 4705 eam
618 4652 786 4723 conscripsit.

192 4733 224 4798 75)
242 4730 293 4786 Vel
310 4733 404 4802 potius
421 4746 511 4790 contra
531 4741 738 4805 Apollinaristas,
762 4740 838 4795 certe
855 4740 885 4794 in
903 4755 938 4795 ea
953 4738 1125 4810 professione
1142 4740 1215 4809 fidei,
1235 4758 1317 4811 quam
1330 4718 1464 4793 :-

124 4828 216 4867 masne
238 4832 300 4869 cum
322 4816 394 4886 epist
420 4826 435 4873 5
458 4820 494 4875 ad
516 4820 663 4876 Paulinum
686 4823 806 4878 maxime
833 4825 951 4895 propter
972 4824 1023 4881 hos
1044 4824 1202 4883 haereticos
1220 4825 1295 4883 misit
1313 4844 1383 4881 r·-
1406 4850 1449 4867 α·

125 4896 217 4968 [Unde
236 4906 295 4969 quia
312 4901 374 4956 loeo
392 4924 465 4972 quam
483 4906 674 4978 correximus]
