3224 5506
478 349 485 355 -
587 280 776 377 ertsronas
799 317 943 376 40—61.

309 503 347 563 In
367 500 556 562 Hormisdou
576 518 678 579 pupae
700 501 863 579 epistolem
885 502 924 561 45
947 501 979 581 t„
992 500 1213 586 teporalium).

233 623 293 680 llanc
310 623 460 680 'llormisda
480 624 593 679 seorsim
617 622 648 678 ad
670 626 838 697 superiorem
860 625 958 679 tustini
984 624 1125 699 epistolam
1147 624 1185 679 41
1208 625 1356 682 rescribere
1369 644 1399 682 se

135 700 275 775 signiter,
291 711 410 784 quamvis
425 708 537 765 alteram
553 725 612 765 curn
628 709 686 764 aliis
702 708 734 764 ab
750 709 844 765 eodem
861 711 1022 783 imperatore
1034 726 1083 783 per
1095 710 1204 765 Gratum
1218 713 1397 767 transmissam

132 800 149 838 «¹¹
167 804 200 845 se
218 802 339 870 acceptam
350 795 525 851 'norrtaeeat
570 796 652 868 Atqui
674 795 723 849 bae
739 812 787 868 per
803 796 911 850 Gratum
931 795 1034 851 delatae
1049 795 1082 850 ad
1098 795 1194 851 calcem
1211 795 1341 870 epistolae
1357 797 1397 853 43

130 887 276 952 acceptae
289 881 371 938 XIII
383 881 535 937 chcudus
549 881 690 935 Ianuarii
708 887 845 935 notantur.
884 879 919 934 llr
943 897 997 954 aquo
1014 882 1147 954 sequitur,
1171 890 1200 936 ut
1221 898 1309 955 neque
1333 882 1397 937 baec

126 959 251 1029 epistota
274 975 334 1022 ante
355 966 397 1024 20
413 963 563 1022 llccembris
584 964 653 1020 diem
675 966 774 1038 scripta
794 966 839 1020 sit.
870 965 962 1039 Neque
979 968 1058 1021 etiam
1075 966 1157 1039 louge
1173 975 1234 1039 post
1251 966 1397 1022 ditlerenda

122 1051 187 1100 ⁰81·
225 1050 293 1107 Certe
308 1050 509 1125 subsequentes
524 1049 668 1106 antecedit.

256 1184 293 1246 In
312 1183 499 1245 Hormiudae
520 1199 619 1262 papae
643 1183 789 1260 epistolas
809 1183 948 1244 46—48
971 1178 1176 1263 („Suruptom“
1192 1181 1270 1266 etc).

219 1305 311 1364 Tribus
326 1305 460 1381 epistolis.
477 1322 542 1380 quas
559 1303 697 1360 llormisda
714 1323 762 1379 per
778 1306 887 1360 Gratum
904 1307 1071 1361 transmissas
1084 1323 1154 1360 aiano
1170 1306 1232 1363 518
1245 1306 1395 1362 Decembris

10 1404 12 1417 ¹
100 1380 166 1443 20
184 1389 231 1449 die
242 1400 380 1466 acceperat
396 1390 466 1463 (scil.
483 1389 662 1465 epistolisffl,
675 1388 750 1445 taor
763 1389 823 1461 ll),
841 1391 908 1446 lianc
924 1399 950 1444 ct
966 1390 1031 1445 tlrras
1047 1389 1250 1463 subsequentes.
1262 1392 1394 1448 rescribit.

97 1466 178 1528 tias
197 1478 286 1534 eidem
302 1477 393 1539 Grato,
411 1474 637 1549 quemadmodum
652 1475 679 1530 in
696 1475 811 1549 epistola
827 1476 946 1548 proxima
963 1477 1131 1548 [trumberet.
1149 1494 1231 1549 quum
1248 1495 1308 1532 eruo
1325 1477 1395 1551 apim

89 1570 139 1610 se
166 1561 369 1637 aliquantisper
384 1561 554 1622 detinuisset,
584 1559 757 1633 perferendas
779 1558 860 1623 dedit,
886 1568 916 1614 ut
938 1577 969 1615 cx
991 1562 1082 1633 primis
1105 1561 1236 1633 epistolae
1254 1563 1290 1619 bl
1309 1562 1395 1618 uerbis

84 1636 273 1703 discemus.
305 1646 386 1720 Atqui
408 1662 462 1701 non
483 1646 571 1700 serius
587 1644 668 1700 Grato
685 1644 846 1700 Germanum
861 1645 983 1718 aliosque
1005 1645 1168 1718 apiostolicae
1186 1647 1258 1702 sedis
1280 1647 1395 1721 legatos,

81 1729 226 1798 quibus
242 1739 270 1788 et
285 1731 379 1806 plures
396 1729 526 1803 epistolae
542 1746 603 1786 mox
616 1728 797 1801 subjiciendae
809 1731 926 1802 creditae
939 1739 1012 1792 sunt,
1031 1730 1148 1786 directos
1164 1731 1396 1788 tuissellornrisda

75 1814 266 1883 spissae
288 1822 381 1889 aperte
403 1821 528 1871 testatur.
570 1815 625 1870 llos
649 1823 737 1870 autem
758 1833 828 1871 auno
850 1816 911 1872 519
933 1815 1027 1871 llartio
1052 1818 1161 1872 inerrate
1184 1816 1326 1892 Liquidum
1347 1835 1395 1872 seu

73 1890 294 1971 Lychnidum
311 1899 480 1956 blaeedonlae
496 1900 629 1956 civitatem
645 1903 808 1973 pervenisse,
832 1902 909 1956 testis
927 1902 977 1956 erit
993 1901 1107 1975 epistola
1124 1902 1172 1959 60.
1205 1903 1316 1958 Gratum
1333 1920 1395 1957 vero

67 1984 205 2051 paulo
217 1996 291 2049 ante.
308 1994 383 2042 certe
392 2002 448 2042 tion
460 1993 522 2058 post
530 1985 689 2041 Germanum
703 1986 825 2059 aliosque
838 1985 951 2060 legatos.
966 1986 1227 2059 Constantinopolim
1240 1987 1346 2050 rediise,
1363 2005 1395 2043 es

64 2068 216 2136 primis
228 2071 286 2144 jam
303 2072 401 2128 citatae
416 2070 549 2144 epistolae
565 2071 602 2128 61
626 2069 712 2125 verbis
728 2072 901 2145 perspicuum
919 2081 969 2126 est.
1001 2071 1037 2126 Er
1054 2089 1107 2145 quo
1129 2082 1156 2126 ot
1172 2090 1256 2146 prope
1272 2089 1394 2146 comper-

64 2156 172 2211 lum
193 2157 339 2219 babemus.
356 2173 451 2212 omnes
466 2155 525 2211 illas
541 2156 679 2229 epistolas.
696 2172 761 2229 quas
778 2159 833 2212 sire
850 2157 947 2211 Gratus
963 2158 1019 2212 sire
1034 2157 1114 2230 legati
1132 2156 1261 2229 praedicti
1277 2157 1395 2231 pertule-

61 2249 191 2305 runt.
212 2259 286 2301 anuo
306 2241 368 2299 519
385 2258 478 2298 meuse
492 2241 618 2296 ianuario
634 2242 703 2297 circa
718 2240 776 2312 ejus
793 2243 893 2297 exitum
910 2242 992 2297 tuisse
1009 2242 1128 2297 traditas.

93 2369 170 2434 In
189 2375 383 2438 Hurmiudee
404 2391 506 2453 papae
528 2373 675 2453 epistolas
690 2372 727 2434 tt
741 2378 774 2435 et
786 2374 824 2435 58
848 2370 1110 2454 (‚‚tttupottudints“
1127 2386 1153 2432 et
1169 2379 1235 2449 „Eo
1252 2373 1372 2458 prend).

109 2483 128 2493 ’
208 2496 350 2555 Secuudm
364 2496 509 2552 iustiniani
530 2495 645 2559 litterae,
663 2513 724 2552 cum
741 2497 896 2553 muneribus
914 2497 994 2577 abeo
1011 2497 1042 2552 ad
1059 2496 1165 2553 beatum
1181 2498 1289 2553 l‘ctrum
1306 2500 1394 2554 missis

58 2588 178 2645 post
198 2583 358 2658 legatorum
374 2598 408 2637 ex
424 2580 489 2637 urbe
504 2581 652 2638 discessura
668 2591 802 2656 acceptae.
819 2585 988 2638 occasionem
1005 2583 1137 2657 epistolae
1150 2583 1188 2640 st
1208 2583 1394 2639 rescrilreudae

58 2657 268 2732 dederuut,
291 2685 345 2742 qua
360 2676 388 2724 et
403 2667 583 2743 lastinianum
599 2667 739 2723 Hormisda
761 2668 794 2723 de
816 2667 916 2723 directa
937 2669 1073 2742 legatione
1089 2670 1233 2724 certiorem
1255 2667 1327 2725 lacit.
1357 2668 1394 2724 Es

59 2759 165 2814 ‘luo
187 2770 252 2810 man
268 2770 325 2810 non
340 2753 424 2827 longe
440 2760 503 2826 post
517 2752 713 2826 protectionem
730 2752 882 2827 legatorum
898 2755 1024 2827 scriptam
1041 2770 1100 2809 esse
1116 2753 1269 2810 conficitur.
1310 2754 1395 2809 Simul

58 2825 129 2885 ibi
159 2838 208 2893 acl
223 2839 375 2895 iohannem
391 2839 531 2911 rescripsit
545 2836 636 2911 (epist.
654 2836 713 2910 58),
736 2840 782 2911 qui
798 2841 1027 2912 opportunitatem
1044 2848 1138 2895 nactus
1154 2838 1291 2901 tabellarii,
1314 2856 1394 2912 quern

59 2908 292 3003 {natisionis
307 2940 370 2980 curn
385 2922 541 2979 muneribus
557 2922 667 2979 bomani
682 2922 842 2987 destinarat,
868 2923 972 2979 litteras
993 2924 1025 2979 ad
1047 2926 1134 2998 ipsum
1150 2924 1298 2987 direxerat,
1327 2941 1394 2999 quae

55 3010 160 3064 1³¹1!
182 3024 247 3067 non
261 3017 379 3067 exstant.

316 3142 357 3204 In
376 3140 561 3205 Hormisdm
581 3157 682 3220 pupae
705 3141 866 3219 epistolem
886 3142 926 3204 ae
950 3139 1021 3223 (‚,In
1039 3140 1198 3225 ciuttcte“).

213 3268 356 3341 Megetis,
373 3273 403 3321 ut
419 3263 489 3321 intra
504 3272 662 3327 memorant,
679 3281 711 3320 eo
723 3265 783 3339 ipso
796 3263 847 3327 die,
865 3282 919 3338 quo
935 3264 1078 3340 Lignidum
1093 3274 1273 3340 perventuros
1289 3284 1318 3321 se
1333 3283 1394 3341 spe·

66 3336 230 3417 rabant,
250 3353 407 3424 conscripta
427 3358 478 3414 est.
500 3349 622 3424 adeoque
638 3349 732 3406 llartio
748 3352 867 3413 ineunte,
883 3368 965 3425 quum
981 3368 1098 3424 sequeus
1115 3352 1238 3424 epistola,
1258 3368 1310 3427 qua
1326 3369 1394 3426 quae

68 3414 234 3499 Lignjqj
248 3444 327 3513 gesta
340 3443 406 3493 suut
421 3444 572 3497 narramur.
587 3435 671 3491 Nonis
679 3434 764 3492 llartii
779 3437 936 3510 consignata
952 3439 996 3492 sit.
1024 3436 1124 3510 Nempe
1139 3439 1167 3500 in
1183 3436 1276 3492 rrrlrcrn
1292 3439 1394 3513 regiam

71 3518 313 3596 Pfflperautes
334 3538 391 3579 non
406 3520 517 3578 multam
532 3522 560 3577 in
574 3521 689 3596 siugulis
706 3538 806 3578 moram
823 3521 960 3586 iaciebant,
978 3539 1027 3578 nec
1039 3520 1196 3578 ditlerebant
1211 3522 1245 3578 de
1260 3524 1301 3586 iis,
1326 3538 1394 3597 quae

75 3598 125 3645 ¹¹¹
153 3613 330 3684 unaquaque
345 3608 453 3664 educe
467 3623 597 3682 prospere
612 3605 785 3681 gerebantur,
799 3606 967 3663 llormisdam
982 3609 1126 3664 certiorem
1143 3607 1239 3664 tacere.

295 3734 304 3747 '
339 3740 379 3803 In
399 3739 586 3802 Hormisdce
606 3756 706 3819 papae
729 3740 892 3818 epistolem
913 3739 949 3800 al
971 3736 1181 3823 (‚,Reotdiu·s“).

216 3861 272 3919 lion
292 3871 397 3921 tantum
417 3863 445 3919 in
464 3861 579 3919 laudatis
601 3862 740 3935 vaticanae
760 3862 939 3919 bibliothecae
960 3863 1097 3919 codicibus
1119 3873 1214 3928 exstat,
1236 3864 1284 3921 sed
1305 3873 1333 3921 et
1350 3865 1394 3920 lli·

98 3939 392 4028 ⁸lf³¹12elsidorique
413 3947 619 4005 collectionibus
641 3949 742 4004 inserta
762 3957 813 4004 est.
850 3948 880 4004 Ei
900 3950 928 4004 in
944 3948 1064 4005 editione
1079 3948 1196 4005 Ronraua
1211 3952 1394 4023 praemittitur

105 4006 166 4075 lm
192 4032 304 4090 titulus:
334 4033 508 4106 Exemplum
527 4034 616 4090 libelli
633 4034 776 4090 Jobounis
798 4034 944 4091 Constant.
982 4033 1161 4101 Praeterimus
1183 4052 1244 4090 cunr
1266 4052 1319 4090 uuo
1342 4053 1390 4090 ms.

114 4093 219 4173 vfflc.
237 4119 399 4192 Eoeempler
423 4121 572 4176 relationis
591 4120 734 4176 Jobcrrm's
755 4119 1075 4192 Constuutr'uopotttuui‚
1097 4122 1209 4175 nutriere
1231 4138 1315 4193 quum
1338 4137 1392 4176 nou

124 4196 224 4257 ¹⁸⁹?th
237 4202 340 4261 libellus
355 4219 409 4260 scu
421 4202 503 4260 libelli
517 4202 549 4260 ab
565 4203 706 4261 Hormisda
721 4205 795 4259 missi
810 4204 879 4260 nuda
896 4203 1058 4278 subscriptio
1075 4204 1117 4260 liic
1131 4204 1297 4260 exhibeatur.
1329 4205 1392 4277 Ejus

132 4264 267 4361 lttoapud
274 4288 424 4352 llerlinum.
439 4287 586 4345 crabbeum
601 4295 654 4347 etc.
669 4289 840 4363 exilispanae
855 4290 1024 4347 collectionis
1036 4298 1117 4364 atque
1130 4290 1289 4345 isidorianae
1304 4307 1392 4346 esent·

140 4354 250 4428 tuost,
271 4375 365 4449 legere
391 4382 447 4431 est:
477 4376 610 4446 Epistola
630 4378 689 4432 ciue
707 4377 823 4432 libellus
841 4377 911 4448 fidei
928 4377 1071 4432 Jobumu's
1088 4375 1394 4448 Constantirropotttuui

150 4450 260 4529 (Μωρέ
271 4461 306 4517 dc
318 4475 430 4534 praeeo
449 4462 479 4516 is
492 4462 613 4517 tatinum
628 4464 774 4518 truuslutu
790 4462 900 4517 directa
917 4462 1146 4519 cdHormr'sdom
1155 4478 1272 4533 popam,
1289 4466 1319 4518 tu
1334 4480 1391 4535 quo

155 4541 356 4602 “clientum
372 4545 534 4602 Nestorium
563 4552 650 4619 atquc
666 4545 824 4618 'Eutychen
844 4550 1076 4620 reliquorumque
1096 4546 1310 4604 baereticorum
1331 4551 1391 4605 btu-

158 4616 282 4687 ΨΜ.
312 4630 383 4687 'lum
403 4631 502 4687 omissa
521 4630 683 4688 salutatione
697 4633 835 4706 sequitur:
866 4633 995 4689 Redditis
1014 4641 1066 4688 etc.
1098 4631 1134 4687 lte
1150 4633 1201 4688 boc
1215 4635 1316 4707 scripto
1333 4633 1392 4690 ttio-
1486 4620 1497 4632 ”

161 4715 233 4800 {wrm
245 4713 346 4790 legatum
361 4715 432 4773 inira
446 4717 525 4791 epist.
544 4716 583 4775 65
599 4735 627 4774 u.
643 4715 664 4773 4
678 4718 716 4773 ita
731 4717 866 4791 loquitur:
882 4719 1045 4791 Episcopus
1061 4718 1392 4790 Constantinopolitanae

164 4799 284 4861 aputu
303 4806 488 4876 consuscepit
507 4821 527 4859 e
546 4804 629 4861 uobis
648 4804 773 4861 libellum
794 4811 821 4860 et
835 4808 865 4860 iu
883 4808 985 4876 primis
1004 4807 1090 4877 quusi
1109 4808 1227 4860 tentavit
1243 4809 1391 4877 epistotam

167 4878 341 4956 mutuom
355 4905 443 4962 quam
454 4889 589 4960 libellum,
606 4891 659 4947 scd
671 4907 729 4947 non
742 4895 808 4962 post
822 4892 910 4946 mutto
927 4893 1086 4946 certamino
1101 4890 1156 4947 troc
1169 4895 1306 4961 corruenti,
1321 4909 1389 4962 pro·
