3224 5506
129 340 193 406 566
603 351 630 399 s.
648 347 788 398 annisu
812 347 926 394 Pansa

132 508 341 594 congregatio
369 505 522 591 synodica
549 506 720 588 putaverat
747 502 983 586 usurpandum,
1018 523 1084 566 non
1116 524 1228 586 promu

132 613 267 677 iteratae
290 607 481 690 sententiae,
506 606 560 670 sed
584 628 655 669 cum
678 604 853 689 apostolica
875 605 949 668 sede
971 603 1088 668 veteris
1111 625 1228 670 exsecu·

219 713 268 777 10.
313 710 384 774 Hoc
412 713 536 791 tamen,
571 707 655 793 quod
678 707 716 770 de
744 729 808 771 nno
836 707 1008 792 eodemque
1035 707 1165 772 homine
1193 707 1228 773 di

132 818 199 881 sive
220 813 277 878 tali
301 813 503 897 persistente,
527 810 631 896 qualis
649 808 843 873 sententiam
860 810 1079 893 competenter
1094 809 1228 895 accepit,

132 918 190 983 tali
214 918 327 980 effecto
351 918 383 978 et
405 914 492 998 aba)
515 912 571 976 illa
594 910 765 994 sententia,
790 934 871 995 quae
893 933 958 976 non
981 911 1040 976 tali
1062 934 1129 977 non
1152 913 1228 977 <nes

133 1021 246 1103 soluto,
272 1017 361 1081 etin
384 1036 573 1099 unaquaque
597 1014 727 1078 civitate
749 1014 868 1098 legitur
891 1013 1039 1078 similiter
1061 1036 1130 1079 esse
1153 1036 1228 1100 prae

132 1123 168 1186 in
190 1118 308 1205 populo
330 1140 369 1182 ac
390 1120 488 1202 geute
511 1116 606 1180 simul
628 1117 861 1200 depromptum,
885 1117 1053 1202 potiusque
1069 1117 1104 1182 in
1124 1121 1228 1182 totoo

135 1226 193 1287 est.
237 1220 326 1285 Idem
348 1218 434 1284 enim
455 1219 592 1283 mundus
620 1221 679 1300 est,
710 1216 764 1301 qui
787 1219 820 1280 ct
841 1217 1002 1300 periturus
1025 1222 1074 1282 est
1095 1218 1212 1301 dietus,

135 1325 195 1391 Dei
218 1345 284 1387 non
307 1324 414 1405 potest
436 1321 591 1403 excidere,
615 1324 648 1383 et
670 1321 704 1383 in
727 1320 796 1402 ipso
818 1319 937 1383 mundo
960 1319 1171 1384 nihilominus
1193 1343 1228 1404 a

15 1463 71 1516 Μ
79 1468 121 1528 tt,
134 1425 333 1490 tentionibus
361 1422 531 1486 recedente
564 1444 630 1486 non
657 1421 874 1506 promitunt).
920 1421 972 1487 sic
1006 1422 1109 1506 Tyrus
1144 1425 1177 1486 et
1210 1421 1228 1485 l

28 1532 84 1584 eet
92 1536 115 1584 5.
136 1528 224 1592 Gaza
252 1531 284 1591 et
313 1527 481 1610 Aegyptus
516 1523 743 1608 pronuntiatae
775 1529 852 1587 sunt
884 1524 1061 1607 periturae,
1097 1546 1175 1608 quas
1203 1547 1228 1608 p

34 1604 121 1666 44,1‘2.
136 1628 338 1712 evangelium
360 1627 506 1691 novimus
534 1647 602 1690 esse
631 1625 781 1689 salvatas.
826 1625 997 1689 Perierunt
1025 1626 1133 1710 itaque
1155 1625 1228 1710 dupl

137 1733 193 1794 aut
214 1733 439 1813 permanentes
461 1729 496 1792 in
519 1750 566 1811 ee,
595 1749 656 1812 quo
683 1728 782 1791 talem
805 1728 999 1791 seutentiam
1023 1731 1228 1812 susceperunt

136 1832 281 1896 ficientes
305 1831 345 1894 ab
368 1852 414 1914 eo,
438 1852 500 1915 quo
522 1829 603 1893 tales
625 1830 768 1912 fueraut,
792 1833 824 1892 et
846 1829 1039 1914 incipientes
1062 1852 1130 1894 esse
1152 1851 1215 1915 quo

136 1935 276 2016 fuerant,
301 1932 414 2016 quibus
437 1934 486 1995 est
507 1931 564 1994 illa
586 1932 728 2014 praefixa
758 1931 935 1995 sententia:
963 1936 999 1995 ut
1023 1938 1228 2017 consequenti

136 2035 217 2098 tales
244 2056 310 2098 non
337 2033 513 2118 pertineret
538 2033 594 2096 illa
623 2034 795 2116 sententia,
830 2054 911 2117 quae
934 2056 1000 2097 non
1022 2033 1141 2097 talibus
1169 2057 1228 2119 pra

136 2136 251 2199 fuerat.
297 2135 350 2200 Sic
372 2136 470 2200 etiam
498 2136 536 2199 de
558 2138 656 2219 gente
678 2133 873 2199 Judaeurum
894 2136 960 2221 all)
984 2134 1053 2199 Deo
1076 2136 1174 2200 etiam
1197 2159 1228 2221 pt

1 2252 38 2304 es.
51 2256 123 2317 ero.
136 2237 327 2322 prophetam
350 2237 562 2321 peremptorie
578 2237 677 2301 veluti
700 2237 942 2321 pronuntiatum
966 2240 1031 2302 est:
1051 2243 1167 2302 Claude
1189 2260 1225 2304 oe

138 2351 166 2403 et
188 2345 295 2404 obtura
318 2360 409 2403 eures
431 2360 542 2411 eornm,
572 2351 604 2404 nt
633 2345 764 2403 eicientes
789 2362 849 2405 non
872 2345 993 2405 videant
1025 2353 1055 2405 et
1083 2348 1228 2406 audiente

138 2448 234 2514 distet,
263 2463 302 2504 ne
329 2446 452 2520 qnando
479 2447 666 2520 intettipnnt:
694 2453 723 2506 et
746 2446 863 2506 obduro
884 2463 939 2506 cor
956 2449 1068 2522 populi
1088 2448 1188 2523 tznjns,
1217 2465 1228 2507 t

138 2554 364 2620 convertantur,
389 2555 418 2607 et
440 2565 543 2607 sonem
566 2550 643 2609 illos.
667 2543 731 2607 Hie
754 2544 851 2607 etiam
874 2545 1029 2608 eorrectio
1051 2548 1085 2608 et
1106 2543 1228 2609 emendi

138 2644 225 2708 dieta
248 2647 455 2727 monstratur,
480 2649 512 2708 et
534 2645 741 2729 resipiscendi
764 2669 888 2730 quoque
911 2668 983 2730 spes
1006 2668 1137 2730 prorsus
1160 2646 1228 2711 abst

139 2767 201 2831 quo
228 2750 339 2809 tamen
367 2746 484 2830 populo
513 2746 673 2831 apostolos
707 2748 786 2833 et⁶¹)
820 2748 998 2812 Ecclesiam
1032 2749 1228 2833 primitivam

0 2848 342 2934 ct.2,41.proeessisse,
374 2849 406 2911 et
427 2851 477 2911 tot
498 2848 599 2912 millia
621 2848 786 2912 hominnm
808 2872 873 2913 una
895 2849 946 2914 die
969 2850 1165 2935 baptismate
1186 2852 1228 2915 fui

138 2955 198 3015 tos.
244 2950 329 3015 Eece
352 2953 383 3014 et
406 2950 440 3013 in
468 2950 714 3033 persistentibus
743 2952 845 3035 qualis
869 2955 917 3016 est
936 2953 992 3016 illa
1014 2953 1178 3017 sententia
1206 2976 1227 3037 p

138 3052 326 3137 permansit,
356 3073 416 3116 nee
445 3052 483 3114 ad
508 3052 737 3117 correctionem
760 3075 889 3137 prorsus
912 3054 1020 3118 venire
1049 3054 1228 3119 sanitatisl²

139 3225 194 3259 esse
213 3211 365 3273 detepaturn,
388 3223 437 3272 per
459 3211 615 3258 occasionem
634 3211 839 3274 conprepotionis
856 3212 922 3260 iltius
944 3218 1051 3274 praeter
1069 3212 1199 3262 Nirnenos
1212 3229 1228 3276 ⁴t

137 3296 267 3344 videretur
284 3297 384 3343 actione
401 3299 534 3351 tentatura,
553 3296 704 3357 competenti
721 3295 876 3357 refutatione
888 3310 1018 3345 vacuasse.
1048 3290 1163 3346 videet
1180 3310 1228 3361 qut

138 3373 258 3443 epistola
275 3391 300 3426 n.
316 3378 331 3426 6
350 3372 544 3427 edisseruntur.

207 3459 239 3525 ⁵⁷)
257 3456 286 3510 Si
305 3457 408 3512 Golasii
425 3459 547 3512 mentem
570 3459 640 3512 bene
660 3474 804 3528 assequor,
829 3459 867 3513 sic
884 3459 1081 3530 intelligendus
1097 3460 1144 3515 hie
1161 3462 1228 3516 locu¹

139 3541 236 3595 nisset:
256 3548 418 3610 renprepatio
436 3548 542 3612 synodi,
561 3563 627 3612 quoe
645 3549 702 3598 ideo
721 3556 886 3606 convenerat,
906 3566 955 3599 non
973 3557 1001 3599 nt
1017 3553 1228 3616 prromrctpntriat

139 3629 238 3694 novae)
256 3633 410 3688 sententiae,
429 3633 476 3681 sed
493 3648 547 3680 enm
565 3634 707 3695 apostolico
723 3635 890 3693 sedeneteris
908 3630 975 3697 (soil.
989 3630 1140 3700 Nicaenac)
1159 3651 1228 3686 eaeset

208 3714 239 3777 ξι8)
257 3714 283 3764 a¹
298 3714 323 3764 c*
341 3728 398 3779 seq.
415 3713 503 3765 omitt.
518 3715 550 3765 ab
563 3713 592 3766 et
603 3719 629 3765 in
648 3713 723 3778 (ante
740 3716 854 3782 popnto),
873 3716 1044 3783 cernuntque
1060 3722 1146 3783 portas
1158 3736 1225 3786 paee

139 3794 173 3847 D¹
187 3795 223 3848 Ι)2
235 3795 272 3847 l)⁸
283 3795 319 3848 D⁰
331 3796 372 3848 Fe
391 3816 447 3849 esse
465 3797 492 3862 (2
504 3814 566 3850 mss.
585 3800 613 3850 a³
631 3798 660 3850 et
678 3797 704 3850 d¹
725 3800 774 3865 est)
791 3805 912 3866 praefixa
975 3788 1150 3869 deprompta,¹
1160 3802 1192 3856 ot
1208 3819 1228 3856 ct

139 3887 154 3932 ‘a'
173 3897 235 3933 mss.
256 3883 283 3933 η’
302 3886 478 3947 dissernimus,
500 3881 547 3934 ubi
565 3880 599 3933 D'
613 3881 650 3934 D‘
666 3887 821 3950 portionem,
839 3883 876 3936 Ν3
894 3890 1025 3952 portione,
1042 3885 1079 3938 θ’
1095 3892 1228 3953 portiones

140 3964 280 4033 conjectat
299 3971 408 4033 positum
430 3965 475 4019 vel
494 3972 692 4034 pronuntiatum.
729 3967 817 4021 Recte
838 3970 934 4022 monet
951 3970 987 4035 δ’,
1010 3968 1061 4024 has
1082 3969 1176 4025 varias
1198 3971 1228 4026 lo

139 4048 294 4114 hominurn,
312 4049 359 4116 qui
378 4049 444 4102 dum
461 4049 552 4103 locum
569 4048 701 4104 vitiosum
719 4051 867 4105 emendare
885 4053 1045 4120 tentarunt,
1068 4072 1132 4109 eum
1150 4072 1169 4110 a
1186 4073 1216 4112 se

139 4132 258 4200 intelligi
274 4132 466 4202 prodiderunt.
496 4134 556 4188 Iloc
574 4134 647 4188 enim
665 4133 718 4188 sibi
735 4135 806 4189 vult:
826 4137 901 4203 qnod
918 4137 953 4191 de
971 4154 1026 4191 uuo
1045 4138 1228 4207 eodemque}

140 4216 181 4271 oio
200 4216 372 4285 dictumest,
390 4218 443 4272 hoc
461 4221 490 4273 et
507 4218 640 4273 adversus
657 4236 883 4287 unamquamque
902 4220 1043 4277 civitatem
1062 4225 1144 4292 (puta
1160 4224 1228 4293 Tyri

139 4303 204 4368 etc.)
225 4301 329 4371 legitur
351 4319 410 4356 esse
431 4304 598 4372 praefixum,
625 4305 654 4357 et
676 4303 808 4358 adversus
830 4306 965 4375 populum
987 4324 1021 4361 ac
1042 4310 1158 4377 gentem
1180 4308 1228 4363 sim

139 4385 231 4453 ptum,
249 4385 334 4439 immo
352 4387 446 4456 potius
464 4388 595 4442 advorsus
613 4390 704 4443 totum
722 4389 856 4444 mundum
874 4406 932 4444 esse
950 4391 1073 4460 positum
1086 4394 1173 4462 atque
1189 4412 1228 4464 pn

208 4473 238 4537 ⁵⁰)
257 4469 297 4523 Fm
318 4478 484 4539 pronrittitur.
524 4473 588 4526 Mox
605 4473 642 4527 θ’
661 4478 777 4544 Berpton
799 4487 824 4529 et
843 4478 929 4544 Sydon
950 4480 1027 4533 Gaza.
1067 4476 1101 4529 In
1123 4476 1165 4531 Ffl
1186 4476 1228 4533 dei

141 4562 165 4605 et
182 4559 332 4622 incipientes
350 4586 384 4594 -
399 4561 512 4622 suerent.

207 4640 240 4706 ⁸⁰)
259 4638 287 4691 d¹
306 4638 396 4694 omitt.
416 4662 432 4693 a
449 4646 607 4699 Decetiam.
636 4643 673 4696 D'
692 4649 760 4697 Dens
778 4651 859 4699 etiem.
890 4645 956 4699 Mox
972 4646 1049 4700 Diu¹
1063 4649 1089 4701 0²
1106 4663 1165 4716 setl.
1186 4652 1228 4705 eit

140 4718 176 4772 Β*
188 4719 224 4803 D⁶
235 4721 272 4775 Ι)1
283 4721 320 4775 D⁹
331 4722 354 4776 F
355 4733 373 4759 “¹
384 4723 422 4776 N³
435 4727 459 4778 c¹
473 4725 501 4779 tl¹
515 4726 545 4779 d²
562 4732 668 4782 obituro.
704 4728 811 4784 Deinde
830 4750 848 4783 α
866 4734 1005 4785 obturato.

203 4804 239 4873 Μ)
256 4805 293 4858 D²
304 4806 345 4859 F¹n
357 4807 394 4860 Ν3
412 4809 501 4865 omitt.
522 4823 559 4879 et,
578 4829 697 4882 moxque
715 4816 741 4867 e⁹
760 4813 849 4868 omitt.
869 4826 906 4874 tot
923 4819 953 4870 et
969 4813 1067 4870 scribit
1083 4821 1200 4875 satiata·

207 4890 239 4956 ⁰¹)
258 4889 286 4943 d'
306 4891 395 4948 omiti.
414 4901 539 4949 sanitatis.
