<?xml version="1.0" encoding="UTF-8"?>
<!DOCTYPE html PUBLIC "-//W3C//DTD XHTML 1.0 Transitional//EN"
    "http://www.w3.org/TR/xhtml1/DTD/xhtml1-transitional.dtd">
<html xmlns="http://www.w3.org/1999/xhtml" xml:lang="en" lang="en">
 <head>
  <title>
</title>
<meta http-equiv="Content-Type" content="text/html;charset=utf-8" />
  <meta name='ocr-system' content='tesseract 3.04.00' />
  <meta name='ocr-capabilities' content='ocr_page ocr_carea ocr_par ocr_line ocrx_word'/>
</head>
<body>
  <div class='ocr_page' id='page_1' title='image "./epistolaeromano00thiegoog/epistolaeromano00thiegoog_0948.png"; bbox 0 0 3204 5506; ppageno 0'>
   <div class='ocr_carea' id='block_1_1' title="bbox 624 374 1391 444">
    <p class='ocr_par' dir='ltr' id='par_1_1' title="bbox 624 374 1391 444">
     <span class='ocr_line' id='line_1_1' title="bbox 624 374 1391 444; baseline 0 -3"><span class='ocrx_word' id='word_1_1' title='bbox 624 392 797 444; x_wconf 80' lang='lat' dir='ltr'>aersrons</span> <span class='ocrx_word' id='word_1_2' title='bbox 822 383 893 442; x_wconf 90' lang='lat'>100.</span> <span class='ocrx_word' id='word_1_3' title='bbox 1328 374 1391 442; x_wconf 87' lang='grc'>899</span> 
     </span>
    </p>
   </div>
   <div class='ocr_carea' id='block_1_2' title="bbox 110 544 1496 2463">
    <p class='ocr_par' dir='ltr' id='par_1_2' title="bbox 110 544 1496 2159">
     <span class='ocr_line' id='line_1_2' title="bbox 206 544 1496 631; baseline -0.003 -19"><span class='ocrx_word' id='word_1_4' title='bbox 206 549 237 612; x_wconf 87' lang='lat'>3.</span> <span class='ocrx_word' id='word_1_5' title='bbox 273 547 317 611; x_wconf 85' lang='lat' dir='ltr'>Et</span> <span class='ocrx_word' id='word_1_6' title='bbox 338 547 413 631; x_wconf 87' lang='lat' dir='ltr'>quia</span> <span class='ocrx_word' id='word_1_7' title='bbox 435 549 649 630; x_wconf 82' lang='lat' dir='ltr'>pervenenurt</span> <span class='ocrx_word' id='word_1_8' title='bbox 670 548 705 610; x_wconf 92' lang='lat' dir='ltr'>in</span> <span class='ocrx_word' id='word_1_9' title='bbox 729 547 901 628; x_wconf 82' lang='lat' dir='ltr'>civitatem,</span> <span class='ocrx_word' id='word_1_10' title='bbox 926 544 1076 609; x_wconf 88' lang='lat' dir='ltr'>nuntiata</span> <span class='ocrx_word' id='word_1_11' title='bbox 1092 549 1141 610; x_wconf 90' lang='lat' dir='ltr'>est</span> <span class='ocrx_word' id='word_1_12' title='bbox 1155 545 1318 610; x_wconf 91' lang='lat' dir='ltr'>Dorotheo</span> <span class='ocrx_word' id='word_1_13' title='bbox 1333 567 1391 630; x_wconf 90' lang='lat' dir='ltr'>per</span> <span class='ocrx_word' id='word_1_14' title='bbox 1403 570 1427 607; x_wconf 89' lang='lat' dir='ltr'>a.</span> <span class='ocrx_word' id='word_1_15' title='bbox 1439 559 1496 608; x_wconf 79' lang='lat'>⁶19.</span> 
     </span>
     <span class='ocr_line' id='line_1_3' title="bbox 118 645 1391 732; baseline -0.002 -18"><span class='ocrx_word' id='word_1_16' title='bbox 118 649 271 714; x_wconf 90' lang='lat' dir='ltr'>comitem</span> <span class='ocrx_word' id='word_1_17' title='bbox 293 647 451 712; x_wconf 84' lang='lat' dir='ltr'>Licinium</span> <span class='ocrx_word' id='word_1_18' title='bbox 474 648 656 732; x_wconf 87' lang='lat' dir='ltr'>praesentia</span> <span class='ocrx_word' id='word_1_19' title='bbox 678 651 869 712; x_wconf 90' lang='lat' dir='ltr'>nostrorum.</span> <span class='ocrx_word' id='word_1_20' title='bbox 908 645 968 721; x_wconf 92' lang='lat' dir='ltr'>Qui</span> <span class='ocrx_word' id='word_1_21' title='bbox 991 647 1108 712; x_wconf 85' lang='lat' dir='ltr'>direxit</span> <span class='ocrx_word' id='word_1_22' title='bbox 1122 648 1299 712; x_wconf 72' lang='lat' dir='ltr'><strong>Aristidem</strong></span> <span class='ocrx_word' id='word_1_23' title='bbox 1321 670 1391 732; x_wconf 88' lang='lat' dir='ltr'>pre-</span> 
     </span>
     <span class='ocr_line' id='line_1_4' title="bbox 117 749 1391 835; baseline -0.001 -20"><span class='ocrx_word' id='word_1_24' title='bbox 117 752 286 835; x_wconf 87' lang='lat' dir='ltr'>sbyterum</span> <span class='ocrx_word' id='word_1_25' title='bbox 309 771 381 814; x_wconf 90' lang='lat' dir='ltr'>cum</span> <span class='ocrx_word' id='word_1_26' title='bbox 404 749 475 813; x_wconf 89' lang='lat' dir='ltr'>aliis</span> <span class='ocrx_word' id='word_1_27' title='bbox 498 750 620 814; x_wconf 91' lang='lat' dir='ltr'>duobus</span> <span class='ocrx_word' id='word_1_28' title='bbox 636 750 804 834; x_wconf 81' lang='lat' dir='ltr'>episcopie,</span> <span class='ocrx_word' id='word_1_29' title='bbox 828 771 906 833; x_wconf 91' lang='lat' dir='ltr'>quos</span> <span class='ocrx_word' id='word_1_30' title='bbox 921 749 1040 835; x_wconf 63' lang='grc'><strong>301986)</strong></span> <span class='ocrx_word' id='word_1_31' title='bbox 1056 750 1179 814; x_wconf 88' lang='lat' dir='ltr'>sciebat</span> <span class='ocrx_word' id='word_1_32' title='bbox 1194 750 1391 815; x_wconf 88' lang='lat' dir='ltr'>adversarios</span> 
     </span>
     <span class='ocr_line' id='line_1_5' title="bbox 119 850 1392 936; baseline -0.001 -19"><span class='ocrx_word' id='word_1_33' title='bbox 119 875 191 917; x_wconf 90' lang='lat' dir='ltr'>esse</span> <span class='ocrx_word' id='word_1_34' title='bbox 219 851 359 936; x_wconf 86' lang='lat' dir='ltr'>negotii,</span> <span class='ocrx_word' id='word_1_35' title='bbox 392 856 429 915; x_wconf 91' lang='lat' dir='ltr'>ut</span> <span class='ocrx_word' id='word_1_36' title='bbox 456 855 583 915; x_wconf 88' lang='lat' dir='ltr'>nostros</span> <span class='ocrx_word' id='word_1_37' title='bbox 606 852 737 916; x_wconf 88' lang='lat' dir='ltr'>videret.</span> <span class='ocrx_word' id='word_1_38' title='bbox 783 850 861 917; x_wconf 84' lang='lat' dir='ltr'>(lum</span> <span class='ocrx_word' id='word_1_39' title='bbox 883 851 997 936; x_wconf 90' lang='lat' dir='ltr'>quibus</span> <span class='ocrx_word' id='word_1_40' title='bbox 1026 852 1196 917; x_wconf 85' lang='lat' dir='ltr'>voluerunt</span> <span class='ocrx_word' id='word_1_41' title='bbox 1223 853 1329 917; x_wconf 88' lang='lat' dir='ltr'>facere</span> <span class='ocrx_word' id='word_1_42' title='bbox 1357 852 1392 916; x_wconf 89' lang='lat' dir='ltr'>in</span> 
     </span>
     <span class='ocr_line' id='line_1_6' title="bbox 118 952 1393 1038; baseline 0.002 -21"><span class='ocrx_word' id='word_1_43' title='bbox 118 954 234 1038; x_wconf 90' lang='lat' dir='ltr'>primis</span> <span class='ocrx_word' id='word_1_44' title='bbox 258 953 433 1018; x_wconf 87' lang='lat' dir='ltr'>certamina</span> <span class='ocrx_word' id='word_1_45' title='bbox 461 953 499 1017; x_wconf 87' lang='lat' dir='ltr'>de</span> <span class='ocrx_word' id='word_1_46' title='bbox 521 952 654 1036; x_wconf 83' lang='lat' dir='ltr'>libellis,</span> <span class='ocrx_word' id='word_1_47' title='bbox 686 954 842 1018; x_wconf 87' lang='lat' dir='ltr'>dieentes:</span> <span class='ocrx_word' id='word_1_48' title='bbox 871 956 947 1018; x_wconf 82' lang='lat' dir='ltr'>Sunt</span> <span class='ocrx_word' id='word_1_49' title='bbox 975 960 1128 1033; x_wconf 83' lang='lat' dir='ltr'>capitula,</span> <span class='ocrx_word' id='word_1_50' title='bbox 1160 975 1239 1033; x_wconf 82' lang='lat' dir='ltr'>quae</span> <span class='ocrx_word' id='word_1_51' title='bbox 1265 959 1393 1019; x_wconf 80' lang='lat' dir='ltr'>debeant</span> 
     </span>
     <span class='ocr_line' id='line_1_7' title="bbox 118 1053 1391 1140; baseline 0 -20"><span class='ocrx_word' id='word_1_52' title='bbox 118 1062 290 1120; x_wconf 81' lang='lat' dir='ltr'>emendari.</span> <span class='ocrx_word' id='word_1_53' title='bbox 325 1053 486 1119; x_wconf 85' lang='lat' dir='ltr'>Dixerunt</span> <span class='ocrx_word' id='word_1_54' title='bbox 499 1055 611 1138; x_wconf 87' lang='lat' dir='ltr'>nostri,</span> <span class='ocrx_word' id='word_1_55' title='bbox 635 1077 701 1120; x_wconf 89' lang='lat' dir='ltr'>non</span> <span class='ocrx_word' id='word_1_56' title='bbox 725 1078 792 1120; x_wconf 90' lang='lat' dir='ltr'>esse</span> <span class='ocrx_word' id='word_1_57' title='bbox 813 1056 848 1120; x_wconf 92' lang='lat' dir='ltr'>in</span> <span class='ocrx_word' id='word_1_58' title='bbox 864 1057 1024 1139; x_wconf 74' lang='lat' dir='ltr'>potestate</span> <span class='ocrx_word' id='word_1_59' title='bbox 1038 1057 1179 1140; x_wconf 90' lang='lat' dir='ltr'>ipsorum</span> <span class='ocrx_word' id='word_1_60' title='bbox 1193 1056 1255 1120; x_wconf 87' lang='lat' dir='ltr'>hoc</span> <span class='ocrx_word' id='word_1_61' title='bbox 1268 1056 1391 1120; x_wconf 84' lang='lat' dir='ltr'>facere:</span> 
     </span>
     <span class='ocr_line' id='line_1_8' title="bbox 118 1160 1393 1236; baseline -0.001 -13"><span class='ocrx_word' id='word_1_62' title='bbox 118 1166 148 1223; x_wconf 83' lang='lat' dir='ltr'>si</span> <span class='ocrx_word' id='word_1_63' title='bbox 169 1165 256 1223; x_wconf 75' lang='lat' dir='ltr'>crutis</span> <span class='ocrx_word' id='word_1_64' title='bbox 274 1161 394 1234; x_wconf 81' lang='lat' dir='ltr'>fucere,</span> <span class='ocrx_word' id='word_1_65' title='bbox 421 1163 483 1221; x_wconf 79' lang='lat' dir='ltr'>Deo</span> <span class='ocrx_word' id='word_1_66' title='bbox 503 1165 638 1236; x_wconf 59' lang='lat' dir='ltr'>prusiam</span> <span class='ocrx_word' id='word_1_67' title='bbox 661 1165 688 1221; x_wconf 82' lang='lat' dir='ltr'>si</span> <span class='ocrx_word' id='word_1_68' title='bbox 707 1177 766 1222; x_wconf 84' lang='lat' dir='ltr'>non</span> <span class='ocrx_word' id='word_1_69' title='bbox 788 1160 1010 1233; x_wconf 76' lang='lat' dir='ltr'>vullisfucere,</span> <span class='ocrx_word' id='word_1_70' title='bbox 1033 1165 1174 1235; x_wconf 72' lang='lat' dir='ltr'>vedimur,</span> <span class='ocrx_word' id='word_1_71' title='bbox 1198 1164 1393 1223; x_wconf 78' lang='lat' dir='ltr'>salutavimus</span> 
     </span>
     <span class='ocr_line' id='line_1_9' title="bbox 120 1258 1392 1344; baseline 0 -21"><span class='ocrx_word' id='word_1_72' title='bbox 120 1281 188 1338; x_wconf 83' lang='lat' dir='ltr'>vos,</span> <span class='ocrx_word' id='word_1_73' title='bbox 207 1260 499 1343; x_wconf 71' lang='lat' dir='ltr'>perambulamusQ.</span> <span class='ocrx_word' id='word_1_74' title='bbox 537 1259 762 1323; x_wconf 87' lang='lat' dir='ltr'>Discesserunt</span> <span class='ocrx_word' id='word_1_75' title='bbox 784 1263 857 1344; x_wconf 91' lang='lat' dir='ltr'>post</span> <span class='ocrx_word' id='word_1_76' title='bbox 879 1259 942 1323; x_wconf 89' lang='lat' dir='ltr'>ista</span> <span class='ocrx_word' id='word_1_77' title='bbox 962 1260 1069 1324; x_wconf 88' lang='lat' dir='ltr'>verba.</span> <span class='ocrx_word' id='word_1_78' title='bbox 1114 1259 1166 1323; x_wconf 88' lang='lat' dir='ltr'>Ad</span> <span class='ocrx_word' id='word_1_79' title='bbox 1189 1259 1286 1323; x_wconf 89' lang='lat' dir='ltr'>aliam</span> <span class='ocrx_word' id='word_1_80' title='bbox 1308 1258 1392 1323; x_wconf 89' lang='lat' dir='ltr'>diem</span> 
     </span>
     <span class='ocr_line' id='line_1_10' title="bbox 121 1360 1474 1446; baseline 0 -21"><span class='ocrx_word' id='word_1_81' title='bbox 121 1362 358 1443; x_wconf 85' lang='lat' dir='ltr'>convenerunt,</span> <span class='ocrx_word' id='word_1_82' title='bbox 398 1360 514 1424; x_wconf 91' lang='lat' dir='ltr'>iterum</span> <span class='ocrx_word' id='word_1_83' title='bbox 542 1360 605 1424; x_wconf 91' lang='lat' dir='ltr'>ista</span> <span class='ocrx_word' id='word_1_84' title='bbox 632 1360 808 1445; x_wconf 89' lang='lat' dir='ltr'>loquentes.</span> <span class='ocrx_word' id='word_1_85' title='bbox 863 1361 907 1425; x_wconf 82' lang='lat' dir='ltr'>Et</span> <span class='ocrx_word' id='word_1_86' title='bbox 940 1366 1126 1446; x_wconf 83' lang='lat' dir='ltr'>antequam</span> <span class='ocrx_word' id='word_1_87' title='bbox 1140 1362 1392 1445; x_wconf 64' lang='lat' dir='ltr'>propositionem</span> <span class='ocrx_word' id='word_1_88' title='bbox 1471 1404 1474 1408; x_wconf 31' lang='grc' dir='ltr'><em>ι</em></span> 
     </span>
     <span class='ocr_line' id='line_1_11' title="bbox 121 1461 1393 1548; baseline -0.001 -21"><span class='ocrx_word' id='word_1_89' title='bbox 121 1463 291 1527; x_wconf 84' lang='lat' dir='ltr'>verborum</span> <span class='ocrx_word' id='word_1_90' title='bbox 313 1461 477 1544; x_wconf 83' lang='lat' dir='ltr'>fecissent,</span> <span class='ocrx_word' id='word_1_91' title='bbox 502 1462 589 1547; x_wconf 64' lang='lat' dir='ltr'>ubiss)</span> <span class='ocrx_word' id='word_1_92' title='bbox 612 1485 677 1527; x_wconf 90' lang='lat' dir='ltr'>non</span> <span class='ocrx_word' id='word_1_93' title='bbox 702 1467 751 1526; x_wconf 89' lang='lat' dir='ltr'>est</span> <span class='ocrx_word' id='word_1_94' title='bbox 772 1463 911 1527; x_wconf 89' lang='lat' dir='ltr'>intentio</span> <span class='ocrx_word' id='word_1_95' title='bbox 926 1466 1093 1548; x_wconf 86' lang='lat' dir='ltr'>generata,</span> <span class='ocrx_word' id='word_1_96' title='bbox 1117 1485 1183 1528; x_wconf 92' lang='lat' dir='ltr'>non</span> <span class='ocrx_word' id='word_1_97' title='bbox 1205 1463 1324 1547; x_wconf 89' lang='lat' dir='ltr'>injuria</span> <span class='ocrx_word' id='word_1_98' title='bbox 1346 1484 1393 1526; x_wconf 92' lang='lat' dir='ltr'>se-</span> 
     </span>
     <span class='ocr_line' id='line_1_12' title="bbox 121 1564 1393 1649; baseline -0.001 -21"><span class='ocrx_word' id='word_1_99' title='bbox 121 1568 199 1628; x_wconf 89' lang='lat' dir='ltr'>cuta</span> <span class='ocrx_word' id='word_1_100' title='bbox 221 1567 271 1628; x_wconf 88' lang='lat' dir='ltr'>est</span> <span class='ocrx_word' id='word_1_101' title='bbox 278 1615 286 1646; x_wconf 94' lang='lat'>,</span> <span class='ocrx_word' id='word_1_102' title='bbox 311 1564 416 1627; x_wconf 89' lang='lat' dir='ltr'>subito</span> <span class='ocrx_word' id='word_1_103' title='bbox 437 1564 573 1648; x_wconf 91' lang='lat' dir='ltr'>populus</span> <span class='ocrx_word' id='word_1_104' title='bbox 595 1565 727 1628; x_wconf 89' lang='lat' dir='ltr'>insanus</span> <span class='ocrx_word' id='word_1_105' title='bbox 749 1565 842 1628; x_wconf 91' lang='lat' dir='ltr'>irruit</span> <span class='ocrx_word' id='word_1_106' title='bbox 864 1586 959 1649; x_wconf 90' lang='lat' dir='ltr'>super</span> <span class='ocrx_word' id='word_1_107' title='bbox 980 1565 1099 1648; x_wconf 92' lang='lat' dir='ltr'>ipsum,</span> <span class='ocrx_word' id='word_1_108' title='bbox 1124 1568 1156 1629; x_wconf 89' lang='lat' dir='ltr'>et</span> <span class='ocrx_word' id='word_1_109' title='bbox 1178 1564 1255 1629; x_wconf 88' lang='lat' dir='ltr'>duos</span> <span class='ocrx_word' id='word_1_110' title='bbox 1278 1586 1393 1649; x_wconf 89' lang='lat' dir='ltr'>pueros</span> 
     </span>
     <span class='ocr_line' id='line_1_13' title="bbox 110 1665 1394 1752; baseline -0.002 -22"><span class='ocrx_word' id='word_1_111' title='bbox 110 1665 310 1730; x_wconf 79' lang='lat' dir='ltr'>&#39;occiderunt</span> <span class='ocrx_word' id='word_1_112' title='bbox 331 1665 486 1749; x_wconf 82' lang='lat' dir='ltr'>episcopi,</span> <span class='ocrx_word' id='word_1_113' title='bbox 512 1669 609 1749; x_wconf 89' lang='lat' dir='ltr'>caput</span> <span class='ocrx_word' id='word_1_114' title='bbox 631 1667 727 1730; x_wconf 87' lang='lat' dir='ltr'>etiam</span> <span class='ocrx_word' id='word_1_115' title='bbox 747 1666 915 1752; x_wconf 84' lang='lat' dir='ltr'>fregerunt</span> <span class='ocrx_word' id='word_1_116' title='bbox 929 1667 1111 1751; x_wconf 76' lang='lat' dir='ltr'>episcop09)</span> <span class='ocrx_word' id='word_1_117' title='bbox 1134 1667 1170 1730; x_wconf 89' lang='lat' dir='ltr'>in</span> <span class='ocrx_word' id='word_1_118' title='bbox 1185 1666 1306 1731; x_wconf 89' lang='lat' dir='ltr'>duabus</span> <span class='ocrx_word' id='word_1_119' title='bbox 1322 1687 1394 1750; x_wconf 91' lang='lat' dir='ltr'>par-</span> 
     </span>
     <span class='ocr_line' id='line_1_14' title="bbox 121 1767 1393 1850; baseline -0.001 -19"><span class='ocrx_word' id='word_1_120' title='bbox 121 1768 221 1849; x_wconf 78' lang='lat' dir='ltr'>tibus,</span> <span class='ocrx_word' id='word_1_121' title='bbox 246 1771 279 1830; x_wconf 88' lang='lat' dir='ltr'>et</span> <span class='ocrx_word' id='word_1_122' title='bbox 299 1788 391 1831; x_wconf 90' lang='lat' dir='ltr'>renes</span> <span class='ocrx_word' id='word_1_123' title='bbox 414 1767 483 1849; x_wconf 89' lang='lat' dir='ltr'>ejus</span> <span class='ocrx_word' id='word_1_124' title='bbox 505 1767 752 1850; x_wconf 86' lang='lat' dir='ltr'>dissipaverunt,</span> <span class='ocrx_word' id='word_1_125' title='bbox 776 1772 809 1832; x_wconf 92' lang='lat' dir='ltr'>et</span> <span class='ocrx_word' id='word_1_126' title='bbox 831 1769 893 1833; x_wconf 91' lang='lat' dir='ltr'>nisi</span> <span class='ocrx_word' id='word_1_127' title='bbox 916 1767 1133 1833; x_wconf 87' lang='lat' dir='ltr'>misericordia</span> <span class='ocrx_word' id='word_1_128' title='bbox 1146 1767 1208 1832; x_wconf 90' lang='lat' dir='ltr'>Dei</span> <span class='ocrx_word' id='word_1_129' title='bbox 1231 1771 1263 1831; x_wconf 92' lang='lat' dir='ltr'>et</span> <span class='ocrx_word' id='word_1_130' title='bbox 1285 1768 1393 1832; x_wconf 89' lang='lat' dir='ltr'>defen·</span> 
     </span>
     <span class='ocr_line' id='line_1_15' title="bbox 122 1868 1393 1953; baseline -0.002 -19"><span class='ocrx_word' id='word_1_131' title='bbox 122 1870 171 1934; x_wconf 90' lang='lat' dir='ltr'>sio</span> <span class='ocrx_word' id='word_1_132' title='bbox 200 1869 304 1933; x_wconf 87' lang='lat' dir='ltr'>sancti</span> <span class='ocrx_word' id='word_1_133' title='bbox 331 1868 432 1932; x_wconf 89' lang='lat' dir='ltr'>Marci</span> <span class='ocrx_word' id='word_1_134' title='bbox 463 1868 661 1953; x_wconf 82' lang='lat' dir='ltr'>basilicae¹⁰)</span> <span class='ocrx_word' id='word_1_135' title='bbox 696 1871 830 1934; x_wconf 88' lang='lat' dir='ltr'>eruisset</span> <span class='ocrx_word' id='word_1_136' title='bbox 861 1892 914 1934; x_wconf 91' lang='lat' dir='ltr'>eos</span> <span class='ocrx_word' id='word_1_137' title='bbox 948 1870 986 1933; x_wconf 91' lang='lat' dir='ltr'>de</span> <span class='ocrx_word' id='word_1_138' title='bbox 1014 1869 1161 1934; x_wconf 90' lang='lat' dir='ltr'>manibus</span> <span class='ocrx_word' id='word_1_139' title='bbox 1190 1891 1313 1953; x_wconf 83' lang='lat' dir='ltr'>eorum,</span> <span class='ocrx_word' id='word_1_140' title='bbox 1349 1870 1393 1933; x_wconf 90' lang='lat' dir='ltr'>ibi</span> 
     </span>
     <span class='ocr_line' id='line_1_16' title="bbox 120 1970 1394 2056; baseline 0 -21"><span class='ocrx_word' id='word_1_141' title='bbox 120 1971 296 2056; x_wconf 88' lang='lat' dir='ltr'>perierant.</span> <span class='ocrx_word' id='word_1_142' title='bbox 328 1970 469 2034; x_wconf 80' lang='lat' dir='ltr'>liberati</span> <span class='ocrx_word' id='word_1_143' title='bbox 492 1975 568 2033; x_wconf 90' lang='lat' dir='ltr'>sunt</span> <span class='ocrx_word' id='word_1_144' title='bbox 581 1973 700 2054; x_wconf 89' lang='lat' dir='ltr'>tamen,</span> <span class='ocrx_word' id='word_1_145' title='bbox 724 1971 879 2056; x_wconf 91' lang='lat' dir='ltr'>quomodo</span> <span class='ocrx_word' id='word_1_146' title='bbox 894 1972 1021 2054; x_wconf 90' lang='lat' dir='ltr'>dieitur,</span> <span class='ocrx_word' id='word_1_147' title='bbox 1045 1972 1120 2056; x_wconf 88' lang='lat' dir='ltr'>quia</span> <span class='ocrx_word' id='word_1_148' title='bbox 1135 1993 1249 2036; x_wconf 91' lang='lat' dir='ltr'>manus</span> <span class='ocrx_word' id='word_1_149' title='bbox 1264 1971 1394 2054; x_wconf 89' lang='lat' dir='ltr'>publica</span> 
     </span>
     <span class='ocr_line' id='line_1_17' title="bbox 123 2073 774 2159; baseline -0.002 -21"><span class='ocrx_word' id='word_1_150' title='bbox 123 2073 326 2159; x_wconf 89' lang='lat' dir='ltr'>supervenit,</span> <span class='ocrx_word' id='word_1_151' title='bbox 350 2094 430 2155; x_wconf 88' lang='lat' dir='ltr'>quae</span> <span class='ocrx_word' id='word_1_152' title='bbox 453 2093 506 2135; x_wconf 91' lang='lat' dir='ltr'>eos</span> <span class='ocrx_word' id='word_1_153' title='bbox 528 2094 637 2137; x_wconf 91' lang='lat' dir='ltr'>eruere</span> <span class='ocrx_word' id='word_1_154' title='bbox 659 2076 716 2156; x_wconf 90' lang='lat' dir='ltr'>pot</span> <span class='ocrx_word' id='word_1_155' title='bbox 740 2074 774 2137; x_wconf 85' lang='lat' dir='ltr'>&#39;t</span> 
     </span>
    </p>

    <p class='ocr_par' dir='ltr' id='par_1_3' title="bbox 122 2174 1394 2463">
     <span class='ocr_line' id='line_1_18' title="bbox 209 2174 1392 2259; baseline 0.001 -20"><span class='ocrx_word' id='word_1_156' title='bbox 209 2177 239 2239; x_wconf 88' lang='grc'>4.</span> <span class='ocrx_word' id='word_1_157' title='bbox 276 2175 343 2238; x_wconf 90' lang='lat' dir='ltr'>lsta</span> <span class='ocrx_word' id='word_1_158' title='bbox 370 2177 402 2237; x_wconf 91' lang='lat' dir='ltr'>et</span> <span class='ocrx_word' id='word_1_159' title='bbox 423 2174 557 2238; x_wconf 88' lang='lat' dir='ltr'>istorum</span> <span class='ocrx_word' id='word_1_160' title='bbox 586 2175 853 2241; x_wconf 81' lang='lat' dir='ltr'>concinnamenta</span> <span class='ocrx_word' id='word_1_161' title='bbox 875 2175 1028 2240; x_wconf 88' lang='lat' dir='ltr'>Dorothei</span> <span class='ocrx_word' id='word_1_162' title='bbox 1056 2175 1180 2240; x_wconf 89' lang='lat' dir='ltr'>malitia</span> <span class='ocrx_word' id='word_1_163' title='bbox 1210 2175 1392 2259; x_wconf 84' lang='lat' dir='ltr'>fabricavit,</span> 
     </span>
     <span class='ocr_line' id='line_1_19' title="bbox 122 2275 1393 2362; baseline -0.002 -21"><span class='ocrx_word' id='word_1_164' title='bbox 122 2277 179 2362; x_wconf 94' lang='lat' dir='ltr'>qui</span> <span class='ocrx_word' id='word_1_165' title='bbox 202 2279 278 2341; x_wconf 89' lang='lat' dir='ltr'>ante</span> <span class='ocrx_word' id='word_1_166' title='bbox 300 2275 440 2359; x_wconf 87' lang='lat' dir='ltr'>biduum,</span> <span class='ocrx_word' id='word_1_167' title='bbox 464 2297 561 2359; x_wconf 91' lang='lat' dir='ltr'>quam</span> <span class='ocrx_word' id='word_1_168' title='bbox 582 2277 788 2360; x_wconf 86' lang='lat' dir='ltr'>pervenirent</span> <span class='ocrx_word' id='word_1_169' title='bbox 810 2276 912 2340; x_wconf 86' lang='lat' dir='ltr'>nostri</span> <span class='ocrx_word' id='word_1_170' title='bbox 928 2276 1199 2359; x_wconf 83' lang='lat' dir='ltr'>Thessalonicam,</span> <span class='ocrx_word' id='word_1_171' title='bbox 1223 2276 1393 2360; x_wconf 89' lang='lat' dir='ltr'>superduc</span> 
     </span>
     <span class='ocr_line' id='line_1_20' title="bbox 122 2377 1394 2463; baseline -0.002 -20"><span class='ocrx_word' id='word_1_172' title='bbox 122 2377 481 2461; x_wconf 79' lang='lat' dir='ltr'>milliabaptizsvit11),</span> <span class='ocrx_word' id='word_1_173' title='bbox 506 2382 706 2444; x_wconf 88' lang='lat' dir='ltr'>sacramenta</span> <span class='ocrx_word' id='word_1_174' title='bbox 728 2381 822 2442; x_wconf 91' lang='lat' dir='ltr'>tanta</span> <span class='ocrx_word' id='word_1_175' title='bbox 844 2379 988 2463; x_wconf 87' lang='lat' dir='ltr'>erogavit</span> <span class='ocrx_word' id='word_1_176' title='bbox 1010 2379 1045 2442; x_wconf 91' lang='lat' dir='ltr'>in</span> <span class='ocrx_word' id='word_1_177' title='bbox 1067 2379 1201 2462; x_wconf 90' lang='lat' dir='ltr'>populo,</span> <span class='ocrx_word' id='word_1_178' title='bbox 1224 2400 1305 2463; x_wconf 88' lang='lat' dir='ltr'>quae</span> <span class='ocrx_word' id='word_1_179' title='bbox 1320 2400 1394 2462; x_wconf 91' lang='lat' dir='ltr'>pos-</span> 
     </span>
    </p>
   </div>
   <div class='ocr_carea' id='block_1_3' title="bbox 120 2562 1400 5012">
    <p class='ocr_par' dir='ltr' id='par_1_4' title="bbox 121 2562 1395 2805">
     <span class='ocr_line' id='line_1_21' title="bbox 192 2562 1395 2634; baseline 0.001 -17"><span class='ocrx_word' id='word_1_180' title='bbox 192 2568 213 2632; x_wconf 71' lang='grc'>6)</span> <span class='ocrx_word' id='word_1_181' title='bbox 232 2565 276 2617; x_wconf 87' lang='lat' dir='ltr'>Ita</span> <span class='ocrx_word' id='word_1_182' title='bbox 293 2562 337 2617; x_wconf 68' lang='lat'>(3¹.</span> <span class='ocrx_word' id='word_1_183' title='bbox 373 2564 439 2617; x_wconf 86' lang='lat' dir='ltr'>beo</span> <span class='ocrx_word' id='word_1_184' title='bbox 456 2572 536 2629; x_wconf 82' lang='lat' dir='ltr'>solos,</span> <span class='ocrx_word' id='word_1_185' title='bbox 561 2565 637 2633; x_wconf 90' lang='lat' dir='ltr'>quod</span> <span class='ocrx_word' id='word_1_186' title='bbox 654 2565 678 2618; x_wconf 90' lang='lat' dir='ltr'>si</span> <span class='ocrx_word' id='word_1_187' title='bbox 695 2564 862 2619; x_wconf 88' lang='lat' dir='ltr'>auctoritate</span> <span class='ocrx_word' id='word_1_188' title='bbox 880 2566 933 2618; x_wconf 87' lang='lat' dir='ltr'>vet.</span> <span class='ocrx_word' id='word_1_189' title='bbox 954 2564 1014 2618; x_wconf 91' lang='lat' dir='ltr'>cod.</span> <span class='ocrx_word' id='word_1_190' title='bbox 1033 2565 1193 2633; x_wconf 84' lang='lat' dir='ltr'>fulciretur,</span> <span class='ocrx_word' id='word_1_191' title='bbox 1212 2564 1286 2619; x_wconf 91' lang='lat' dir='ltr'>haud</span> <span class='ocrx_word' id='word_1_192' title='bbox 1300 2564 1395 2634; x_wconf 87' lang='lat' dir='ltr'>displi-</span> 
     </span>
     <span class='ocr_line' id='line_1_22' title="bbox 122 2647 1393 2715; baseline -0.002 -11"><span class='ocrx_word' id='word_1_193' title='bbox 122 2653 208 2704; x_wconf 88' lang='lat' dir='ltr'>ceret.</span> <span class='ocrx_word' id='word_1_194' title='bbox 247 2647 421 2715; x_wconf 86' lang='lat' dir='ltr'>Quamquam</span> <span class='ocrx_word' id='word_1_195' title='bbox 444 2647 563 2702; x_wconf 88' lang='lat' dir='ltr'>librariis</span> <span class='ocrx_word' id='word_1_196' title='bbox 586 2648 731 2703; x_wconf 88' lang='lat' dir='ltr'>familiaris</span> <span class='ocrx_word' id='word_1_197' title='bbox 753 2651 796 2703; x_wconf 89' lang='lat' dir='ltr'>est</span> <span class='ocrx_word' id='word_1_198' title='bbox 818 2648 928 2703; x_wconf 89' lang='lat' dir='ltr'>litterae</span> <span class='ocrx_word' id='word_1_199' title='bbox 947 2649 1007 2704; x_wconf 92' lang='lat' dir='ltr'>oin</span> <span class='ocrx_word' id='word_1_200' title='bbox 1024 2672 1039 2703; x_wconf 88' lang='lat' dir='ltr'>u</span> <span class='ocrx_word' id='word_1_201' title='bbox 1057 2648 1183 2704; x_wconf 84' lang='lat' dir='ltr'>mutatis.</span> <span class='ocrx_word' id='word_1_202' title='bbox 1207 2680 1240 2690; x_wconf 91' lang='lat'>—</span> <span class='ocrx_word' id='word_1_203' title='bbox 1262 2650 1327 2704; x_wconf 86' lang='lat' dir='ltr'>Mox</span> <span class='ocrx_word' id='word_1_204' title='bbox 1351 2650 1393 2704; x_wconf 93' lang='lat' dir='ltr'>ed.</span> 
     </span>
     <span class='ocr_line' id='line_1_23' title="bbox 121 2738 545 2805; baseline -0.002 -18"><span class='ocrx_word' id='word_1_205' title='bbox 121 2742 230 2805; x_wconf 83' lang='lat' dir='ltr'>primum</span> <span class='ocrx_word' id='word_1_206' title='bbox 247 2745 374 2788; x_wconf 80' lang='lat' dir='ltr'>certamem</span> <span class='ocrx_word' id='word_1_207' title='bbox 447 2738 545 2791; x_wconf 83' lang='lat' dir='ltr'>debent.</span> 
     </span>
    </p>

    <p class='ocr_par' dir='ltr' id='par_1_5' title="bbox 120 2817 1394 2974">
     <span class='ocr_line' id='line_1_24' title="bbox 192 2817 1394 2887; baseline 0 -15"><span class='ocrx_word' id='word_1_208' title='bbox 192 2822 214 2887; x_wconf 79' lang='lat'>¹)</span> <span class='ocrx_word' id='word_1_209' title='bbox 232 2818 265 2872; x_wconf 93' lang='lat' dir='ltr'>H.</span> <span class='ocrx_word' id='word_1_210' title='bbox 286 2834 309 2871; x_wconf 86' lang='lat' dir='ltr'>e.</span> <span class='ocrx_word' id='word_1_211' title='bbox 333 2823 477 2872; x_wconf 79' lang='lat' dir='ltr'>recedemus</span> <span class='ocrx_word' id='word_1_212' title='bbox 499 2827 524 2871; x_wconf 81' lang='lat' dir='ltr'>et</span> <span class='ocrx_word' id='word_1_213' title='bbox 546 2822 672 2872; x_wconf 78' lang='lat' dir='ltr'>abibimus.</span> <span class='ocrx_word' id='word_1_214' title='bbox 714 2817 849 2884; x_wconf 80' lang='lat' dir='ltr'>Quocirca</span> <span class='ocrx_word' id='word_1_215' title='bbox 870 2820 942 2873; x_wconf 88' lang='lat' dir='ltr'>male</span> <span class='ocrx_word' id='word_1_216' title='bbox 964 2819 994 2872; x_wconf 92' lang='lat' dir='ltr'>in</span> <span class='ocrx_word' id='word_1_217' title='bbox 1016 2822 1042 2874; x_wconf 63' lang='lat' dir='ltr'>cl</span> <span class='ocrx_word' id='word_1_218' title='bbox 1065 2836 1123 2887; x_wconf 89' lang='lat' dir='ltr'>seq.</span> <span class='ocrx_word' id='word_1_219' title='bbox 1148 2820 1329 2874; x_wconf 88' lang='lat' dir='ltr'>substitutum</span> <span class='ocrx_word' id='word_1_220' title='bbox 1353 2820 1394 2873; x_wconf 87' lang='lat' dir='ltr'>est</span> 
     </span>
     <span class='ocr_line' id='line_1_25' title="bbox 120 2908 357 2974; baseline -0.021 -15"><span class='ocrx_word' id='word_1_221' title='bbox 120 2908 357 2974; x_wconf 81' lang='lat' dir='ltr'>perambulavimus.</span> 
     </span>
    </p>

    <p class='ocr_par' dir='ltr' id='par_1_6' title="bbox 124 2986 1395 3144">
     <span class='ocr_line' id='line_1_26' title="bbox 194 2986 1395 3057; baseline 0.002 -16"><span class='ocrx_word' id='word_1_222' title='bbox 194 2990 215 3056; x_wconf 65' lang='grc' dir='ltr'>Β)</span> <span class='ocrx_word' id='word_1_223' title='bbox 233 2988 300 3041; x_wconf 90' lang='lat' dir='ltr'>bcc</span> <span class='ocrx_word' id='word_1_224' title='bbox 317 2993 358 3044; x_wconf 81' lang='lat' dir='ltr'>e&#39;tr&#39;.</span> <span class='ocrx_word' id='word_1_225' title='bbox 393 2986 580 3042; x_wconf 84' lang='lat' dir='ltr'>Retinendum</span> <span class='ocrx_word' id='word_1_226' title='bbox 604 3005 665 3042; x_wconf 90' lang='lat' dir='ltr'>eum</span> <span class='ocrx_word' id='word_1_227' title='bbox 684 2988 719 3043; x_wconf 85' lang='lat' dir='ltr'>G¹</span> <span class='ocrx_word' id='word_1_228' title='bbox 732 2989 808 3044; x_wconf 82' lang='lat' dir='ltr'>G³a¹</span> <span class='ocrx_word' id='word_1_229' title='bbox 826 2995 879 3055; x_wconf 77' lang='lat' dir='ltr'>ubi,</span> <span class='ocrx_word' id='word_1_230' title='bbox 902 2989 955 3044; x_wconf 90' lang='lat' dir='ltr'>hoc</span> <span class='ocrx_word' id='word_1_231' title='bbox 973 2991 1027 3043; x_wconf 90' lang='lat' dir='ltr'>est:</span> <span class='ocrx_word' id='word_1_232' title='bbox 1052 3006 1137 3057; x_wconf 91' lang='lat' dir='ltr'>quum</span> <span class='ocrx_word' id='word_1_233' title='bbox 1158 3006 1211 3044; x_wconf 91' lang='lat' dir='ltr'>nee</span> <span class='ocrx_word' id='word_1_234' title='bbox 1227 2991 1305 3044; x_wconf 88' lang='lat' dir='ltr'>mota</span> <span class='ocrx_word' id='word_1_235' title='bbox 1323 2991 1395 3044; x_wconf 90' lang='lat' dir='ltr'>esset</span> 
     </span>
     <span class='ocr_line' id='line_1_27' title="bbox 124 3071 1177 3144; baseline 0.001 -17"><span class='ocrx_word' id='word_1_236' title='bbox 124 3072 328 3138; x_wconf 85' lang='lat' dir='ltr'>controversia,</span> <span class='ocrx_word' id='word_1_237' title='bbox 346 3088 397 3126; x_wconf 91' lang='lat' dir='ltr'>nec</span> <span class='ocrx_word' id='word_1_238' title='bbox 414 3071 516 3139; x_wconf 90' lang='lat' dir='ltr'>injuria</span> <span class='ocrx_word' id='word_1_239' title='bbox 534 3073 642 3139; x_wconf 87' lang='lat' dir='ltr'>secuta,</span> <span class='ocrx_word' id='word_1_240' title='bbox 661 3091 716 3141; x_wconf 90' lang='lat' dir='ltr'>qua</span> <span class='ocrx_word' id='word_1_241' title='bbox 733 3074 852 3144; x_wconf 88' lang='lat' dir='ltr'>populus</span> <span class='ocrx_word' id='word_1_242' title='bbox 869 3074 1015 3143; x_wconf 87' lang='lat' dir='ltr'>provocari</span> <span class='ocrx_word' id='word_1_243' title='bbox 1032 3073 1177 3144; x_wconf 90' lang='lat' dir='ltr'>potuisset.</span> 
     </span>
    </p>

    <p class='ocr_par' dir='ltr' id='par_1_7' title="bbox 124 3156 1396 3395">
     <span class='ocr_line' id='line_1_28' title="bbox 194 3156 1395 3228; baseline 0.002 -17"><span class='ocrx_word' id='word_1_244' title='bbox 194 3160 215 3227; x_wconf 65' lang='grc' dir='ltr'>ο)</span> <span class='ocrx_word' id='word_1_245' title='bbox 234 3156 297 3211; x_wconf 85' lang='lat' dir='ltr'>Scil.</span> <span class='ocrx_word' id='word_1_246' title='bbox 316 3162 427 3211; x_wconf 77' lang='lat' dir='ltr'>detonsi</span> <span class='ocrx_word' id='word_1_247' title='bbox 443 3165 540 3225; x_wconf 69' lang='lat' dir='ltr'>deputo,</span> <span class='ocrx_word' id='word_1_248' title='bbox 564 3158 596 3210; x_wconf 89' lang='lat' dir='ltr'>ut</span> <span class='ocrx_word' id='word_1_249' title='bbox 613 3157 698 3211; x_wconf 92' lang='lat' dir='ltr'>etiam</span> <span class='ocrx_word' id='word_1_250' title='bbox 715 3158 791 3212; x_wconf 90' lang='lat' dir='ltr'>fama</span> <span class='ocrx_word' id='word_1_251' title='bbox 809 3158 940 3227; x_wconf 84' lang='lat' dir='ltr'>vulgante</span> <span class='ocrx_word' id='word_1_252' title='bbox 959 3157 1085 3212; x_wconf 85' lang='lat' dir='ltr'>didicisse</span> <span class='ocrx_word' id='word_1_253' title='bbox 1104 3176 1132 3212; x_wconf 91' lang='lat' dir='ltr'>se</span> <span class='ocrx_word' id='word_1_254' title='bbox 1150 3158 1299 3214; x_wconf 88' lang='lat' dir='ltr'>Hormisda</span> <span class='ocrx_word' id='word_1_255' title='bbox 1316 3176 1395 3228; x_wconf 89' lang='lat' dir='ltr'>supe-</span> 
     </span>
     <span class='ocr_line' id='line_1_29' title="bbox 124 3241 1396 3312; baseline -0.002 -14"><span class='ocrx_word' id='word_1_256' title='bbox 124 3244 184 3298; x_wconf 87' lang='lat' dir='ltr'>rius</span> <span class='ocrx_word' id='word_1_257' title='bbox 203 3241 284 3312; x_wconf 87' lang='lat' dir='ltr'>epist.</span> <span class='ocrx_word' id='word_1_258' title='bbox 303 3247 335 3296; x_wconf 81' lang='grc'>97</span> <span class='ocrx_word' id='word_1_259' title='bbox 353 3260 379 3295; x_wconf 91' lang='lat' dir='ltr'>n.</span> <span class='ocrx_word' id='word_1_260' title='bbox 401 3250 412 3296; x_wconf 93' lang='lat' dir='ltr'>l</span> <span class='ocrx_word' id='word_1_261' title='bbox 433 3241 551 3312; x_wconf 85' lang='lat' dir='ltr'>scripsit.</span> <span class='ocrx_word' id='word_1_262' title='bbox 589 3241 667 3306; x_wconf 87' lang='lat' dir='ltr'>Quod</span> <span class='ocrx_word' id='word_1_263' title='bbox 685 3245 779 3296; x_wconf 88' lang='lat' dir='ltr'>autem</span> <span class='ocrx_word' id='word_1_264' title='bbox 798 3243 878 3311; x_wconf 87' lang='lat' dir='ltr'>ajunt</span> <span class='ocrx_word' id='word_1_265' title='bbox 896 3245 980 3311; x_wconf 87' lang='lat' dir='ltr'>caput</span> <span class='ocrx_word' id='word_1_266' title='bbox 997 3242 1131 3297; x_wconf 88' lang='lat' dir='ltr'>Johannis</span> <span class='ocrx_word' id='word_1_267' title='bbox 1154 3250 1179 3297; x_wconf 83' lang='lat' dir='ltr'>r&#39;a</span> <span class='ocrx_word' id='word_1_268' title='bbox 1198 3247 1295 3298; x_wconf 83' lang='lat' dir='ltr'>duatus</span> <span class='ocrx_word' id='word_1_269' title='bbox 1310 3250 1396 3312; x_wconf 79' lang='lat' dir='ltr'>parri·</span> 
     </span>
     <span class='ocr_line' id='line_1_30' title="bbox 124 3327 1251 3395; baseline -0.003 -12"><span class='ocrx_word' id='word_1_270' title='bbox 124 3334 172 3383; x_wconf 82' lang='lat' dir='ltr'>bus</span> <span class='ocrx_word' id='word_1_271' title='bbox 190 3330 257 3395; x_wconf 90' lang='lat' dir='ltr'>(non</span> <span class='ocrx_word' id='word_1_272' title='bbox 274 3333 299 3380; x_wconf 83' lang='lat' dir='ltr'>m</span> <span class='ocrx_word' id='word_1_273' title='bbox 317 3332 381 3381; x_wconf 78' lang='lat' dir='ltr'>duas</span> <span class='ocrx_word' id='word_1_274' title='bbox 397 3329 497 3394; x_wconf 82' lang='lat' dir='ltr'>partes)</span> <span class='ocrx_word' id='word_1_275' title='bbox 513 3332 636 3393; x_wconf 78' lang='lat' dir='ltr'>fractum,</span> <span class='ocrx_word' id='word_1_276' title='bbox 654 3327 707 3380; x_wconf 89' lang='lat' dir='ltr'>hoc</span> <span class='ocrx_word' id='word_1_277' title='bbox 725 3330 767 3381; x_wconf 88' lang='lat' dir='ltr'>est</span> <span class='ocrx_word' id='word_1_278' title='bbox 785 3327 892 3381; x_wconf 91' lang='lat' dir='ltr'>duobus</span> <span class='ocrx_word' id='word_1_279' title='bbox 911 3327 1069 3382; x_wconf 85' lang='lat' dir='ltr'>vulneribus</span> <span class='ocrx_word' id='word_1_280' title='bbox 1087 3329 1251 3384; x_wconf 86' lang='lat' dir='ltr'>confossum.</span> 
     </span>
    </p>

    <p class='ocr_par' dir='ltr' id='par_1_8' title="bbox 124 3410 1396 3738">
     <span class='ocr_line' id='line_1_31' title="bbox 197 3410 1396 3482; baseline 0.001 -16"><span class='ocrx_word' id='word_1_281' title='bbox 197 3415 228 3481; x_wconf 87' lang='lat'>¹⁰)</span> <span class='ocrx_word' id='word_1_282' title='bbox 247 3412 378 3467; x_wconf 85' lang='lat' dir='ltr'>Testatur</span> <span class='ocrx_word' id='word_1_283' title='bbox 395 3411 545 3466; x_wconf 88' lang='lat' dir='ltr'>Hormisda</span> <span class='ocrx_word' id='word_1_284' title='bbox 563 3410 643 3481; x_wconf 89' lang='lat' dir='ltr'>epist.</span> <span class='ocrx_word' id='word_1_285' title='bbox 664 3417 695 3465; x_wconf 81' lang='grc'>97</span> <span class='ocrx_word' id='word_1_286' title='bbox 714 3429 742 3467; x_wconf 89' lang='lat' dir='ltr'>n.</span> <span class='ocrx_word' id='word_1_287' title='bbox 762 3419 790 3478; x_wconf 86' lang='lat'>1,</span> <span class='ocrx_word' id='word_1_288' title='bbox 812 3411 980 3474; x_wconf 76' lang='lat' dir='ltr'>iohannem,</span> <span class='ocrx_word' id='word_1_289' title='bbox 1000 3430 1085 3482; x_wconf 90' lang='lat' dir='ltr'>quum</span> <span class='ocrx_word' id='word_1_290' title='bbox 1104 3429 1198 3467; x_wconf 89' lang='lat' dir='ltr'>caesus</span> <span class='ocrx_word' id='word_1_291' title='bbox 1216 3413 1328 3479; x_wconf 89' lang='lat' dir='ltr'>fuisset,</span> <span class='ocrx_word' id='word_1_292' title='bbox 1351 3414 1396 3467; x_wconf 82' lang='lat' dir='ltr'>vix</span> 
     </span>
     <span class='ocr_line' id='line_1_32' title="bbox 124 3496 1395 3568; baseline -0.002 -14"><span class='ocrx_word' id='word_1_293' title='bbox 124 3504 288 3554; x_wconf 80' lang='lat' dir='ltr'>sacrosancti</span> <span class='ocrx_word' id='word_1_294' title='bbox 307 3503 388 3564; x_wconf 74' lang='lat' dir='ltr'>sorra</span> <span class='ocrx_word' id='word_1_295' title='bbox 409 3503 553 3551; x_wconf 78' lang='lat' dir='ltr'>reverentia</span> <span class='ocrx_word' id='word_1_296' title='bbox 575 3501 725 3550; x_wconf 69' lang='lat' dir='ltr'>audientum</span> <span class='ocrx_word' id='word_1_297' title='bbox 747 3496 872 3551; x_wconf 86' lang='lat' dir='ltr'>evasisse.</span> <span class='ocrx_word' id='word_1_298' title='bbox 917 3497 1041 3565; x_wconf 90' lang='lat' dir='ltr'>lpsemet</span> <span class='ocrx_word' id='word_1_299' title='bbox 1056 3497 1197 3552; x_wconf 80' lang='lat' dir='ltr'>lohannes</span> <span class='ocrx_word' id='word_1_300' title='bbox 1219 3497 1292 3552; x_wconf 87' lang='lat' dir='ltr'>infra</span> <span class='ocrx_word' id='word_1_301' title='bbox 1315 3497 1395 3568; x_wconf 84' lang='lat' dir='ltr'>epist.</span> 
     </span>
     <span class='ocr_line' id='line_1_33' title="bbox 126 3580 1396 3650; baseline 0 -13"><span class='ocrx_word' id='word_1_302' title='bbox 126 3590 177 3638; x_wconf 82' lang='lat'>102</span> <span class='ocrx_word' id='word_1_303' title='bbox 194 3601 222 3638; x_wconf 90' lang='lat' dir='ltr'>n.</span> <span class='ocrx_word' id='word_1_304' title='bbox 242 3590 258 3638; x_wconf 87' lang='lat'>3</span> <span class='ocrx_word' id='word_1_305' title='bbox 275 3602 303 3637; x_wconf 86' lang='lat' dir='ltr'>se</span> <span class='ocrx_word' id='word_1_306' title='bbox 325 3589 351 3636; x_wconf 83' lang='lat' dir='ltr'>in</span> <span class='ocrx_word' id='word_1_307' title='bbox 373 3587 523 3650; x_wconf 77' lang='lat' dir='ltr'>baptisterio</span> <span class='ocrx_word' id='word_1_308' title='bbox 541 3580 735 3635; x_wconf 86' lang='lat' dir='ltr'>absconditum</span> <span class='ocrx_word' id='word_1_309' title='bbox 753 3581 856 3636; x_wconf 86' lang='lat' dir='ltr'>scribit.</span> <span class='ocrx_word' id='word_1_310' title='bbox 894 3581 964 3636; x_wconf 86' lang='lat' dir='ltr'>Hine</span> <span class='ocrx_word' id='word_1_311' title='bbox 982 3598 1047 3637; x_wconf 89' lang='lat' dir='ltr'>vero</span> <span class='ocrx_word' id='word_1_312' title='bbox 1069 3581 1207 3650; x_wconf 89' lang='lat' dir='ltr'>sequitur,</span> <span class='ocrx_word' id='word_1_313' title='bbox 1229 3586 1260 3637; x_wconf 92' lang='lat' dir='ltr'>nt</span> <span class='ocrx_word' id='word_1_314' title='bbox 1277 3583 1330 3636; x_wconf 93' lang='lat' dir='ltr'>hoc</span> <span class='ocrx_word' id='word_1_315' title='bbox 1348 3583 1396 3637; x_wconf 91' lang='lat' dir='ltr'>ba-</span> 
     </span>
     <span class='ocr_line' id='line_1_34' title="bbox 125 3665 744 3738; baseline -0.006 -16"><span class='ocrx_word' id='word_1_316' title='bbox 125 3667 288 3738; x_wconf 89' lang='lat' dir='ltr'>ptisterium</span> <span class='ocrx_word' id='word_1_317' title='bbox 305 3668 389 3722; x_wconf 88' lang='lat' dir='ltr'>aedes</span> <span class='ocrx_word' id='word_1_318' title='bbox 407 3685 427 3720; x_wconf 90' lang='lat' dir='ltr'>s.</span> <span class='ocrx_word' id='word_1_319' title='bbox 446 3667 540 3720; x_wconf 89' lang='lat' dir='ltr'>Marco</span> <span class='ocrx_word' id='word_1_320' title='bbox 558 3683 637 3721; x_wconf 86' lang='lat' dir='ltr'>sacra</span> <span class='ocrx_word' id='word_1_321' title='bbox 653 3665 744 3720; x_wconf 82' lang='lat' dir='ltr'>fuerit.</span> 
     </span>
    </p>

    <p class='ocr_par' dir='ltr' id='par_1_9' title="bbox 125 3750 1400 5012">
     <span class='ocr_line' id='line_1_35' title="bbox 198 3750 1397 3820; baseline -0.001 -13"><span class='ocrx_word' id='word_1_322' title='bbox 198 3755 229 3820; x_wconf 91' lang='lat'>¹¹)</span> <span class='ocrx_word' id='word_1_323' title='bbox 247 3752 393 3807; x_wconf 88' lang='lat' dir='ltr'>Notandus</span> <span class='ocrx_word' id='word_1_324' title='bbox 411 3750 456 3804; x_wconf 90' lang='lat' dir='ltr'>hic</span> <span class='ocrx_word' id='word_1_325' title='bbox 473 3751 561 3817; x_wconf 87' lang='lat' dir='ltr'>locus,</span> <span class='ocrx_word' id='word_1_326' title='bbox 580 3763 613 3804; x_wconf 84' lang='lat' dir='ltr'>ae</span> <span class='ocrx_word' id='word_1_327' title='bbox 630 3750 720 3820; x_wconf 92' lang='lat' dir='ltr'>primo</span> <span class='ocrx_word' id='word_1_328' title='bbox 738 3751 928 3817; x_wconf 84' lang='lat' dir='ltr'>recolendum,</span> <span class='ocrx_word' id='word_1_329' title='bbox 946 3752 1101 3806; x_wconf 85' lang='lat' dir='ltr'>lohannem</span> <span class='ocrx_word' id='word_1_330' title='bbox 1114 3770 1177 3806; x_wconf 89' lang='lat' dir='ltr'>eum</span> <span class='ocrx_word' id='word_1_331' title='bbox 1188 3752 1269 3807; x_wconf 90' lang='lat' dir='ltr'>sociis</span> <span class='ocrx_word' id='word_1_332' title='bbox 1281 3752 1397 3807; x_wconf 89' lang='lat' dir='ltr'>Thessa·</span> 
     </span>
     <span class='ocr_line' id='line_1_36' title="bbox 125 3835 1397 3906; baseline -0.002 -14"><span class='ocrx_word' id='word_1_333' title='bbox 125 3837 249 3892; x_wconf 87' lang='lat' dir='ltr'>lonieam</span> <span class='ocrx_word' id='word_1_334' title='bbox 273 3837 345 3892; x_wconf 89' lang='lat' dir='ltr'>circa</span> <span class='ocrx_word' id='word_1_335' title='bbox 363 3837 556 3906; x_wconf 87' lang='lat' dir='ltr'>Septembrem</span> <span class='ocrx_word' id='word_1_336' title='bbox 577 3835 621 3889; x_wconf 84' lang='lat' dir='ltr'>vel</span> <span class='ocrx_word' id='word_1_337' title='bbox 639 3837 795 3904; x_wconf 86' lang='lat' dir='ltr'>Augustum</span> <span class='ocrx_word' id='word_1_338' title='bbox 812 3835 936 3905; x_wconf 89' lang='lat' dir='ltr'>petiisse,</span> <span class='ocrx_word' id='word_1_339' title='bbox 959 3836 1085 3904; x_wconf 86' lang='lat' dir='ltr'>adeoque</span> <span class='ocrx_word' id='word_1_340' title='bbox 1106 3838 1150 3893; x_wconf 91' lang='lat' dir='ltr'>tot</span> <span class='ocrx_word' id='word_1_341' title='bbox 1172 3837 1330 3892; x_wconf 89' lang='lat' dir='ltr'>hominibus</span> <span class='ocrx_word' id='word_1_342' title='bbox 1348 3837 1397 3891; x_wconf 93' lang='lat' dir='ltr'>ba·</span> 
     </span>
     <span class='ocr_line' id='line_1_37' title="bbox 126 3914 1397 3993; baseline -0.002 -17"><span class='ocrx_word' id='word_1_343' title='bbox 126 3914 262 3993; x_wconf 87' lang='lat' dir='ltr'>ptismum</span> <span class='ocrx_word' id='word_1_344' title='bbox 285 3924 364 3976; x_wconf 83' lang='lat' dir='ltr'>extra</span> <span class='ocrx_word' id='word_1_345' title='bbox 385 3922 492 3976; x_wconf 87' lang='lat' dir='ltr'>Pascha</span> <span class='ocrx_word' id='word_1_346' title='bbox 515 3924 544 3975; x_wconf 91' lang='lat' dir='ltr'>et</span> <span class='ocrx_word' id='word_1_347' title='bbox 561 3921 745 3975; x_wconf 85' lang='lat' dir='ltr'>Pentecosten</span> <span class='ocrx_word' id='word_1_348' title='bbox 769 3921 852 3975; x_wconf 86' lang='lat' dir='ltr'>fuisse</span> <span class='ocrx_word' id='word_1_349' title='bbox 874 3921 1012 3975; x_wconf 87' lang='lat' dir='ltr'>collatum.</span> <span class='ocrx_word' id='word_1_350' title='bbox 1060 3921 1140 3986; x_wconf 88' lang='lat' dir='ltr'>Quod</span> <span class='ocrx_word' id='word_1_351' title='bbox 1162 3921 1397 3991; x_wconf 82' lang='lat' dir='ltr'>quemadmodum</span> 
     </span>
     <span class='ocr_line' id='line_1_38' title="bbox 127 4005 1397 4076; baseline -0.003 -13"><span class='ocrx_word' id='word_1_352' title='bbox 127 4006 295 4072; x_wconf 87' lang='lat' dir='ltr'>obsidionis,</span> <span class='ocrx_word' id='word_1_353' title='bbox 325 4005 525 4076; x_wconf 84' lang='lat' dir='ltr'>persecutionis</span> <span class='ocrx_word' id='word_1_354' title='bbox 549 4005 663 4075; x_wconf 87' lang='lat' dir='ltr'>aliisque</span> <span class='ocrx_word' id='word_1_355' title='bbox 685 4005 860 4074; x_wconf 85' lang='lat' dir='ltr'>temporibus</span> <span class='ocrx_word' id='word_1_356' title='bbox 882 4022 991 4075; x_wconf 88' lang='lat' dir='ltr'>semper</span> <span class='ocrx_word' id='word_1_357' title='bbox 1014 4005 1133 4074; x_wconf 88' lang='lat' dir='ltr'>licitum,</span> <span class='ocrx_word' id='word_1_358' title='bbox 1162 4006 1203 4062; x_wconf 88' lang='lat' dir='ltr'>ita</span> <span class='ocrx_word' id='word_1_359' title='bbox 1229 4024 1315 4075; x_wconf 89' lang='lat' dir='ltr'>quum</span> <span class='ocrx_word' id='word_1_360' title='bbox 1340 4023 1397 4060; x_wconf 92' lang='lat' dir='ltr'>non</span> 
     </span>
     <span class='ocr_line' id='line_1_39' title="bbox 126 4090 1396 4161; baseline -0.002 -15"><span class='ocrx_word' id='word_1_361' title='bbox 126 4092 307 4146; x_wconf 87' lang='lat' dir='ltr'>imminerent</span> <span class='ocrx_word' id='word_1_362' title='bbox 324 4091 480 4161; x_wconf 90' lang='lat' dir='ltr'>hujusmodi</span> <span class='ocrx_word' id='word_1_363' title='bbox 498 4091 670 4158; x_wconf 85' lang='lat' dir='ltr'>discrimina,</span> <span class='ocrx_word' id='word_1_364' title='bbox 688 4091 860 4160; x_wconf 88' lang='lat' dir='ltr'>prohibitum</span> <span class='ocrx_word' id='word_1_365' title='bbox 877 4090 959 4144; x_wconf 79' lang='lat' dir='ltr'>luisse</span> <span class='ocrx_word' id='word_1_366' title='bbox 978 4090 1079 4145; x_wconf 91' lang='lat' dir='ltr'>docent</span> <span class='ocrx_word' id='word_1_367' title='bbox 1091 4090 1203 4145; x_wconf 83' lang='lat' dir='ltr'>Siricius</span> <span class='ocrx_word' id='word_1_368' title='bbox 1223 4092 1304 4161; x_wconf 86' lang='lat' dir='ltr'>epist.</span> <span class='ocrx_word' id='word_1_369' title='bbox 1317 4097 1331 4143; x_wconf 92' lang='lat'>1</span> <span class='ocrx_word' id='word_1_370' title='bbox 1345 4096 1396 4144; x_wconf 69' lang='lat' dir='ltr'>aa</span> 
     </span>
     <span class='ocr_line' id='line_1_40' title="bbox 127 4174 1396 4245; baseline -0.003 -13"><span class='ocrx_word' id='word_1_371' title='bbox 127 4196 155 4232; x_wconf 90' lang='lat' dir='ltr'>n.</span> <span class='ocrx_word' id='word_1_372' title='bbox 175 4185 204 4243; x_wconf 84' lang='lat'>3,</span> <span class='ocrx_word' id='word_1_373' title='bbox 231 4177 287 4230; x_wconf 88' lang='lat' dir='ltr'>Leo</span> <span class='ocrx_word' id='word_1_374' title='bbox 306 4176 385 4245; x_wconf 88' lang='lat' dir='ltr'>epist.</span> <span class='ocrx_word' id='word_1_375' title='bbox 406 4181 437 4228; x_wconf 87' lang='lat'>16</span> <span class='ocrx_word' id='word_1_376' title='bbox 456 4193 478 4229; x_wconf 90' lang='lat' dir='ltr'>c.</span> <span class='ocrx_word' id='word_1_377' title='bbox 498 4181 513 4228; x_wconf 82' lang='lat'><strong>5</strong></span> <span class='ocrx_word' id='word_1_378' title='bbox 532 4177 560 4229; x_wconf 91' lang='lat' dir='ltr'>et</span> <span class='ocrx_word' id='word_1_379' title='bbox 578 4175 657 4245; x_wconf 85' lang='lat' dir='ltr'>epist.</span> <span class='ocrx_word' id='word_1_380' title='bbox 680 4181 726 4229; x_wconf 84' lang='lat'>168</span> <span class='ocrx_word' id='word_1_381' title='bbox 745 4192 767 4228; x_wconf 87' lang='lat' dir='ltr'>c.</span> <span class='ocrx_word' id='word_1_382' title='bbox 790 4182 799 4227; x_wconf 88' lang='grc'>1</span> <span class='ocrx_word' id='word_1_383' title='bbox 826 4191 859 4228; x_wconf 87' lang='lat' dir='ltr'>ae</span> <span class='ocrx_word' id='word_1_384' title='bbox 878 4174 1002 4229; x_wconf 89' lang='lat' dir='ltr'>Gelasius</span> <span class='ocrx_word' id='word_1_385' title='bbox 1020 4174 1100 4244; x_wconf 88' lang='lat' dir='ltr'>epist.</span> <span class='ocrx_word' id='word_1_386' title='bbox 1121 4181 1152 4229; x_wconf 83' lang='lat'>14</span> <span class='ocrx_word' id='word_1_387' title='bbox 1171 4194 1192 4230; x_wconf 90' lang='lat' dir='ltr'>c.</span> <span class='ocrx_word' id='word_1_388' title='bbox 1215 4183 1258 4243; x_wconf 84' lang='lat'>10,</span> <span class='ocrx_word' id='word_1_389' title='bbox 1278 4182 1309 4230; x_wconf 78' lang='lat'>15</span> <span class='ocrx_word' id='word_1_390' title='bbox 1326 4194 1353 4233; x_wconf 90' lang='lat' dir='ltr'>n.</span> <span class='ocrx_word' id='word_1_391' title='bbox 1371 4181 1396 4228; x_wconf 78' lang='lat'>4.</span> 
     </span>
     <span class='ocr_line' id='line_1_41' title="bbox 128 4258 1397 4329; baseline -0.002 -13"><span class='ocrx_word' id='word_1_392' title='bbox 128 4261 267 4327; x_wconf 84' lang='lat' dir='ltr'>Quocirca</span> <span class='ocrx_word' id='word_1_393' title='bbox 285 4278 318 4314; x_wconf 84' lang='lat' dir='ltr'>ex</span> <span class='ocrx_word' id='word_1_394' title='bbox 335 4259 382 4313; x_wconf 91' lang='lat' dir='ltr'>illo</span> <span class='ocrx_word' id='word_1_395' title='bbox 399 4259 566 4329; x_wconf 90' lang='lat' dir='ltr'>populorum</span> <span class='ocrx_word' id='word_1_396' title='bbox 584 4259 620 4313; x_wconf 91' lang='lat' dir='ltr'>ad</span> <span class='ocrx_word' id='word_1_397' title='bbox 638 4259 809 4328; x_wconf 90' lang='lat' dir='ltr'>baptismum</span> <span class='ocrx_word' id='word_1_398' title='bbox 821 4258 1017 4313; x_wconf 88' lang='lat' dir='ltr'>confluentium</span> <span class='ocrx_word' id='word_1_399' title='bbox 1028 4259 1163 4329; x_wconf 80' lang='lat' dir='ltr'>singulari</span> <span class='ocrx_word' id='word_1_400' title='bbox 1176 4277 1309 4315; x_wconf 88' lang='lat' dir='ltr'>concursu</span> <span class='ocrx_word' id='word_1_401' title='bbox 1320 4261 1397 4314; x_wconf 89' lang='lat' dir='ltr'>recte</span> 
     </span>
     <span class='ocr_line' id='line_1_42' title="bbox 128 4343 1399 4416; baseline -0.003 -15"><span class='ocrx_word' id='word_1_402' title='bbox 128 4348 254 4416; x_wconf 86' lang='lat' dir='ltr'>arguunt</span> <span class='ocrx_word' id='word_1_403' title='bbox 270 4344 357 4415; x_wconf 84' lang='lat' dir='ltr'>legati</span> <span class='ocrx_word' id='word_1_404' title='bbox 375 4344 538 4399; x_wconf 88' lang='lat' dir='ltr'>seditiosum</span> <span class='ocrx_word' id='word_1_405' title='bbox 556 4343 690 4398; x_wconf 86' lang='lat' dir='ltr'>Dorothei</span> <span class='ocrx_word' id='word_1_406' title='bbox 709 4344 843 4409; x_wconf 90' lang='lat' dir='ltr'>animum,</span> <span class='ocrx_word' id='word_1_407' title='bbox 862 4359 916 4412; x_wconf 92' lang='lat' dir='ltr'>quo</span> <span class='ocrx_word' id='word_1_408' title='bbox 934 4343 1068 4398; x_wconf 76' lang='lat' dir='ltr'>lobannis</span> <span class='ocrx_word' id='word_1_409' title='bbox 1086 4344 1173 4414; x_wconf 87' lang='lat' dir='ltr'>legati</span> <span class='ocrx_word' id='word_1_410' title='bbox 1191 4362 1246 4399; x_wconf 90' lang='lat' dir='ltr'>nou</span> <span class='ocrx_word' id='word_1_411' title='bbox 1265 4361 1344 4399; x_wconf 87' lang='lat' dir='ltr'>secus</span> <span class='ocrx_word' id='word_1_412' title='bbox 1357 4346 1399 4399; x_wconf 89' lang='lat' dir='ltr'>at-</span> 
     </span>
     <span class='ocr_line' id='line_1_43' title="bbox 129 4427 1400 4500; baseline -0.003 -14"><span class='ocrx_word' id='word_1_413' title='bbox 129 4448 185 4500; x_wconf 93' lang='lat' dir='ltr'>que</span> <span class='ocrx_word' id='word_1_414' title='bbox 204 4430 322 4485; x_wconf 84' lang='lat' dir='ltr'>erudelis</span> <span class='ocrx_word' id='word_1_415' title='bbox 340 4431 369 4484; x_wconf 88' lang='lat' dir='ltr'>et</span> <span class='ocrx_word' id='word_1_416' title='bbox 385 4429 464 4499; x_wconf 84' lang='lat' dir='ltr'>impii</span> <span class='ocrx_word' id='word_1_417' title='bbox 481 4429 592 4498; x_wconf 85' lang='lat' dir='ltr'>tyranni</span> <span class='ocrx_word' id='word_1_418' title='bbox 611 4429 760 4483; x_wconf 89' lang='lat' dir='ltr'>adventurn</span> <span class='ocrx_word' id='word_1_419' title='bbox 778 4427 1002 4498; x_wconf 72' lang='lat' dir='ltr'>repraesentant.</span> <span class='ocrx_word' id='word_1_420' title='bbox 1039 4427 1233 4484; x_wconf 87' lang='lat' dir='ltr'>Observandus</span> <span class='ocrx_word' id='word_1_421' title='bbox 1250 4428 1400 4499; x_wconf 88' lang='lat' dir='ltr'>praeterea</span> 
     </span>
     <span class='ocr_line' id='line_1_44' title="bbox 129 4512 1399 4585; baseline -0.004 -13"><span class='ocrx_word' id='word_1_422' title='bbox 129 4516 262 4585; x_wconf 89' lang='lat' dir='ltr'>antiquus</span> <span class='ocrx_word' id='word_1_423' title='bbox 280 4532 344 4569; x_wconf 90' lang='lat' dir='ltr'>usus</span> <span class='ocrx_word' id='word_1_424' title='bbox 361 4515 547 4580; x_wconf 88' lang='lat' dir='ltr'>sacramenta,</span> <span class='ocrx_word' id='word_1_425' title='bbox 566 4512 623 4568; x_wconf 92' lang='lat' dir='ltr'>scil.</span> <span class='ocrx_word' id='word_1_426' title='bbox 643 4513 765 4582; x_wconf 89' lang='lat' dir='ltr'>eorporis</span> <span class='ocrx_word' id='word_1_427' title='bbox 784 4513 899 4580; x_wconf 86' lang='lat' dir='ltr'>Christi,</span> <span class='ocrx_word' id='word_1_428' title='bbox 917 4514 1113 4583; x_wconf 87' lang='lat' dir='ltr'>tantapopulo</span> <span class='ocrx_word' id='word_1_429' title='bbox 1126 4512 1274 4583; x_wconf 88' lang='lat' dir='ltr'>erogandi,</span> <span class='ocrx_word' id='word_1_430' title='bbox 1293 4517 1399 4583; x_wconf 87' lang='lat' dir='ltr'>quanta</span> 
     </span>
     <span class='ocr_line' id='line_1_45' title="bbox 128 4597 1398 4673; baseline -0.003 -17"><span class='ocrx_word' id='word_1_431' title='bbox 128 4601 185 4673; x_wconf 85' lang='lat' dir='ltr'>ipsi</span> <span class='ocrx_word' id='word_1_432' title='bbox 202 4601 316 4671; x_wconf 86' lang='lat' dir='ltr'>possent</span> <span class='ocrx_word' id='word_1_433' title='bbox 339 4600 375 4655; x_wconf 89' lang='lat' dir='ltr'>ad</span> <span class='ocrx_word' id='word_1_434' title='bbox 396 4600 526 4669; x_wconf 89' lang='lat' dir='ltr'>tempora</span> <span class='ocrx_word' id='word_1_435' title='bbox 546 4599 595 4653; x_wconf 87' lang='lat' dir='ltr'>illa</span> <span class='ocrx_word' id='word_1_436' title='bbox 616 4599 771 4668; x_wconf 88' lang='lat' dir='ltr'>periculosa</span> <span class='ocrx_word' id='word_1_437' title='bbox 793 4599 925 4654; x_wconf 88' lang='lat' dir='ltr'>sufficere.</span> <span class='ocrx_word' id='word_1_438' title='bbox 966 4597 1091 4666; x_wconf 88' lang='lat' dir='ltr'>Denique</span> <span class='ocrx_word' id='word_1_439' title='bbox 1113 4599 1167 4654; x_wconf 89' lang='lat' dir='ltr'>hoo</span> <span class='ocrx_word' id='word_1_440' title='bbox 1184 4597 1398 4654; x_wconf 86' lang='lat' dir='ltr'>Thessalonicae</span> 
     </span>
     <span class='ocr_line' id='line_1_46' title="bbox 129 4682 1396 4753; baseline -0.005 -11"><span class='ocrx_word' id='word_1_441' title='bbox 129 4686 268 4742; x_wconf 90' lang='lat' dir='ltr'>Dorothei</span> <span class='ocrx_word' id='word_1_442' title='bbox 287 4685 402 4740; x_wconf 85' lang='lat' dir='ltr'>artificio</span> <span class='ocrx_word' id='word_1_443' title='bbox 421 4685 526 4740; x_wconf 88' lang='lat' dir='ltr'>territis</span> <span class='ocrx_word' id='word_1_444' title='bbox 543 4684 673 4753; x_wconf 87' lang='lat' dir='ltr'>plebibus</span> <span class='ocrx_word' id='word_1_445' title='bbox 687 4683 834 4753; x_wconf 83' lang='lat' dir='ltr'>contigisse</span> <span class='ocrx_word' id='word_1_446' title='bbox 847 4683 1028 4747; x_wconf 87' lang='lat' dir='ltr'>advertimus,</span> <span class='ocrx_word' id='word_1_447' title='bbox 1047 4683 1121 4751; x_wconf 88' lang='lat' dir='ltr'>quod</span> <span class='ocrx_word' id='word_1_448' title='bbox 1133 4684 1303 4752; x_wconf 87' lang='lat' dir='ltr'>Augustinus</span> <span class='ocrx_word' id='word_1_449' title='bbox 1316 4682 1396 4752; x_wconf 88' lang='lat' dir='ltr'>epist.</span> 
     </span>
     <span class='ocr_line' id='line_1_47' title="bbox 129 4767 1397 4839; baseline -0.006 -12"><span class='ocrx_word' id='word_1_450' title='bbox 129 4778 181 4827; x_wconf 72' lang='lat'>228</span> <span class='ocrx_word' id='word_1_451' title='bbox 199 4791 225 4826; x_wconf 91' lang='lat' dir='ltr'>n.</span> <span class='ocrx_word' id='word_1_452' title='bbox 245 4778 261 4825; x_wconf 86' lang='lat'>8</span> <span class='ocrx_word' id='word_1_453' title='bbox 279 4771 307 4824; x_wconf 91' lang='lat' dir='ltr'>in</span> <span class='ocrx_word' id='word_1_454' title='bbox 332 4770 501 4839; x_wconf 87' lang='lat' dir='ltr'>gravissimis</span> <span class='ocrx_word' id='word_1_455' title='bbox 520 4768 723 4823; x_wconf 89' lang='lat' dir='ltr'>discriminibus</span> <span class='ocrx_word' id='word_1_456' title='bbox 741 4769 873 4824; x_wconf 85' lang='lat' dir='ltr'>accedere</span> <span class='ocrx_word' id='word_1_457' title='bbox 891 4767 979 4823; x_wconf 92' lang='lat' dir='ltr'>solere</span> <span class='ocrx_word' id='word_1_458' title='bbox 998 4770 1110 4823; x_wconf 88' lang='lat' dir='ltr'>enarrat</span> <span class='ocrx_word' id='word_1_459' title='bbox 1130 4768 1160 4821; x_wconf 91' lang='lat' dir='ltr'>in</span> <span class='ocrx_word' id='word_1_460' title='bbox 1180 4768 1254 4822; x_wconf 87' lang='lat' dir='ltr'>hune</span> <span class='ocrx_word' id='word_1_461' title='bbox 1271 4767 1397 4823; x_wconf 88' lang='lat' dir='ltr'>modum:</span> 
     </span>
     <span class='ocr_line' id='line_1_48' title="bbox 130 4859 1399 4925; baseline -0.006 -13"><span class='ocrx_word' id='word_1_462' title='bbox 130 4863 175 4912; x_wconf 83' lang='lat' dir='ltr'>Aa</span> <span class='ocrx_word' id='word_1_463' title='bbox 194 4878 244 4912; x_wconf 84' lang='lat' dir='ltr'>aon</span> <span class='ocrx_word' id='word_1_464' title='bbox 262 4862 410 4924; x_wconf 70' lang='lat' dir='ltr'>euphorbus,</span> <span class='ocrx_word' id='word_1_465' title='bbox 430 4877 501 4925; x_wconf 75' lang='lat' dir='ltr'>queem</span> <span class='ocrx_word' id='word_1_466' title='bbox 520 4861 555 4909; x_wconf 83' lang='lat' dir='ltr'>ud</span> <span class='ocrx_word' id='word_1_467' title='bbox 571 4861 675 4908; x_wconf 76' lang='lat' dir='ltr'>istomcm</span> <span class='ocrx_word' id='word_1_468' title='bbox 691 4859 860 4922; x_wconf 84' lang='lat' dir='ltr'>periculorum</span> <span class='ocrx_word' id='word_1_469' title='bbox 875 4859 1024 4923; x_wconf 80' lang='lat' dir='ltr'>peruenitur</span> <span class='ocrx_word' id='word_1_470' title='bbox 1041 4865 1157 4908; x_wconf 73' lang='lat' dir='ltr'>extrema</span> <span class='ocrx_word' id='word_1_471' title='bbox 1169 4874 1215 4908; x_wconf 84' lang='lat' dir='ltr'>nec</span> <span class='ocrx_word' id='word_1_472' title='bbox 1227 4865 1266 4908; x_wconf 77' lang='lat' dir='ltr'>est</span> <span class='ocrx_word' id='word_1_473' title='bbox 1280 4863 1399 4922; x_wconf 79' lang='lat' dir='ltr'>potestas</span> 
     </span>
     <span class='ocr_line' id='line_1_49' title="bbox 130 4943 1400 5012; baseline -0.006 -13"><span class='ocrx_word' id='word_1_474' title='bbox 130 4950 184 4999; x_wconf 89' lang='lat' dir='ltr'>ulla</span> <span class='ocrx_word' id='word_1_475' title='bbox 199 4948 327 5012; x_wconf 76' lang='lat' dir='ltr'>sapiendi,</span> <span class='ocrx_word' id='word_1_476' title='bbox 353 4952 460 5011; x_wconf 75' lang='lat' dir='ltr'>quamius</span> <span class='ocrx_word' id='word_1_477' title='bbox 483 4948 508 4995; x_wconf 81' lang='lat' dir='ltr'>in</span> <span class='ocrx_word' id='word_1_478' title='bbox 526 4946 634 4995; x_wconf 81' lang='lat' dir='ltr'>eeclesia</span> <span class='ocrx_word' id='word_1_479' title='bbox 647 4945 708 5007; x_wconf 82' lang='lat' dir='ltr'>fieri</span> <span class='ocrx_word' id='word_1_480' title='bbox 728 4947 810 4994; x_wconf 77' lang='lat' dir='ltr'>soleat</span> <span class='ocrx_word' id='word_1_481' title='bbox 826 4943 858 4994; x_wconf 85' lang='lat' dir='ltr'>ab</span> <span class='ocrx_word' id='word_1_482' title='bbox 876 4951 982 5011; x_wconf 78' lang='lat' dir='ltr'>utroque</span> <span class='ocrx_word' id='word_1_483' title='bbox 1004 4958 1070 4994; x_wconf 75' lang='lat' dir='ltr'>sexu</span> <span class='ocrx_word' id='word_1_484' title='bbox 1088 4949 1163 5009; x_wconf 81' lang='lat' dir='ltr'>alque</span> <span class='ocrx_word' id='word_1_485' title='bbox 1181 4943 1213 4993; x_wconf 83' lang='lat' dir='ltr'>ab</span> <span class='ocrx_word' id='word_1_486' title='bbox 1231 4945 1297 4994; x_wconf 76' lang='lat' dir='ltr'>omni</span> <span class='ocrx_word' id='word_1_487' title='bbox 1313 4946 1400 4993; x_wconf 75' lang='lat' dir='ltr'>aetate</span> 
     </span>
    </p>
   </div>
   <div class='ocr_carea' id='block_1_4' title="bbox 1130 5024 1199 5090">
    <p class='ocr_par' dir='ltr' id='par_1_10' title="bbox 1130 5024 1199 5090">
     <span class='ocr_line' id='line_1_50' title="bbox 1130 5024 1199 5090; baseline -0.029 0"><span class='ocrx_word' id='word_1_488' title='bbox 1130 5024 1199 5090; x_wconf 77' lang='lat'>57*</span> 
     </span>
    </p>
   </div>
   <div class='ocr_carea' id='block_1_5' title="bbox 0 0 1618 5506">
    <p class='ocr_par' dir='ltr' id='par_1_11' title="bbox 0 0 1618 5506">
     <span class='ocr_line' id='line_1_51' title="bbox 0 0 1618 5506; baseline 0 0"><span class='ocrx_word' id='word_1_489' title='bbox 0 0 1618 5506; x_wconf 95' lang='lat' dir='ltr'> </span> 
     </span>
    </p>
   </div>
  </div>
 </body>
</html>
