3204 5506
249 317 311 384 952
690 330 719 380 s.
736 329 943 378 noanrsnan
966 286 1081 375 saihs

125 509 237 578 (arao.)
249 488 328 552 sisse
344 485 554 571 dignoscitur,
578 483 702 548 habens
717 483 752 547 in
773 484 881 547 mente
904 482 993 567 illud,
1018 482 1102 568 quod
1125 505 1146 547 a
1161 481 1250 547 sacri
1266 482 1386 548 cantici
1402 487 1518 550 auctore

135 592 235 651 Psalm.
249 589 386 654 relatum
415 595 479 652 est:
515 590 553 651 Or
579 607 675 651 mewa
703 593 842 666 loquetur
867 592 1065 666 sapientiam,
1097 598 1127 650 et
1153 591 1320 652 meditatio
1347 592 1449 651 corais
1472 597 1521 652 mei

152 671 223 733 4⁸⁹4·
245 697 453 773 prudentiam.
502 687 597 753 Unde
624 687 799 752 secundum
831 690 952 752 rectam
986 689 1019 751 et
1050 687 1254 771 probabilem
1289 687 1464 753 fidelissimi
1493 694 1520 754 et

251 790 517 859 Christianissimi
539 788 642 854 nostri
664 789 820 874 principis
843 793 876 853 et
896 789 1058 874 piissimae
1080 789 1216 876 reginae
1238 793 1273 854 et
1287 790 1520 876 gloriosissime

249 917 321 959 rum
345 893 522 957 communis
541 890 735 976 reipublicae
750 912 918 975 procerum
932 891 1139 975 sententiam,
1162 895 1277 957 nostra
1293 914 1420 978 quoque
1434 894 1520 959 etiarn

252 995 395 1061 omnium
416 995 452 1059 in
474 993 536 1058 hac
558 994 636 1058 urbe
658 992 876 1057 habitantium
892 993 1132 1077 testificatione,
1151 994 1316 1078 judicium
1329 994 1424 1060 Pauli
1438 997 1521 1060 mira·

140 1098 328 1165 litabilis
363 1096 540 1161 communis
568 1095 733 1161 Ecclesiae
760 1094 898 1159 doctoris
921 1116 988 1159 non
1016 1097 1065 1159 est
1097 1096 1133 1159 in
1168 1118 1206 1161 co
1237 1096 1444 1181 fraudatum,
1475 1100 1521 1183 qui

172 1184 231 1244 3’2·
253 1197 574 1284 irreprehensibilem
596 1197 711 1262 debere
733 1219 802 1261 esse
825 1198 1009 1281 episcopum
1033 1197 1218 1263 denuntiat:
1246 1199 1296 1263 ita
1324 1203 1359 1264 et
1389 1204 1523 1264 nostran

252 1302 438 1386 pontificem
460 1299 634 1364 virtutibus
656 1299 797 1383 undique
821 1301 1007 1363 coronatum
1030 1321 1099 1364 esse
1115 1299 1272 1366 ridemus.
1311 1300 1421 1386 Igitur
1434 1303 1522 1367 eccle

251 1405 415 1469 siastioam
443 1402 549 1486 legem
576 1399 763 1486 implentes,
797 1400 990 1485 apostolatui
1019 1404 1124 1466 vestro
1152 1401 1362 1468 salutationis
1389 1405 1521 1470 debitum

251 1505 470 1590 persolventes
498 1502 657 1583 officim,
690 1524 869 1586 speramus,
902 1506 940 1567 ut
967 1502 1104 1587 amplius
1132 1504 1280 1569 caritatis
1307 1504 1470 1571 vinculum
1494 1511 1523 1571 et

252 1612 425 1693 paternum
452 1605 600 1669 affectum
628 1604 713 1669 circa
740 1626 799 1668 nos
828 1605 946 1669 caritas
974 1608 1081 1669 vestra
1109 1605 1269 1670 custodire
1297 1607 1465 1693 dignetur,
1495 1614 1522 1672 et

253 1709 392 1794 sapienti
415 1706 650 1792 gubernatione
667 1708 700 1770 et
713 1706 905 1790 humilitate,
929 1728 1011 1792 quae
1026 1705 1247 1773 Christianmn
1268 1709 1373 1793 decet,
1397 1713 1430 1775 et
1443 1732 1524 1775 man·

253 1809 437 1892 suetudine,
465 1830 547 1893 quae
570 1806 610 1871 ad
632 1808 834 1873 rationabilis
856 1809 968 1873 baditi
990 1808 1080 1873 vobis
1103 1808 1195 1873 ovilis
1217 1809 1359 1875 salutem
1381 1812 1523 1896 pertinet,

159 1946 163 1955 .
253 1912 428 1998 peragatis,
454 1932 621 1975 commune
643 1910 769 1974 lucrum
791 1911 1023 1994 existimantes,
1047 1910 1131 1996 quod
1152 1933 1211 1996 per
1232 1933 1290 1976 vos
1306 1916 1343 1978 et
1358 1916 1524 1999 vernant)

254 2034 444 2100 germanum
467 2016 501 2077 et
523 2011 863 2095 comministratorem,
891 2016 1038 2077 nostrum
1060 2016 1168 2077 autern
1190 2013 1360 2079 dominum
1382 2019 1416 2080 et
1436 2017 1526 2101 patri-

158 2128 240 2182 Prov.
254 2115 395 2198 archam,
419 2137 533 2200 pacem
554 2115 653 2179 latius
675 2114 761 2179 orbis
784 2116 990 2180 ecclesiarum
1013 2137 1081 2179 esse
1102 2114 1274 2199 provisam.
1316 2123 1436 2181 Frater
1456 2127 1525 2183 enim

143 2203 233 2263 Μ’·
255 2240 274 2282 a
298 2221 406 2295 fratre
433 2216 613 2300 adJ'aaari‘)
641 2223 856 2297 spiritualiter,
890 2239 996 2282 maras
1023 2230 1066 2282 est
1092 2222 1344 2297 iaexpaaaatilis
1373 2231 1403 2284 et
1429 2227 1526 2286 deitas

255 2327 388 2402 munita,
424 2341 464 2384 ex
491 2318 608 2383 divinis
636 2322 687 2382 est
714 2319 859 2403 accipere
887 2319 1065 2403 scripturis.
1116 2317 1202 2382 Nam
1229 2319 1293 2404 si⁵)
1323 2342 1407 2405 quas
1437 2322 1526 2386 inter·

256 2421 453 2486 cessionibus
476 2425 601 2485 vestrae
624 2421 833 2485 beatitudinis
853 2420 1014 2506 generalis
1029 2420 1251 2506 tranquillitas
1266 2421 1414 2488 ecclesiis
1428 2423 1525 2489 ortbo

102 2538 242 2604 Lucane.
256 2522 411 2587 donorum
436 2523 535 2587 fuerit
562 2523 733 2605 redonata,
768 2523 872 2608 gloria
899 2523 1026 2607 quidem
1059 2522 1096 2586 in
1124 2522 1259 2587 excelsis
1287 2523 1360 2590 Deo
1392 2526 1525 2590 omnium

256 2624 416 2690 Salvatori
437 2646 496 2708 pcr
518 2624 650 2710 angelos
674 2647 745 2689 cum
766 2624 891 2688 laetitia
913 2624 1086 2707 referetur,
1110 2646 1175 2708 par
1196 2625 1332 2690 veroin
1352 2629 1441 2692 terra
1461 2651 1525 2693 oon·

256 2725 453 2809 firmabitur,
484 2726 569 2789 bona
592 2729 700 2791 autem
726 2725 875 2791 voluntas
902 2727 937 2792 in
964 2725 1110 2791 fidelibus
1139 2729 1317 2793 communis
1344 2730 1474 2796 Domini
1498 2733 1526 2794 et

256 2827 431 2894 Salvatoris
453 2828 556 2891 nostri
579 2827 657 2892 Jcsu
680 2827 801 2894 Christi
824 2829 923 2893 servis
945 2828 1108 2893 fundatur.

340 2930 371 2994 3.
406 2929 573 3013 Adjicient
594 2930 696 3015 igitur
717 2930 837 2994 nostris
859 2929 1158 3016 supplicationibus,
1182 2932 1266 3016 quod
1282 2933 1396 2999 minus
1412 2935 1525 3000 dictum

256 3036 315 3116 est,
338 3032 505 3097 Johaunes
528 3032 750 3096 sanctissimus
766 3033 933 3116 episcopus
948 3032 1247 3117 Claudiopolitanae
1267 3035 1411 3101 civitatis
1427 3042 1527 3102 noster

257 3134 543 3213 comministrator,
578 3136 612 3197 et
638 3133 850 3198 Heraclianus
881 3134 1164 3199 reverendissimus
1197 3138 1369 3221 presbyter
1404 3144 1526 3204 saneim

256 3237 386 3321 majoris
410 3235 561 3300 ecclesiae
584 3239 617 3300 et
639 3233 874 3320 cohabitarat)
896 3237 1053 3322 praedicti
1076 3238 1272 3302 sanctissimi
1303 3239 1526 3325 archiepiscopi

256 3343 290 3404 ot
311 3338 513 3423 patriarchae
528 3337 715 3421 Epiphanii,
740 3341 774 3401 et
795 3338 1027 3404 Constantinus
1050 3339 1098 3402 vir
1120 3340 1408 3406 reverendissimus
1430 3342 1526 3407 diaco

256 3464 316 3505 uus
339 3441 481 3524 ejusdem
504 3445 636 3504 sanctae
659 3439 827 3522 ecclesiae,
851 3440 905 3523 qui
927 3440 1150 3524 probationem
1172 3463 1249 3506 suae
1271 3447 1382 3508 rectae
1405 3445 1476 3509 fidei
1496 3450 1525 3508 et

255 3543 359 3606 bonae
381 3540 557 3605 voluntatis
580 3541 655 3605 olim
677 3541 744 3623 his,
774 3542 828 3625 qui
851 3564 869 3605 a
894 3546 998 3607 vestra
1026 3541 1201 3628 apostolica
1224 3543 1301 3608 sede
1329 3545 1461 3611 fuerant
1486 3546 1525 3609 di-

256 3643 347 3723 recti,
371 3642 528 3727 dcdisse⁷)
553 3645 806 3727 cognoscuntur:
834 3644 925 3727 digni
949 3648 1112 3709 autemst
1135 3647 1262 3710 vestrae
1292 3648 1478 3712 sanctitatis
1498 3652 1526 3711 et

256 3744 491 3808 ministratione
513 3745 613 3828 pacis,
638 3749 671 3809 et
692 3745 818 3829 gratiae
841 3744 971 3809 Domini
994 3747 1095 3812 nostri
1110 3746 1189 3811 Jesu
1205 3746 1330 3812 Christi
1348 3747 1411 3814 Dei
1432 3749 1525 3814 nostri

323 3950 345 4017 ³)
363 3950 390 4002 a¹
408 3960 516 4003 cestrum
536 3954 683 4003 demonum
702 3965 765 4002 cum
781 3948 1156 4018 primalitteramajuscula‚
1175 3950 1255 4020 qnasi
1268 3966 1374 4008 nomen
1391 3952 1525 4024 proprium

257 4033 411 4088 offerretur.
442 4033 548 4088 Graece
561 4033 646 4089 dubio
664 4034 763 4103 procul
781 4034 910 4089 exstabat
927 4028 1060 4103 ἀδελφὸν
1077 4037 1126 4089 rat
1142 4031 1379 4106 cottereoapyo'v,
1399 4038 1472 4107 quod
1487 4038 1523 4091 in·

257 4120 365 4188 terpres
379 4124 490 4186 fratrem
508 4129 534 4173 et
551 4125 758 4173 consacerdotem
776 4136 825 4175 seu
843 4125 1034 4175 comministram
1051 4119 1136 4175 latine
1155 4124 1319 4176 convertere
1337 4122 1481 4189 debuerat
1496 4139 1525 4175 ac

257 4204 386 4258 subinde:
406 4225 462 4272 poa
534 4210 568 4257 sit
582 4211 701 4273 provisa,
719 4224 764 4258 sea
778 4211 841 4273 paci
856 4211 892 4258 rit
907 4211 1035 4274 prouisum
1053 4214 1128 4274 atque
1147 4212 1294 4264 roncaliam.

324 4291 345 4358 ⁴)
363 4289 438 4358 Lege
457 4294 570 4356 adjutae.
605 4288 670 4341 Mox
689 4289 723 4343 G¹
743 4296 868 4344 ciuitatem
885 4296 1011 4346 munitam.

325 4376 346 4441 5)
365 4372 399 4426 G¹
418 4380 442 4427 si
460 4379 540 4443 quod,
559 4373 632 4427 uude
651 4377 776 4429 nostram
793 4374 943 4430 lectionem
960 4375 1108 4429 hausimus.
1145 4391 1180 4429 cc
1197 4385 1222 4429 a·
1237 4381 1274 4432 in.

325 4461 345 4527 ⁶)
363 4458 425 4512 Vox
443 4453 610 4527 σύγκελλος,
636 4476 721 4527 quam
738 4459 767 4512 in
785 4476 887 4529 graeco
906 4461 982 4514 fonte
1001 4459 1138 4514 exstitisse
1155 4477 1207 4530 pro
1226 4461 1305 4514 certo
1322 4461 1467 4531 ponimns,
1484 4478 1524 4515 ro·

257 4544 357 4598 cabulo
375 4543 463 4598 latino
481 4551 607 4612 syncellus
625 4543 705 4597 reddi
723 4544 802 4599 solet.
832 4546 924 4614 Atque
936 4544 1001 4598 hino
1014 4545 1149 4599 habemus
1161 4544 1361 4600 Heraclianum
1372 4546 1447 4602 idem
1458 4544 1523 4617 apud

256 4628 443 4698 Epiphaniam
461 4647 561 4683 munus
579 4629 690 4695 obiisse,
709 4646 764 4698 quo
781 4629 954 4701 Epiphanius
971 4629 1047 4700 apud
1063 4629 1232 4695 iohannem,
1250 4631 1280 4684 et
1297 4630 1442 4686 iohannes
1459 4629 1523 4700 apud

258 4712 437 4768 Timotheum
455 4713 599 4782 utriusque
618 4713 792 4769 decessorem
810 4715 897 4769 functi
914 4716 1034 4770 fuerant.

262 4801 265 4805 ’
325 4802 346 4866 ⁷)
365 4799 437 4852 Puta
453 4798 578 4852 libellum
596 4799 809 4866 subscribendo,
828 4817 910 4868 quem
928 4800 1029 4869 legatis
1040 4799 1191 4854 Hormisda
1208 4799 1335 4855 dederat
1365 4800 1430 4856 hlor
1442 4800 1476 4854 G·
1487 4819 1522 4853 ea

254 4890 388 4953 praecitur
457 4889 643 4938 rairristratione
661 4884 714 4951 (ed.
735 4898 920 4954 cognoscantur
993 4887 1230 4954 administratione).
