<?xml version="1.0" encoding="UTF-8"?>
<!DOCTYPE html PUBLIC "-//W3C//DTD XHTML 1.0 Transitional//EN"
    "http://www.w3.org/TR/xhtml1/DTD/xhtml1-transitional.dtd">
<html xmlns="http://www.w3.org/1999/xhtml" xml:lang="en" lang="en">
 <head>
  <title>
</title>
<meta http-equiv="Content-Type" content="text/html;charset=utf-8" />
  <meta name='ocr-system' content='tesseract 3.04.00' />
  <meta name='ocr-capabilities' content='ocr_page ocr_carea ocr_par ocr_line ocrx_word'/>
</head>
<body>
  <div class='ocr_page' id='page_1' title='image "./epistolaeromano00thiegoog/epistolaeromano00thiegoog_0322.png"; bbox 0 0 3224 5506; ppageno 0'>
   <div class='ocr_carea' id='block_1_1' title="bbox 571 359 1373 429">
    <p class='ocr_par' dir='ltr' id='par_1_1' title="bbox 571 359 1373 429">
     <span class='ocr_line' id='line_1_1' title="bbox 571 359 1373 429; baseline 0 -1"><span class='ocrx_word' id='word_1_1' title='bbox 571 377 768 428; x_wconf 77' lang='lat' dir='ltr'>nrrsroria</span> <span class='ocrx_word' id='word_1_2' title='bbox 793 366 841 426; x_wconf 86' lang='lat'>15.</span> <span class='ocrx_word' id='word_1_3' title='bbox 867 370 917 427; x_wconf 85' lang='lat'>16.</span> <span class='ocrx_word' id='word_1_4' title='bbox 1310 359 1373 429; x_wconf 85' lang='grc'>273</span> 
     </span>
    </p>
   </div>
   <div class='ocr_carea' id='block_1_2' title="bbox 109 524 1502 1330">
    <p class='ocr_par' dir='ltr' id='par_1_2' title="bbox 109 524 1502 1330">
     <span class='ocr_line' id='line_1_2' title="bbox 142 524 1502 618; baseline 0.004 -28"><span class='ocrx_word' id='word_1_5' title='bbox 142 524 314 614; x_wconf 73' lang='lat' dir='ltr'>existimaret,</span> <span class='ocrx_word' id='word_1_6' title='bbox 337 531 418 616; x_wconf 92' lang='lat' dir='ltr'>quod</span> <span class='ocrx_word' id='word_1_7' title='bbox 439 533 553 597; x_wconf 81' lang='lat' dir='ltr'>iecisse</span> <span class='ocrx_word' id='word_1_8' title='bbox 576 534 776 617; x_wconf 77' lang='lat' dir='ltr'>conspiceret</span> <span class='ocrx_word' id='word_1_9' title='bbox 791 532 1013 596; x_wconf 72' lang='lat' dir='ltr'>sacerdotem?</span> <span class='ocrx_word' id='word_1_10' title='bbox 1050 531 1143 596; x_wconf 85' lang='lat' dir='ltr'>Unde</span> <span class='ocrx_word' id='word_1_11' title='bbox 1158 532 1301 618; x_wconf 83' lang='lat' dir='ltr'>divin0⁷)</span> <span class='ocrx_word' id='word_1_12' title='bbox 1322 534 1373 616; x_wconf 91' lang='lat' dir='ltr'>ju·</span> <span class='ocrx_word' id='word_1_13' title='bbox 1386 545 1420 609; x_wconf 89' lang='lat' dir='ltr'>(a.</span> <span class='ocrx_word' id='word_1_14' title='bbox 1432 544 1502 610; x_wconf 74' lang='lat'>490.)</span> 
     </span>
     <span class='ocr_line' id='line_1_3' title="bbox 133 620 1374 719; baseline 0.004 -26"><span class='ocrx_word' id='word_1_15' title='bbox 133 620 206 695; x_wconf 75' lang='lat' dir='ltr'>dicio</span> <span class='ocrx_word' id='word_1_16' title='bbox 216 633 384 698; x_wconf 88' lang='lat' dir='ltr'>nullatenus</span> <span class='ocrx_word' id='word_1_17' title='bbox 398 634 513 718; x_wconf 88' lang='lat' dir='ltr'>potuit,</span> <span class='ocrx_word' id='word_1_18' title='bbox 537 634 636 698; x_wconf 90' lang='lat' dir='ltr'>etiam</span> <span class='ocrx_word' id='word_1_19' title='bbox 650 657 747 719; x_wconf 92' lang='lat' dir='ltr'>quum</span> <span class='ocrx_word' id='word_1_20' title='bbox 761 634 795 700; x_wconf 93' lang='lat' dir='ltr'>id</span> <span class='ocrx_word' id='word_1_21' title='bbox 809 634 984 716; x_wconf 77' lang='lat' dir='ltr'>mallemus,</span> <span class='ocrx_word' id='word_1_22' title='bbox 1009 635 1142 699; x_wconf 89' lang='lat' dir='ltr'>absolvi.</span> <span class='ocrx_word' id='word_1_23' title='bbox 1172 634 1374 719; x_wconf 74' lang='lat' dir='ltr'>Quapropter</span> 
     </span>
     <span class='ocr_line' id='line_1_4' title="bbox 122 733 1374 822; baseline 0.002 -23"><span class='ocrx_word' id='word_1_24' title='bbox 122 733 219 817; x_wconf 68' lang='lat' dir='ltr'>megia</span> <span class='ocrx_word' id='word_1_25' title='bbox 235 736 394 821; x_wconf 82' lang='lat' dir='ltr'>magisque</span> <span class='ocrx_word' id='word_1_26' title='bbox 416 735 597 820; x_wconf 89' lang='lat' dir='ltr'>supplicare</span> <span class='ocrx_word' id='word_1_27' title='bbox 611 758 678 800; x_wconf 89' lang='lat' dir='ltr'>non</span> <span class='ocrx_word' id='word_1_28' title='bbox 693 736 815 819; x_wconf 79' lang='lat' dir='ltr'>desino,</span> <span class='ocrx_word' id='word_1_29' title='bbox 838 740 874 800; x_wconf 90' lang='lat' dir='ltr'>ut</span> <span class='ocrx_word' id='word_1_30' title='bbox 897 759 968 801; x_wconf 86' lang='lat' dir='ltr'>eum</span> <span class='ocrx_word' id='word_1_31' title='bbox 990 737 1056 800; x_wconf 87' lang='lat' dir='ltr'>suis</span> <span class='ocrx_word' id='word_1_32' title='bbox 1078 737 1262 801; x_wconf 83' lang='lat' dir='ltr'>nominibus</span> <span class='ocrx_word' id='word_1_33' title='bbox 1279 741 1374 822; x_wconf 88' lang='lat' dir='ltr'>atque</span> 
     </span>
     <span class='ocr_line' id='line_1_5' title="bbox 111 836 1374 923; baseline 0.002 -22"><span class='ocrx_word' id='word_1_34' title='bbox 111 836 251 912; x_wconf 78' lang='lat' dir='ltr'>persam</span> <span class='ocrx_word' id='word_1_35' title='bbox 271 837 380 902; x_wconf 87' lang='lat' dir='ltr'>feralis</span> <span class='ocrx_word' id='word_1_36' title='bbox 395 837 453 902; x_wconf 90' lang='lat' dir='ltr'>illa</span> <span class='ocrx_word' id='word_1_37' title='bbox 468 860 564 902; x_wconf 90' lang='lat' dir='ltr'>cauea</span> <span class='ocrx_word' id='word_1_38' title='bbox 577 839 758 903; x_wconf 88' lang='lat' dir='ltr'>transierit:</span> <span class='ocrx_word' id='word_1_39' title='bbox 782 862 843 923; x_wconf 92' lang='lat' dir='ltr'>quo</span> <span class='ocrx_word' id='word_1_40' title='bbox 858 861 916 903; x_wconf 88' lang='lat' dir='ltr'>nos</span> <span class='ocrx_word' id='word_1_41' title='bbox 933 841 1096 902; x_wconf 80' lang='lat' dir='ltr'>annuente</span> <span class='ocrx_word' id='word_1_42' title='bbox 1111 838 1249 903; x_wconf 91' lang='lat' dir='ltr'>Domino</span> <span class='ocrx_word' id='word_1_43' title='bbox 1264 844 1374 903; x_wconf 93' lang='lat' dir='ltr'>nostro</span> 
     </span>
     <span class='ocr_line' id='line_1_6' title="bbox 109 939 1374 1025; baseline 0.004 -23"><span class='ocrx_word' id='word_1_44' title='bbox 109 939 419 1024; x_wconf 64' lang='lat' dir='ltr'>comparataque</span> <span class='ocrx_word' id='word_1_45' title='bbox 446 940 571 1005; x_wconf 90' lang='lat' dir='ltr'>laetitia</span> <span class='ocrx_word' id='word_1_46' title='bbox 599 941 685 1005; x_wconf 89' lang='lat' dir='ltr'>necti</span> <span class='ocrx_word' id='word_1_47' title='bbox 708 941 870 1004; x_wconf 81' lang='lat' dir='ltr'>valeamus</span> <span class='ocrx_word' id='word_1_48' title='bbox 895 963 966 1004; x_wconf 92' lang='lat' dir='ltr'>cum</span> <span class='ocrx_word' id='word_1_49' title='bbox 988 941 1133 1025; x_wconf 84' lang='lat' dir='ltr'>praesule</span> <span class='ocrx_word' id='word_1_50' title='bbox 1155 963 1243 1006; x_wconf 91' lang='lat' dir='ltr'>nunc</span> <span class='ocrx_word' id='word_1_51' title='bbox 1267 946 1374 1007; x_wconf 87' lang='lat' dir='ltr'>creato</span> 
     </span>
     <span class='ocr_line' id='line_1_7' title="bbox 109 1040 1361 1125; baseline 0.006 -25"><span class='ocrx_word' id='word_1_52' title='bbox 109 1040 195 1102; x_wconf 73' lang='lat' dir='ltr'>reati</span> <span class='ocrx_word' id='word_1_53' title='bbox 214 1041 347 1125; x_wconf 88' lang='lat' dir='ltr'>apostoli</span> <span class='ocrx_word' id='word_1_54' title='bbox 369 1063 447 1106; x_wconf 85' lang='lat' dir='ltr'>voce</span> <span class='ocrx_word' id='word_1_55' title='bbox 468 1042 621 1107; x_wconf 85' lang='lat' dir='ltr'>dicentis:</span> <span class='ocrx_word' id='word_1_56' title='bbox 664 1048 701 1107; x_wconf 80' lang='lat' dir='ltr'>St</span> <span class='ocrx_word' id='word_1_57' title='bbox 726 1064 786 1121; x_wconf 78' lang='lat' dir='ltr'>qao</span> <span class='ocrx_word' id='word_1_58' title='bbox 809 1049 903 1121; x_wconf 67' lang='grc' dir='ltr'><em>ἐρίων</em></span> <span class='ocrx_word' id='word_1_59' title='bbox 922 1049 953 1107; x_wconf 80' lang='lat' dir='ltr'>ta</span> <span class='ocrx_word' id='word_1_60' title='bbox 977 1048 1093 1108; x_wconf 76' lang='lat' dir='ltr'>Christo</span> <span class='ocrx_word' id='word_1_61' title='bbox 1115 1064 1194 1107; x_wconf 81' lang='lat' dir='ltr'>aona</span> <span class='ocrx_word' id='word_1_62' title='bbox 1216 1056 1361 1108; x_wconf 83' lang='lat' dir='ltr'>creatura</span> 
     </span>
     <span class='ocr_line' id='line_1_8' title="bbox 109 1149 857 1222; baseline 0.005 -17"><span class='ocrx_word' id='word_1_63' title='bbox 109 1153 208 1206; x_wconf 67' lang='lat' dir='ltr'>atera</span> <span class='ocrx_word' id='word_1_64' title='bbox 226 1150 422 1222; x_wconf 73' lang='lat' dir='ltr'>aaaa&#39;errmt,</span> <span class='ocrx_word' id='word_1_65' title='bbox 447 1153 546 1209; x_wconf 79' lang='lat' dir='ltr'>omnic</span> <span class='ocrx_word' id='word_1_66' title='bbox 565 1149 657 1222; x_wconf 83' lang='lat' dir='ltr'>facta</span> <span class='ocrx_word' id='word_1_67' title='bbox 679 1155 751 1209; x_wconf 83' lang='lat' dir='ltr'>sant</span> <span class='ocrx_word' id='word_1_68' title='bbox 770 1166 857 1210; x_wconf 79' lang='lat' dir='ltr'>aava.</span> 
     </span>
     <span class='ocr_line' id='line_1_9' title="bbox 189 1244 1372 1330; baseline 0.002 -21"><span class='ocrx_word' id='word_1_69' title='bbox 189 1245 217 1309; x_wconf 80' lang='lat'>5.</span> <span class='ocrx_word' id='word_1_70' title='bbox 260 1244 405 1310; x_wconf 87' lang='lat' dir='ltr'>Litterae</span> <span class='ocrx_word' id='word_1_71' title='bbox 432 1250 517 1310; x_wconf 86' lang='lat' dir='ltr'>certe</span> <span class='ocrx_word' id='word_1_72' title='bbox 544 1252 669 1312; x_wconf 87' lang='lat' dir='ltr'>vestrae</span> <span class='ocrx_word' id='word_1_73' title='bbox 698 1246 874 1311; x_wconf 90' lang='lat' dir='ltr'>catholicae</span> <span class='ocrx_word' id='word_1_74' title='bbox 896 1247 970 1311; x_wconf 91' lang='lat' dir='ltr'>fidei</span> <span class='ocrx_word' id='word_1_75' title='bbox 992 1248 1183 1330; x_wconf 88' lang='lat' dir='ltr'>praedicant</span> <span class='ocrx_word' id='word_1_76' title='bbox 1204 1249 1372 1329; x_wconf 88' lang='lat' dir='ltr'>unitatem,</span> 
     </span>
    </p>
   </div>
   <div class='ocr_carea' id='block_1_3' title="bbox 1363 1017 1474 1152">
    <p class='ocr_par' dir='ltr' id='par_1_3' title="bbox 1363 1017 1474 1152">
     <span class='ocr_line' id='line_1_10' title="bbox 1386 1017 1474 1072; baseline 0.011 -2"><span class='ocrx_word' id='word_1_77' title='bbox 1386 1024 1401 1070; x_wconf 92' lang='grc'><strong>2</strong></span> <span class='ocrx_word' id='word_1_78' title='bbox 1413 1017 1474 1072; x_wconf 81' lang='lat' dir='ltr'>Cor.</span> 
     </span>
     <span class='ocr_line' id='line_1_11' title="bbox 1363 1092 1462 1152; baseline -0.01 -12"><span class='ocrx_word' id='word_1_79' title='bbox 1363 1094 1372 1122; x_wconf 75' lang='lat'><em>³</em></span> <span class='ocrx_word' id='word_1_80' title='bbox 1393 1092 1462 1152; x_wconf 66' lang='lat' dir='ltr'>aar.</span> 
     </span>
    </p>
   </div>
   <div class='ocr_carea' id='block_1_4' title="bbox 109 1347 1526 2963">
    <p class='ocr_par' dir='ltr' id='par_1_4' title="bbox 109 1347 1526 2963">
     <span class='ocr_line' id='line_1_12' title="bbox 109 1347 1375 1434; baseline 0.001 -22"><span class='ocrx_word' id='word_1_81' title='bbox 109 1367 275 1431; x_wconf 60' lang='lat' dir='ltr'>racemque</span> <span class='ocrx_word' id='word_1_82' title='bbox 298 1347 505 1412; x_wconf 88' lang='lat' dir='ltr'>eeclesiarum</span> <span class='ocrx_word' id='word_1_83' title='bbox 526 1349 617 1434; x_wconf 85' lang='lat' dir='ltr'>regia</span> <span class='ocrx_word' id='word_1_84' title='bbox 639 1350 761 1433; x_wconf 90' lang='lat' dir='ltr'>pietate</span> <span class='ocrx_word' id='word_1_85' title='bbox 783 1349 1007 1433; x_wconf 90' lang='lat' dir='ltr'>pronuntiant.</span> <span class='ocrx_word' id='word_1_86' title='bbox 1045 1348 1132 1425; x_wconf 76' lang='lat' dir='ltr'>Quae</span> <span class='ocrx_word' id='word_1_87' title='bbox 1148 1373 1243 1434; x_wconf 90' lang='lat' dir='ltr'>quum</span> <span class='ocrx_word' id='word_1_88' title='bbox 1267 1350 1375 1414; x_wconf 88' lang='lat' dir='ltr'>debito</span> 
     </span>
     <span class='ocr_line' id='line_1_13' title="bbox 109 1449 1374 1538; baseline -0.001 -22"><span class='ocrx_word' id='word_1_89' title='bbox 109 1470 222 1516; x_wconf 88' lang='lat' dir='ltr'>onore</span> <span class='ocrx_word' id='word_1_90' title='bbox 243 1449 439 1534; x_wconf 86' lang='lat' dir='ltr'>legerentur,</span> <span class='ocrx_word' id='word_1_91' title='bbox 468 1451 607 1534; x_wconf 87' lang='lat' dir='ltr'>qualiter</span> <span class='ocrx_word' id='word_1_92' title='bbox 627 1473 752 1516; x_wconf 89' lang='lat' dir='ltr'>mecum</span> <span class='ocrx_word' id='word_1_93' title='bbox 773 1454 860 1514; x_wconf 89' lang='lat' dir='ltr'>totus</span> <span class='ocrx_word' id='word_1_94' title='bbox 883 1451 959 1515; x_wconf 91' lang='lat' dir='ltr'>ordo</span> <span class='ocrx_word' id='word_1_95' title='bbox 982 1451 1155 1538; x_wconf 67' lang='lat' dir='ltr'>Romanu)</span> <span class='ocrx_word' id='word_1_96' title='bbox 1183 1452 1374 1535; x_wconf 86' lang='lat' dir='ltr'>presbyterii</span> 
     </span>
     <span class='ocr_line' id='line_1_14' title="bbox 109 1550 1375 1637; baseline -0.002 -18"><span class='ocrx_word' id='word_1_97' title='bbox 109 1555 204 1619; x_wconf 81' lang='lat' dir='ltr'>itam</span> <span class='ocrx_word' id='word_1_98' title='bbox 223 1550 315 1614; x_wconf 81' lang='lat' dir='ltr'>robis</span> <span class='ocrx_word' id='word_1_99' title='bbox 341 1553 649 1637; x_wconf 84' lang='lat' dir='ltr'>prosperitatemque</span> <span class='ocrx_word' id='word_1_100' title='bbox 672 1553 857 1617; x_wconf 85' lang='lat' dir='ltr'>continuam</span> <span class='ocrx_word' id='word_1_101' title='bbox 879 1557 1045 1636; x_wconf 89' lang='lat' dir='ltr'>promptus</span> <span class='ocrx_word' id='word_1_102' title='bbox 1073 1575 1207 1617; x_wconf 85' lang='lat' dir='ltr'>exorans</span> <span class='ocrx_word' id='word_1_103' title='bbox 1230 1554 1375 1637; x_wconf 88' lang='lat' dir='ltr'>repetitis</span> 
     </span>
     <span class='ocr_line' id='line_1_15' title="bbox 109 1651 1375 1739; baseline 0.003 -24"><span class='ocrx_word' id='word_1_104' title='bbox 109 1651 229 1724; x_wconf 67' lang='lat' dir='ltr'>ssidue</span> <span class='ocrx_word' id='word_1_105' title='bbox 249 1652 381 1717; x_wconf 81' lang='lat' dir='ltr'>vocibus</span> <span class='ocrx_word' id='word_1_106' title='bbox 404 1654 601 1737; x_wconf 81' lang='lat' dir='ltr'>acclamarit,</span> <span class='ocrx_word' id='word_1_107' title='bbox 631 1659 664 1719; x_wconf 91' lang='lat' dir='ltr'>et</span> <span class='ocrx_word' id='word_1_108' title='bbox 685 1655 718 1719; x_wconf 93' lang='lat' dir='ltr'>hi</span> <span class='ocrx_word' id='word_1_109' title='bbox 741 1655 795 1739; x_wconf 93' lang='lat' dir='ltr'>qui</span> <span class='ocrx_word' id='word_1_110' title='bbox 818 1655 930 1719; x_wconf 81' lang='lat' dir='ltr'>directi</span> <span class='ocrx_word' id='word_1_111' title='bbox 953 1659 1029 1720; x_wconf 91' lang='lat' dir='ltr'>sunt</span> <span class='ocrx_word' id='word_1_112' title='bbox 1051 1656 1230 1738; x_wconf 77' lang='lat' dir='ltr'>audierunt,</span> <span class='ocrx_word' id='word_1_113' title='bbox 1255 1659 1288 1719; x_wconf 91' lang='lat' dir='ltr'>et</span> <span class='ocrx_word' id='word_1_114' title='bbox 1308 1656 1375 1720; x_wconf 93' lang='lat' dir='ltr'>ubi-</span> 
     </span>
     <span class='ocr_line' id='line_1_16' title="bbox 109 1754 1376 1849; baseline 0.001 -28"><span class='ocrx_word' id='word_1_115' title='bbox 109 1779 168 1849; x_wconf 64' lang='lat' dir='ltr'>que</span> <span class='ocrx_word' id='word_1_116' title='bbox 188 1754 278 1818; x_wconf 81' lang='lat' dir='ltr'>velox</span> <span class='ocrx_word' id='word_1_117' title='bbox 298 1757 369 1818; x_wconf 89' lang='lat' dir='ltr'>tam</span> <span class='ocrx_word' id='word_1_118' title='bbox 390 1756 547 1839; x_wconf 87' lang='lat' dir='ltr'>praeclari</span> <span class='ocrx_word' id='word_1_119' title='bbox 574 1757 682 1820; x_wconf 91' lang='lat' dir='ltr'>nuntii</span> <span class='ocrx_word' id='word_1_120' title='bbox 707 1756 827 1842; x_wconf 90' lang='lat' dir='ltr'>legatio</span> <span class='ocrx_word' id='word_1_121' title='bbox 849 1758 1025 1841; x_wconf 89' lang='lat' dir='ltr'>putabatur</span> <span class='ocrx_word' id='word_1_122' title='bbox 1046 1757 1185 1821; x_wconf 80' lang='lat' dir='ltr'>obviare.</span> <span class='ocrx_word' id='word_1_123' title='bbox 1231 1756 1376 1822; x_wconf 87' lang='lat' dir='ltr'>Necessi-</span> 
     </span>
     <span class='ocr_line' id='line_1_17' title="bbox 109 1856 1376 1944; baseline -0.002 -19"><span class='ocrx_word' id='word_1_124' title='bbox 109 1859 168 1931; x_wconf 62' lang='lat' dir='ltr'>aei</span> <span class='ocrx_word' id='word_1_125' title='bbox 190 1857 295 1940; x_wconf 89' lang='lat' dir='ltr'>populi</span> <span class='ocrx_word' id='word_1_126' title='bbox 317 1856 559 1922; x_wconf 83' lang='lat' dir='ltr'>Alexandrinae</span> <span class='ocrx_word' id='word_1_127' title='bbox 588 1859 727 1923; x_wconf 83' lang='lat' dir='ltr'>civitatis</span> <span class='ocrx_word' id='word_1_128' title='bbox 755 1860 859 1944; x_wconf 90' lang='lat' dir='ltr'>magis</span> <span class='ocrx_word' id='word_1_129' title='bbox 884 1860 919 1923; x_wconf 89' lang='lat' dir='ltr'>in</span> <span class='ocrx_word' id='word_1_130' title='bbox 942 1882 979 1923; x_wconf 89' lang='lat' dir='ltr'>ea</span> <span class='ocrx_word' id='word_1_131' title='bbox 1001 1863 1094 1944; x_wconf 89' lang='lat' dir='ltr'>parte</span> <span class='ocrx_word' id='word_1_132' title='bbox 1116 1860 1376 1942; x_wconf 88' lang='lat' dir='ltr'>prospiciendum</span> 
     </span>
     <span class='ocr_line' id='line_1_18' title="bbox 109 1959 1374 2044; baseline 0.003 -23"><span class='ocrx_word' id='word_1_133' title='bbox 109 1967 170 2042; x_wconf 57' lang='lat' dir='ltr'>est,</span> <span class='ocrx_word' id='word_1_134' title='bbox 195 1961 229 2021; x_wconf 90' lang='lat' dir='ltr'>ut</span> <span class='ocrx_word' id='word_1_135' title='bbox 255 1980 274 2022; x_wconf 87' lang='lat' dir='ltr'>a</span> <span class='ocrx_word' id='word_1_136' title='bbox 301 1959 448 2043; x_wconf 83' lang='lat' dir='ltr'>pestiferi</span> <span class='ocrx_word' id='word_1_137' title='bbox 475 1961 607 2025; x_wconf 89' lang='lat' dir='ltr'>rectoris</span> <span class='ocrx_word' id='word_1_138' title='bbox 635 1961 819 2025; x_wconf 86' lang='lat' dir='ltr'>retrahatur</span> <span class='ocrx_word' id='word_1_139' title='bbox 846 1962 981 2026; x_wconf 87' lang='lat' dir='ltr'>insidiis.</span> <span class='ocrx_word' id='word_1_140' title='bbox 1027 1961 1229 2026; x_wconf 78' lang='lat' dir='ltr'>Concurrent</span> <span class='ocrx_word' id='word_1_141' title='bbox 1255 1962 1374 2044; x_wconf 85' lang='lat' dir='ltr'>omnia,</span> 
     </span>
     <span class='ocr_line' id='line_1_19' title="bbox 110 2062 1526 2148; baseline 0.001 -24"><span class='ocrx_word' id='word_1_142' title='bbox 110 2081 254 2148; x_wconf 72' lang='lat' dir='ltr'>rogamus</span> <span class='ocrx_word' id='word_1_143' title='bbox 275 2083 397 2144; x_wconf 88' lang='lat' dir='ltr'>omnes,</span> <span class='ocrx_word' id='word_1_144' title='bbox 420 2065 466 2145; x_wconf 82' lang='lat' dir='ltr'>ut,</span> <span class='ocrx_word' id='word_1_145' title='bbox 490 2062 754 2146; x_wconf 88' lang='lat' dir='ltr'>quemadmodum</span> <span class='ocrx_word' id='word_1_146' title='bbox 776 2064 870 2128; x_wconf 87' lang='lat' dir='ltr'>docet</span> <span class='ocrx_word' id='word_1_147' title='bbox 884 2065 1056 2147; x_wconf 88' lang='lat' dir='ltr'>apostolus,</span> <span class='ocrx_word' id='word_1_148' title='bbox 1080 2064 1243 2127; x_wconf 90' lang='lat' dir='ltr'>auferatur</span> <span class='ocrx_word' id='word_1_149' title='bbox 1259 2064 1297 2127; x_wconf 88' lang='lat' dir='ltr'>de</span> <span class='ocrx_word' id='word_1_150' title='bbox 1312 2072 1526 2139; x_wconf 64' lang='lat' dir='ltr'>mallatura.</span> 
     </span>
     <span class='ocr_line' id='line_1_20' title="bbox 123 2163 1376 2250; baseline -0.002 -18"><span class='ocrx_word' id='word_1_151' title='bbox 123 2168 171 2232; x_wconf 89' lang='lat' dir='ltr'>dio</span> <span class='ocrx_word' id='word_1_152' title='bbox 195 2163 318 2246; x_wconf 81' lang='lat' dir='ltr'>quinos</span> <span class='ocrx_word' id='word_1_153' title='bbox 342 2164 529 2246; x_wconf 82' lang='lat' dir='ltr'>conturbat3</span> <span class='ocrx_word' id='word_1_154' title='bbox 558 2169 590 2227; x_wconf 91' lang='lat' dir='ltr'>et</span> <span class='ocrx_word' id='word_1_155' title='bbox 613 2186 660 2248; x_wconf 78' lang='lat' dir='ltr'>ea,</span> <span class='ocrx_word' id='word_1_156' title='bbox 690 2187 786 2249; x_wconf 90' lang='lat' dir='ltr'>quam</span> <span class='ocrx_word' id='word_1_157' title='bbox 808 2170 963 2250; x_wconf 81' lang='lat' dir='ltr'>augustae</span> <span class='ocrx_word' id='word_1_158' title='bbox 985 2166 1157 2229; x_wconf 85' lang='lat' dir='ltr'>memoriae</span> <span class='ocrx_word' id='word_1_159' title='bbox 1180 2164 1254 2249; x_wconf 85' lang='lat' dir='ltr'>Leo,</span> <span class='ocrx_word' id='word_1_160' title='bbox 1284 2170 1376 2249; x_wconf 85' lang='lat' dir='ltr'>pater</span> 
     </span>
     <span class='ocr_line' id='line_1_21' title="bbox 131 2263 1375 2352; baseline -0.002 -19"><span class='ocrx_word' id='word_1_161' title='bbox 131 2263 306 2349; x_wconf 80' lang='lat' dir='ltr'>eruditorque</span> <span class='ocrx_word' id='word_1_162' title='bbox 327 2269 444 2349; x_wconf 82' lang='lat' dir='ltr'>vester,</span> <span class='ocrx_word' id='word_1_163' title='bbox 469 2266 594 2350; x_wconf 86' lang='lat' dir='ltr'>jugiter</span> <span class='ocrx_word' id='word_1_164' title='bbox 616 2266 787 2331; x_wconf 84' lang='lat' dir='ltr'>custodivit</span> <span class='ocrx_word' id='word_1_165' title='bbox 814 2269 863 2331; x_wconf 87' lang='lat' dir='ltr'>vel</span> <span class='ocrx_word' id='word_1_166' title='bbox 892 2290 947 2332; x_wconf 85' lang='lat' dir='ltr'>vos</span> <span class='ocrx_word' id='word_1_167' title='bbox 976 2267 1227 2352; x_wconf 86' lang='lat' dir='ltr'>magnanimiter</span> <span class='ocrx_word' id='word_1_168' title='bbox 1249 2289 1375 2331; x_wconf 86' lang='lat' dir='ltr'>servare</span> 
     </span>
     <span class='ocr_line' id='line_1_22' title="bbox 140 2365 1376 2454; baseline 0.001 -23"><span class='ocrx_word' id='word_1_169' title='bbox 140 2365 287 2451; x_wconf 86' lang='lat' dir='ltr'>decernitis,</span> <span class='ocrx_word' id='word_1_170' title='bbox 311 2367 519 2432; x_wconf 86' lang='lat' dir='ltr'>ecclesiarum</span> <span class='ocrx_word' id='word_1_171' title='bbox 540 2367 604 2431; x_wconf 90' lang='lat' dir='ltr'>fida</span> <span class='ocrx_word' id='word_1_172' title='bbox 624 2390 699 2451; x_wconf 83' lang='lat' dir='ltr'>par,</span> <span class='ocrx_word' id='word_1_173' title='bbox 723 2390 798 2433; x_wconf 88' lang='lat' dir='ltr'>vera</span> <span class='ocrx_word' id='word_1_174' title='bbox 821 2371 864 2433; x_wconf 89' lang='lat' dir='ltr'>sit</span> <span class='ocrx_word' id='word_1_175' title='bbox 885 2371 1003 2453; x_wconf 85' lang='lat' dir='ltr'>unitas,</span> <span class='ocrx_word' id='word_1_176' title='bbox 1027 2370 1178 2454; x_wconf 90' lang='lat' dir='ltr'>quoniam</span> <span class='ocrx_word' id='word_1_177' title='bbox 1200 2370 1376 2453; x_wconf 86' lang='lat' dir='ltr'>euictmque</span> 
     </span>
     <span class='ocr_line' id='line_1_23' title="bbox 146 2469 1376 2554; baseline 0.003 -24"><span class='ocrx_word' id='word_1_178' title='bbox 146 2487 264 2550; x_wconf 88' lang='lat' dir='ltr'>personae</span> <span class='ocrx_word' id='word_1_179' title='bbox 280 2473 416 2553; x_wconf 90' lang='lat' dir='ltr'>patema</span> <span class='ocrx_word' id='word_1_180' title='bbox 439 2469 517 2534; x_wconf 87' lang='lat' dir='ltr'>fides</span> <span class='ocrx_word' id='word_1_181' title='bbox 540 2473 572 2533; x_wconf 90' lang='lat' dir='ltr'>et</span> <span class='ocrx_word' id='word_1_182' title='bbox 594 2470 681 2533; x_wconf 88' lang='lat' dir='ltr'>beati</span> <span class='ocrx_word' id='word_1_183' title='bbox 705 2470 792 2534; x_wconf 90' lang='lat' dir='ltr'>Petri</span> <span class='ocrx_word' id='word_1_184' title='bbox 816 2471 995 2536; x_wconf 86' lang='lat' dir='ltr'>communio</span> <span class='ocrx_word' id='word_1_185' title='bbox 1018 2471 1113 2535; x_wconf 89' lang='lat' dir='ltr'>debet</span> <span class='ocrx_word' id='word_1_186' title='bbox 1127 2471 1293 2554; x_wconf 80' lang='lat' dir='ltr'>praeferri.</span> <span class='ocrx_word' id='word_1_187' title='bbox 1318 2471 1376 2534; x_wconf 84' lang='lat' dir='ltr'>At-</span> 
     </span>
     <span class='ocr_line' id='line_1_24' title="bbox 151 2569 1377 2657; baseline 0.004 -27"><span class='ocrx_word' id='word_1_188' title='bbox 151 2589 192 2651; x_wconf 88' lang='lat' dir='ltr'>que</span> <span class='ocrx_word' id='word_1_189' title='bbox 208 2569 239 2632; x_wconf 88' lang='lat' dir='ltr'>ad</span> <span class='ocrx_word' id='word_1_190' title='bbox 255 2575 389 2636; x_wconf 81' lang='lat' dir='ltr'>vestram</span> <span class='ocrx_word' id='word_1_191' title='bbox 411 2572 548 2657; x_wconf 81' lang='lat' dir='ltr'>gloriam</span> <span class='ocrx_word' id='word_1_192' title='bbox 570 2572 653 2636; x_wconf 90' lang='lat' dir='ltr'>sicut</span> <span class='ocrx_word' id='word_1_193' title='bbox 674 2573 800 2655; x_wconf 90' lang='lat' dir='ltr'>imperii</span> <span class='ocrx_word' id='word_1_194' title='bbox 822 2575 919 2637; x_wconf 89' lang='lat' dir='ltr'>vestri</span> <span class='ocrx_word' id='word_1_195' title='bbox 946 2572 1085 2637; x_wconf 86' lang='lat' dir='ltr'>felicitas</span> <span class='ocrx_word' id='word_1_196' title='bbox 1108 2573 1155 2636; x_wconf 88' lang='lat' dir='ltr'>ita</span> <span class='ocrx_word' id='word_1_197' title='bbox 1174 2577 1248 2657; x_wconf 91' lang='lat' dir='ltr'>post</span> <span class='ocrx_word' id='word_1_198' title='bbox 1273 2573 1377 2637; x_wconf 87' lang='lat' dir='ltr'>Deum</span> 
     </span>
     <span class='ocr_line' id='line_1_25' title="bbox 155 2670 1375 2760; baseline 0.003 -26"><span class='ocrx_word' id='word_1_199' title='bbox 155 2670 271 2748; x_wconf 74' lang='lat' dir='ltr'>partirem</span> <span class='ocrx_word' id='word_1_200' title='bbox 288 2674 440 2738; x_wconf 88' lang='lat' dir='ltr'>doceatur</span> <span class='ocrx_word' id='word_1_201' title='bbox 460 2674 554 2759; x_wconf 90' lang='lat' dir='ltr'>regni</span> <span class='ocrx_word' id='word_1_202' title='bbox 577 2674 722 2738; x_wconf 86' lang='lat' dir='ltr'>eoelestis</span> <span class='ocrx_word' id='word_1_203' title='bbox 737 2676 924 2760; x_wconf 83' lang='lat' dir='ltr'>integritas:</span> <span class='ocrx_word' id='word_1_204' title='bbox 947 2679 983 2738; x_wconf 90' lang='lat' dir='ltr'>ut</span> <span class='ocrx_word' id='word_1_205' title='bbox 998 2676 1036 2738; x_wconf 91' lang='lat' dir='ltr'>de</span> <span class='ocrx_word' id='word_1_206' title='bbox 1053 2676 1248 2740; x_wconf 88' lang='lat' dir='ltr'>conservatis</span> <span class='ocrx_word' id='word_1_207' title='bbox 1264 2676 1375 2740; x_wconf 79' lang='lat' dir='ltr'>Eccle-</span> 
     </span>
     <span class='ocr_line' id='line_1_26' title="bbox 156 2768 1374 2862; baseline 0.005 -29"><span class='ocrx_word' id='word_1_208' title='bbox 156 2768 200 2832; x_wconf 70' lang='lat' dir='ltr'>siae</span> <span class='ocrx_word' id='word_1_209' title='bbox 210 2793 268 2837; x_wconf 87' lang='lat' dir='ltr'>suae</span> <span class='ocrx_word' id='word_1_210' title='bbox 280 2775 403 2860; x_wconf 89' lang='lat' dir='ltr'>legibus</span> <span class='ocrx_word' id='word_1_211' title='bbox 417 2776 663 2861; x_wconf 85' lang='lat' dir='ltr'>tranquillitatis</span> <span class='ocrx_word' id='word_1_212' title='bbox 678 2784 752 2841; x_wconf 89' lang='lat' dir='ltr'>tuae</span> <span class='ocrx_word' id='word_1_213' title='bbox 768 2777 1025 2841; x_wconf 88' lang='lat' dir='ltr'>benevolentiam</span> <span class='ocrx_word' id='word_1_214' title='bbox 1037 2776 1183 2842; x_wconf 79' lang='lat' dir='ltr'>Christus</span> <span class='ocrx_word' id='word_1_215' title='bbox 1199 2799 1374 2862; x_wconf 75' lang='lat' dir='ltr'>assumens,</span> 
     </span>
     <span class='ocr_line' id='line_1_27' title="bbox 158 2870 1133 2963; baseline 0.016 -37"><span class='ocrx_word' id='word_1_216' title='bbox 158 2870 179 2928; x_wconf 84' lang='lat' dir='ltr'>et</span> <span class='ocrx_word' id='word_1_217' title='bbox 192 2873 349 2957; x_wconf 88' lang='lat' dir='ltr'>temporalia</span> <span class='ocrx_word' id='word_1_218' title='bbox 371 2878 431 2942; x_wconf 91' lang='lat' dir='ltr'>tibi</span> <span class='ocrx_word' id='word_1_219' title='bbox 454 2878 538 2943; x_wconf 92' lang='lat' dir='ltr'>dona</span> <span class='ocrx_word' id='word_1_220' title='bbox 560 2879 752 2963; x_wconf 87' lang='lat' dir='ltr'>multiplicet</span> <span class='ocrx_word' id='word_1_221' title='bbox 774 2881 805 2942; x_wconf 92' lang='lat' dir='ltr'>et</span> <span class='ocrx_word' id='word_1_222' title='bbox 827 2883 968 2963; x_wconf 88' lang='lat' dir='ltr'>praestet</span> <span class='ocrx_word' id='word_1_223' title='bbox 990 2882 1133 2942; x_wconf 89' lang='lat' dir='ltr'>aeterna.</span> 
     </span>
    </p>
   </div>
   <div class='ocr_carea' id='block_1_5' title="bbox 611 3101 875 3204">
    <p class='ocr_par' dir='ltr' id='par_1_5' title="bbox 611 3097 875 3204">
     <span class='ocr_line' id='line_1_28' title="bbox 611 3101 875 3204; baseline 0 -20"><span class='ocrx_word' id='word_1_224' title='bbox 611 3101 793 3204; x_wconf 82' lang='lat' dir='ltr'>Epistola</span> <span class='ocrx_word' id='word_1_225' title='bbox 821 3102 875 3185; x_wconf 82' lang='lat'>16.</span> 
     </span>
    </p>
   </div>
   <div class='ocr_carea' id='block_1_6' title="bbox 216 3241 1510 3440">
    <p class='ocr_par' dir='ltr' id='par_1_6' title="bbox 216 3241 1510 3440">
     <span class='ocr_line' id='line_1_29' title="bbox 216 3241 1510 3337; baseline 0.009 -27"><span class='ocrx_word' id='word_1_226' title='bbox 216 3241 326 3319; x_wconf 79' lang='lat' dir='ltr'>Felicis</span> <span class='ocrx_word' id='word_1_227' title='bbox 347 3269 459 3337; x_wconf 84' lang='lat' dir='ltr'>papae</span> <span class='ocrx_word' id='word_1_228' title='bbox 481 3253 526 3319; x_wconf 86' lang='lat' dir='ltr'>ad</span> <span class='ocrx_word' id='word_1_229' title='bbox 548 3255 757 3321; x_wconf 77' lang='lat' dir='ltr'>Thalasium</span> <span class='ocrx_word' id='word_1_230' title='bbox 778 3253 1101 3320; x_wconf 84' lang='lat' dir='ltr'>archimandritam</span> <span class='ocrx_word' id='word_1_231' title='bbox 1125 3254 1291 3320; x_wconf 76' lang='lat' dir='ltr'>Constan-</span> <span class='ocrx_word' id='word_1_232' title='bbox 1389 3248 1510 3328; x_wconf 53' lang='lat'>249051·</span> 
     </span>
     <span class='ocr_line' id='line_1_30' title="bbox 346 3318 1494 3440; baseline 0.012 -21"><span class='ocrx_word' id='word_1_233' title='bbox 346 3365 356 3374; x_wconf 89' lang='grc'><strong><em>·</em></strong></span> <span class='ocrx_word' id='word_1_234' title='bbox 592 3357 887 3440; x_wconf 77' lang='lat' dir='ltr'>ernoporrunum.</span> <span class='ocrx_word' id='word_1_235' title='bbox 1405 3318 1494 3386; x_wconf 68' lang='lat' dir='ltr'>¹M²³·</span> 
     </span>
    </p>
   </div>
   <div class='ocr_carea' id='block_1_7' title="bbox 109 3474 1343 3650">
    <p class='ocr_par' dir='ltr' id='par_1_7' title="bbox 109 3474 1343 3650">
     <span class='ocr_line' id='line_1_31' title="bbox 109 3474 1343 3562; baseline -0.002 -15"><span class='ocrx_word' id='word_1_236' title='bbox 109 3484 155 3547; x_wconf 68' lang='lat' dir='ltr'>lli·</span> <span class='ocrx_word' id='word_1_237' title='bbox 184 3474 210 3526; x_wconf 52' lang='grc' dir='ltr'>Χῖ</span> <span class='ocrx_word' id='word_1_238' title='bbox 221 3499 264 3538; x_wconf 66' lang='lat'>⁰¹⁶⁸</span> <span class='ocrx_word' id='word_1_239' title='bbox 277 3498 378 3548; x_wconf 59' lang='lat' dir='ltr'>roclena</span> <span class='ocrx_word' id='word_1_240' title='bbox 397 3497 677 3562; x_wconf 78' lang='lat' dir='ltr'>Constantinopolitano</span> <span class='ocrx_word' id='word_1_241' title='bbox 695 3500 734 3548; x_wconf 82' lang='lat' dir='ltr'>eet</span> <span class='ocrx_word' id='word_1_242' title='bbox 750 3499 808 3561; x_wconf 83' lang='lat' dir='ltr'>ejas</span> <span class='ocrx_word' id='word_1_243' title='bbox 820 3499 942 3561; x_wconf 80' lang='lat' dir='ltr'>episcopo</span> <span class='ocrx_word' id='word_1_244' title='bbox 961 3499 1016 3561; x_wconf 81' lang='lat' dir='ltr'>ipre</span> <span class='ocrx_word' id='word_1_245' title='bbox 1029 3504 1073 3546; x_wconf 83' lang='lat' dir='ltr'>cat</span> <span class='ocrx_word' id='word_1_246' title='bbox 1084 3498 1198 3547; x_wconf 82' lang='lat' dir='ltr'>moaucta&#39;</span> <span class='ocrx_word' id='word_1_247' title='bbox 1215 3497 1272 3558; x_wconf 78' lang='lat' dir='ltr'>ejas</span> <span class='ocrx_word' id='word_1_248' title='bbox 1284 3503 1343 3545; x_wconf 85' lang='lat' dir='ltr'>aute</span> 
     </span>
     <span class='ocr_line' id='line_1_32' title="bbox 360 3582 1136 3650; baseline -0.004 -18"><span class='ocrx_word' id='word_1_249' title='bbox 360 3584 547 3641; x_wconf 74' lang='lat' dir='ltr'>commulceat,</span> <span class='ocrx_word' id='word_1_250' title='bbox 567 3599 639 3647; x_wconf 67' lang='lat' dir='ltr'>ptam</span> <span class='ocrx_word' id='word_1_251' title='bbox 656 3599 673 3632; x_wconf 88' lang='lat' dir='ltr'>a</span> <span class='ocrx_word' id='word_1_252' title='bbox 690 3583 752 3631; x_wconf 84' lang='lat' dir='ltr'>sede</span> <span class='ocrx_word' id='word_1_253' title='bbox 769 3584 912 3647; x_wconf 80' lang='lat' dir='ltr'>apostolica</span> <span class='ocrx_word' id='word_1_254' title='bbox 923 3583 995 3642; x_wconf 81' lang='lat' dir='ltr'>jassi</span> <span class='ocrx_word' id='word_1_255' title='bbox 1008 3582 1116 3644; x_wconf 76' lang='lat' dir='ltr'>suerint.</span> <span class='ocrx_word' id='word_1_256' title='bbox 1134 3647 1136 3650; x_wconf 57' lang='lat'>.</span> 
     </span>
    </p>
   </div>
   <div class='ocr_carea' id='block_1_8' title="bbox 270 3725 595 3796">
    <p class='ocr_par' dir='ltr' id='par_1_8' title="bbox 270 3725 595 3796">
     <span class='ocr_line' id='line_1_33' title="bbox 270 3725 595 3796; baseline 0.012 -4"><span class='ocrx_word' id='word_1_257' title='bbox 270 3725 372 3795; x_wconf 77' lang='lat' dir='ltr'>Felix</span> <span class='ocrx_word' id='word_1_258' title='bbox 394 3730 595 3796; x_wconf 80' lang='lat' dir='ltr'>Thalasio</span> 
     </span>
    </p>
   </div>
   <div class='ocr_carea' id='block_1_9' title="bbox 109 3831 1378 3937">
    <p class='ocr_par' dir='ltr' id='par_1_9' title="bbox 109 3831 1378 3937">
     <span class='ocr_line' id='line_1_34' title="bbox 109 3831 1378 3937; baseline 0.004 -29"><span class='ocrx_word' id='word_1_259' title='bbox 109 3874 111 3879; x_wconf 95' lang='lat'>·</span> <span class='ocrx_word' id='word_1_260' title='bbox 219 3831 279 3909; x_wconf 78' lang='lat' dir='ltr'>Post</span> <span class='ocrx_word' id='word_1_261' title='bbox 299 3850 402 3916; x_wconf 87' lang='lat' dir='ltr'>factas</span> <span class='ocrx_word' id='word_1_262' title='bbox 424 3851 561 3936; x_wconf 86' lang='lat' dir='ltr'>litteras,</span> <span class='ocrx_word' id='word_1_263' title='bbox 589 3874 667 3937; x_wconf 91' lang='lat' dir='ltr'>quas</span> <span class='ocrx_word' id='word_1_264' title='bbox 691 3874 750 3936; x_wconf 91' lang='lat' dir='ltr'>per</span> <span class='ocrx_word' id='word_1_265' title='bbox 771 3851 853 3916; x_wconf 91' lang='lat' dir='ltr'>filios</span> <span class='ocrx_word' id='word_1_266' title='bbox 875 3852 1035 3936; x_wconf 85' lang='lat' dir='ltr'>nostros¹)</span> <span class='ocrx_word' id='word_1_267' title='bbox 1058 3851 1201 3935; x_wconf 87' lang='lat' dir='ltr'>religiosi</span> <span class='ocrx_word' id='word_1_268' title='bbox 1222 3850 1378 3936; x_wconf 87' lang='lat' dir='ltr'>propositi</span> 
     </span>
    </p>
   </div>
   <div class='ocr_carea' id='block_1_10' title="bbox 167 3977 212 3991">
    <p class='ocr_par' dir='ltr' id='par_1_10' title="bbox 167 3977 212 3991">
     <span class='ocr_line' id='line_1_35' title="bbox 167 3977 212 3991; baseline 0 0"><span class='ocrx_word' id='word_1_269' title='bbox 167 3977 212 3991; x_wconf 36' lang='grc' dir='ltr'>Ν.</span> 
     </span>
    </p>
   </div>
   <div class='ocr_carea' id='block_1_11' title="bbox 109 3989 236 4031">
    <p class='ocr_par' dir='ltr' id='par_1_11' title="bbox 109 3989 236 4031">
     <span class='ocr_line' id='line_1_36' title="bbox 109 3989 236 4031; baseline 0 -33"><span class='ocrx_word' id='word_1_270' title='bbox 109 3989 236 4031; x_wconf 50' lang='lat' dir='ltr'>f-.</span> 
     </span>
    </p>
   </div>
   <div class='ocr_carea' id='block_1_12' title="bbox 169 4072 1379 5090">
    <p class='ocr_par' dir='ltr' id='par_1_12' title="bbox 169 4072 1379 4503">
     <span class='ocr_line' id='line_1_37' title="bbox 209 4072 1379 4165; baseline -0.002 -22"><span class='ocrx_word' id='word_1_271' title='bbox 209 4072 275 4165; x_wconf 66' lang='lat' dir='ltr'>liiii</span> <span class='ocrx_word' id='word_1_272' title='bbox 291 4090 380 4145; x_wconf 79' lang='lat' dir='ltr'>verbis</span> <span class='ocrx_word' id='word_1_273' title='bbox 401 4090 480 4147; x_wconf 81' lang='lat' dir='ltr'>Felix</span> <span class='ocrx_word' id='word_1_274' title='bbox 502 4092 599 4160; x_wconf 85' lang='lat' dir='ltr'>aperte</span> <span class='ocrx_word' id='word_1_275' title='bbox 622 4090 808 4156; x_wconf 88' lang='lat' dir='ltr'>demonstrat,</span> <span class='ocrx_word' id='word_1_276' title='bbox 831 4106 886 4158; x_wconf 90' lang='lat' dir='ltr'>quo</span> <span class='ocrx_word' id='word_1_277' title='bbox 909 4107 989 4145; x_wconf 86' lang='lat' dir='ltr'>sensu</span> <span class='ocrx_word' id='word_1_278' title='bbox 1012 4089 1040 4142; x_wconf 93' lang='lat' dir='ltr'>in</span> <span class='ocrx_word' id='word_1_279' title='bbox 1064 4089 1144 4159; x_wconf 85' lang='lat' dir='ltr'>epist.</span> <span class='ocrx_word' id='word_1_280' title='bbox 1164 4095 1180 4141; x_wconf 84' lang='grc'><strong>6</strong></span> <span class='ocrx_word' id='word_1_281' title='bbox 1198 4108 1224 4143; x_wconf 89' lang='lat' dir='ltr'>n.</span> <span class='ocrx_word' id='word_1_282' title='bbox 1244 4095 1259 4142; x_wconf 98' lang='grc'><strong>2</strong></span> <span class='ocrx_word' id='word_1_283' title='bbox 1278 4088 1379 4142; x_wconf 83' lang='lat' dir='ltr'>dixerit</span> 
     </span>
     <span class='ocr_line' id='line_1_38' title="bbox 169 4144 1377 4246; baseline -0.003 -15"><span class='ocrx_word' id='word_1_284' title='bbox 169 4144 256 4242; x_wconf 45' lang='lat' dir='ltr'>Qum</span> <span class='ocrx_word' id='word_1_285' title='bbox 269 4177 401 4231; x_wconf 63' lang='lat' dir='ltr'>mantua</span> <span class='ocrx_word' id='word_1_286' title='bbox 418 4195 591 4246; x_wconf 81' lang='lat' dir='ltr'>nunquamque</span> <span class='ocrx_word' id='word_1_287' title='bbox 609 4179 776 4229; x_wconf 78' lang='lat' dir='ltr'>anathematis</span> <span class='ocrx_word' id='word_1_288' title='bbox 793 4180 889 4230; x_wconf 80' lang='lat' dir='ltr'>vineato</span> <span class='ocrx_word' id='word_1_289' title='bbox 907 4181 1057 4229; x_wconf 76' lang='lat' dir='ltr'>carcrisiam.</span> <span class='ocrx_word' id='word_1_290' title='bbox 1093 4175 1134 4228; x_wconf 83' lang='lat' dir='ltr'>Ao</span> <span class='ocrx_word' id='word_1_291' title='bbox 1151 4190 1217 4227; x_wconf 87' lang='lat' dir='ltr'>vero</span> <span class='ocrx_word' id='word_1_292' title='bbox 1235 4173 1377 4242; x_wconf 85' lang='lat' dir='ltr'>superiore</span> 
     </span>
     <span class='ocr_line' id='line_1_39' title="bbox 170 4239 1376 4329; baseline -0.003 -15"><span class='ocrx_word' id='word_1_293' title='bbox 170 4239 340 4316; x_wconf 52' lang='lat' dir='ltr'>‘libbam</span> <span class='ocrx_word' id='word_1_294' title='bbox 356 4262 479 4316; x_wconf 81' lang='lat' dir='ltr'>testatus</span> <span class='ocrx_word' id='word_1_295' title='bbox 497 4261 552 4328; x_wconf 83' lang='lat' dir='ltr'>ert,</span> <span class='ocrx_word' id='word_1_296' title='bbox 569 4277 598 4315; x_wconf 88' lang='lat' dir='ltr'>se</span> <span class='ocrx_word' id='word_1_297' title='bbox 616 4260 675 4329; x_wconf 89' lang='lat' dir='ltr'>ejus</span> <span class='ocrx_word' id='word_1_298' title='bbox 693 4260 895 4314; x_wconf 87' lang='lat' dir='ltr'>absolutionem</span> <span class='ocrx_word' id='word_1_299' title='bbox 912 4278 968 4314; x_wconf 91' lang='lat' dir='ltr'>nou</span> <span class='ocrx_word' id='word_1_300' title='bbox 986 4259 1045 4313; x_wconf 92' lang='lat' dir='ltr'>solo</span> <span class='ocrx_word' id='word_1_301' title='bbox 1064 4259 1166 4313; x_wconf 82' lang='lat' dir='ltr'>aii&#39;ectu</span> <span class='ocrx_word' id='word_1_302' title='bbox 1183 4258 1311 4311; x_wconf 85' lang='lat' dir='ltr'>maluisse</span> <span class='ocrx_word' id='word_1_303' title='bbox 1329 4258 1376 4310; x_wconf 86' lang='lat' dir='ltr'>aed</span> 
     </span>
     <span class='ocr_line' id='line_1_40' title="bbox 171 4317 1379 4416; baseline -0.005 -16"><span class='ocrx_word' id='word_1_304' title='bbox 171 4317 397 4400; x_wconf 65' lang='lat' dir='ltr'>ellatlitoralibus</span> <span class='ocrx_word' id='word_1_305' title='bbox 413 4349 592 4416; x_wconf 79' lang='lat' dir='ltr'>prosecutum</span> <span class='ocrx_word' id='word_1_306' title='bbox 604 4362 677 4400; x_wconf 83' lang='lat' dir='ltr'>esee:</span> <span class='ocrx_word' id='word_1_307' title='bbox 697 4351 772 4400; x_wconf 85' lang='lat' dir='ltr'>etiam</span> <span class='ocrx_word' id='word_1_308' title='bbox 790 4349 861 4399; x_wconf 83' lang='lat' dir='ltr'>nobis</span> <span class='ocrx_word' id='word_1_309' title='bbox 873 4349 1034 4408; x_wconf 80' lang='lat' dir='ltr'>conantibus,</span> <span class='ocrx_word' id='word_1_310' title='bbox 1053 4343 1105 4410; x_wconf 80' lang='lat' dir='ltr'>ait,</span> <span class='ocrx_word' id='word_1_311' title='bbox 1124 4354 1225 4397; x_wconf 76' lang='lat' dir='ltr'>nonest</span> <span class='ocrx_word' id='word_1_312' title='bbox 1240 4347 1379 4410; x_wconf 82' lang='lat' dir='ltr'>permissus</span> 
     </span>
     <span class='ocr_line' id='line_1_41' title="bbox 171 4403 1066 4503; baseline 0.004 -24"><span class='ocrx_word' id='word_1_313' title='bbox 171 4403 238 4503; x_wconf 62' lang='lat' dir='ltr'>dua</span> <span class='ocrx_word' id='word_1_314' title='bbox 263 4423 328 4484; x_wconf 81' lang='lat' dir='ltr'>conr.</span> <span class='ocrx_word' id='word_1_315' title='bbox 346 4430 428 4501; x_wconf 86' lang='lat' dir='ltr'>epist.</span> <span class='ocrx_word' id='word_1_316' title='bbox 447 4436 464 4485; x_wconf 85' lang='grc'><strong>6</strong></span> <span class='ocrx_word' id='word_1_317' title='bbox 481 4431 539 4484; x_wconf 89' lang='lat' dir='ltr'>not.</span> <span class='ocrx_word' id='word_1_318' title='bbox 559 4437 600 4485; x_wconf 76' lang='grc'>21.</span> <span class='ocrx_word' id='word_1_319' title='bbox 1061 4490 1066 4502; x_wconf 87' lang='lat'>.</span> 
     </span>
    </p>

    <p class='ocr_par' dir='ltr' id='par_1_13' title="bbox 172 4497 1379 4842">
     <span class='ocr_line' id='line_1_42' title="bbox 213 4497 1378 4586; baseline -0.003 -16"><span class='ocrx_word' id='word_1_320' title='bbox 213 4497 228 4564; x_wconf 69' lang='lat' dir='ltr'>&#39;l</span> <span class='ocrx_word' id='word_1_321' title='bbox 240 4505 395 4578; x_wconf 70' lang='lat' dir='ltr'>tamicae</span> <span class='ocrx_word' id='word_1_322' title='bbox 413 4514 487 4570; x_wconf 85' lang='lat' dir='ltr'>redis</span> <span class='ocrx_word' id='word_1_323' title='bbox 504 4517 646 4586; x_wconf 86' lang='lat' dir='ltr'>praesules</span> <span class='ocrx_word' id='word_1_324' title='bbox 658 4521 766 4571; x_wconf 80' lang='lat' dir='ltr'>Romani</span> <span class='ocrx_word' id='word_1_325' title='bbox 780 4520 938 4585; x_wconf 76' lang='lat' dir='ltr'>presbyterii</span> <span class='ocrx_word' id='word_1_326' title='bbox 953 4515 1064 4570; x_wconf 90' lang='lat' dir='ltr'>nomine</span> <span class='ocrx_word' id='word_1_327' title='bbox 1081 4514 1167 4568; x_wconf 90' lang='lat' dir='ltr'>totius</span> <span class='ocrx_word' id='word_1_328' title='bbox 1186 4513 1251 4568; x_wconf 87' lang='lat' dir='ltr'>cleri</span> <span class='ocrx_word' id='word_1_329' title='bbox 1264 4513 1306 4566; x_wconf 87' lang='lat' dir='ltr'>sui</span> <span class='ocrx_word' id='word_1_330' title='bbox 1319 4530 1378 4567; x_wconf 90' lang='lat' dir='ltr'>coe·</span> 
     </span>
     <span class='ocr_line' id='line_1_43' title="bbox 172 4567 1378 4672; baseline -0.003 -16"><span class='ocrx_word' id='word_1_331' title='bbox 172 4567 343 4668; x_wconf 50' lang='grc' dir='ltr'>ἴΨἫῑκιιίοῐὶ</span> <span class='ocrx_word' id='word_1_332' title='bbox 359 4601 451 4672; x_wconf 83' lang='lat' dir='ltr'>gradu</span> <span class='ocrx_word' id='word_1_333' title='bbox 469 4601 615 4671; x_wconf 78' lang='lat' dir='ltr'>designare</span> <span class='ocrx_word' id='word_1_334' title='bbox 633 4601 742 4668; x_wconf 86' lang='lat' dir='ltr'>solitos,</span> <span class='ocrx_word' id='word_1_335' title='bbox 761 4601 823 4669; x_wconf 89' lang='lat' dir='ltr'>jam</span> <span class='ocrx_word' id='word_1_336' title='bbox 841 4617 875 4654; x_wconf 81' lang='lat' dir='ltr'>ex</span> <span class='ocrx_word' id='word_1_337' title='bbox 896 4601 1035 4671; x_wconf 86' lang='lat' dir='ltr'>prioribus</span> <span class='ocrx_word' id='word_1_338' title='bbox 1057 4599 1168 4653; x_wconf 88' lang='lat' dir='ltr'>illorum</span> <span class='ocrx_word' id='word_1_339' title='bbox 1190 4597 1314 4668; x_wconf 87' lang='lat' dir='ltr'>epistolis</span> <span class='ocrx_word' id='word_1_340' title='bbox 1331 4617 1378 4652; x_wconf 89' lang='lat' dir='ltr'>no-</span> 
     </span>
     <span class='ocr_line' id='line_1_44' title="bbox 172 4653 1379 4756; baseline 0 -20"><span class='ocrx_word' id='word_1_341' title='bbox 172 4653 263 4728; x_wconf 64' lang='lat' dir='ltr'>imum</span> <span class='ocrx_word' id='word_1_342' title='bbox 275 4687 317 4738; x_wconf 84' lang='lat' dir='ltr'>est.</span> <span class='ocrx_word' id='word_1_343' title='bbox 349 4687 412 4742; x_wconf 89' lang='lat' dir='ltr'>Hoc</span> <span class='ocrx_word' id='word_1_344' title='bbox 429 4686 515 4741; x_wconf 86' lang='lat' dir='ltr'>etiam</span> <span class='ocrx_word' id='word_1_345' title='bbox 532 4686 706 4749; x_wconf 84' lang='lat' dir='ltr'>observabis,</span> <span class='ocrx_word' id='word_1_346' title='bbox 725 4687 837 4741; x_wconf 87' lang='lat' dir='ltr'>eosdem</span> <span class='ocrx_word' id='word_1_347' title='bbox 856 4703 925 4754; x_wconf 89' lang='lat' dir='ltr'>quas</span> <span class='ocrx_word' id='word_1_348' title='bbox 941 4703 992 4756; x_wconf 88' lang='lat' dir='ltr'>per</span> <span class='ocrx_word' id='word_1_349' title='bbox 1010 4686 1119 4753; x_wconf 85' lang='lat' dir='ltr'>legatos</span> <span class='ocrx_word' id='word_1_350' title='bbox 1138 4683 1289 4738; x_wconf 78' lang='lat' dir='ltr'>mittebant</span> <span class='ocrx_word' id='word_1_351' title='bbox 1307 4683 1379 4736; x_wconf 87' lang='lat' dir='ltr'>litte-</span> 
     </span>
     <span class='ocr_line' id='line_1_45' title="bbox 174 4751 1188 4842; baseline -0.002 -18"><span class='ocrx_word' id='word_1_352' title='bbox 174 4751 203 4792; x_wconf 61' lang='lat' dir='ltr'>m</span> <span class='ocrx_word' id='word_1_353' title='bbox 214 4764 280 4817; x_wconf 59' lang='lat' dir='ltr'>witin</span> <span class='ocrx_word' id='word_1_354' title='bbox 292 4770 461 4842; x_wconf 82' lang='lat' dir='ltr'>presbyterio</span> <span class='ocrx_word' id='word_1_355' title='bbox 481 4771 627 4840; x_wconf 77' lang='lat' dir='ltr'>ablegatis</span> <span class='ocrx_word' id='word_1_356' title='bbox 645 4771 712 4840; x_wconf 89' lang='lat' dir='ltr'>ipsis</span> <span class='ocrx_word' id='word_1_357' title='bbox 729 4770 923 4840; x_wconf 85' lang='lat' dir='ltr'>praesentibus</span> <span class='ocrx_word' id='word_1_358' title='bbox 940 4769 1053 4824; x_wconf 88' lang='lat' dir='ltr'>recitari</span> <span class='ocrx_word' id='word_1_359' title='bbox 1071 4785 1188 4823; x_wconf 85' lang='lat' dir='ltr'>curasse.</span> 
     </span>
    </p>

    <p class='ocr_par' dir='ltr' id='par_1_14' title="bbox 177 4834 1379 5010">
     <span class='ocr_line' id='line_1_46' title="bbox 219 4834 1379 4926; baseline -0.002 -18"><span class='ocrx_word' id='word_1_360' title='bbox 219 4834 232 4900; x_wconf 80' lang='lat' dir='ltr'>q</span> <span class='ocrx_word' id='word_1_361' title='bbox 244 4839 284 4901; x_wconf 64' lang='lat'>130⁵</span> <span class='ocrx_word' id='word_1_362' title='bbox 297 4853 421 4911; x_wconf 81' lang='lat' dir='ltr'>videlicet</span> <span class='ocrx_word' id='word_1_363' title='bbox 437 4855 524 4926; x_wconf 85' lang='lat' dir='ltr'>ipsos,</span> <span class='ocrx_word' id='word_1_364' title='bbox 542 4872 611 4925; x_wconf 86' lang='lat' dir='ltr'>quos</span> <span class='ocrx_word' id='word_1_365' title='bbox 629 4855 705 4909; x_wconf 84' lang='lat' dir='ltr'>Felix</span> <span class='ocrx_word' id='word_1_366' title='bbox 723 4862 807 4910; x_wconf 80' lang='lat' dir='ltr'>sancti</span> <span class='ocrx_word' id='word_1_367' title='bbox 821 4863 951 4923; x_wconf 84' lang='lat' dir='ltr'>propositi</span> <span class='ocrx_word' id='word_1_368' title='bbox 968 4859 1102 4909; x_wconf 76' lang='lat' dir='ltr'>monachos</span> <span class='ocrx_word' id='word_1_369' title='bbox 1119 4853 1149 4906; x_wconf 92' lang='lat' dir='ltr'>in</span> <span class='ocrx_word' id='word_1_370' title='bbox 1167 4854 1247 4923; x_wconf 88' lang='lat' dir='ltr'>epist.</span> <span class='ocrx_word' id='word_1_371' title='bbox 1268 4860 1299 4907; x_wconf 83' lang='lat' dir='ltr'>lb</span> <span class='ocrx_word' id='word_1_372' title='bbox 1317 4871 1343 4905; x_wconf 90' lang='lat' dir='ltr'>n.</span> <span class='ocrx_word' id='word_1_373' title='bbox 1363 4859 1379 4906; x_wconf 88' lang='grc'><strong>2</strong></span> 
     </span>
     <span class='ocr_line' id='line_1_47' title="bbox 177 4909 1379 5010; baseline -0.004 -16"><span class='ocrx_word' id='word_1_374' title='bbox 177 4909 206 4962; x_wconf 61' lang='lat' dir='ltr'>l‘l</span> <span class='ocrx_word' id='word_1_375' title='bbox 216 4929 312 4994; x_wconf 63' lang='lat' dir='ltr'>reliqua.</span> <span class='ocrx_word' id='word_1_376' title='bbox 326 4947 460 4998; x_wconf 73' lang='lat' dir='ltr'>aomclm</span> <span class='ocrx_word' id='word_1_377' title='bbox 477 4940 506 4994; x_wconf 91' lang='lat' dir='ltr'>in</span> <span class='ocrx_word' id='word_1_378' title='bbox 524 4941 603 5010; x_wconf 90' lang='lat' dir='ltr'>epist.</span> <span class='ocrx_word' id='word_1_379' title='bbox 626 4946 657 4994; x_wconf 82' lang='lat'>14</span> <span class='ocrx_word' id='word_1_380' title='bbox 674 4959 700 4994; x_wconf 91' lang='lat' dir='ltr'>n.</span> <span class='ocrx_word' id='word_1_381' title='bbox 720 4947 735 4994; x_wconf 94' lang='grc'><strong>2</strong></span> <span class='ocrx_word' id='word_1_382' title='bbox 753 4940 914 5010; x_wconf 88' lang='lat' dir='ltr'>appellavit.</span> <span class='ocrx_word' id='word_1_383' title='bbox 951 4939 992 4995; x_wconf 87' lang='lat' dir='ltr'>Ne</span> <span class='ocrx_word' id='word_1_384' title='bbox 1011 4956 1077 4995; x_wconf 91' lang='lat' dir='ltr'>vero</span> <span class='ocrx_word' id='word_1_385' title='bbox 1095 4940 1156 5008; x_wconf 90' lang='lat' dir='ltr'>quis</span> <span class='ocrx_word' id='word_1_386' title='bbox 1174 4940 1267 5009; x_wconf 82' lang='lat' dir='ltr'>putet,</span> <span class='ocrx_word' id='word_1_387' title='bbox 1285 4953 1379 4991; x_wconf 87' lang='lat' dir='ltr'>mona·</span> 
     </span>
    </p>

    <p class='ocr_par' dir='ltr' id='par_1_15' title="bbox 201 5014 1282 5090">
     <span class='ocr_line' id='line_1_48' title="bbox 201 5014 1282 5090; baseline 0.021 -34"><span class='ocrx_word' id='word_1_388' title='bbox 201 5014 311 5076; x_wconf 73' lang='lat' dir='ltr'>terrram</span> <span class='ocrx_word' id='word_1_389' title='bbox 321 5044 421 5086; x_wconf 72' lang='lat' dir='ltr'>nonar.</span> <span class='ocrx_word' id='word_1_390' title='bbox 435 5044 548 5081; x_wconf 74' lang='lat' dir='ltr'>rorare.</span> <span class='ocrx_word' id='word_1_391' title='bbox 565 5032 589 5082; x_wconf 92' lang='lat'>1.</span> <span class='ocrx_word' id='word_1_392' title='bbox 1136 5032 1175 5090; x_wconf 84' lang='lat'>18</span> <span class='ocrx_word' id='word_1_393' title='bbox 1279 5053 1282 5057; x_wconf 91' lang='lat'>·</span> 
     </span>
    </p>
   </div>
   <div class='ocr_carea' id='block_1_13' title="bbox 0 0 1629 5506">
    <p class='ocr_par' dir='ltr' id='par_1_16' title="bbox 0 0 1629 5506">
     <span class='ocr_line' id='line_1_49' title="bbox 0 0 1629 5506; baseline 0 0"><span class='ocrx_word' id='word_1_394' title='bbox 0 0 1629 5506; x_wconf 95' lang='lat' dir='ltr'> </span> 
     </span>
    </p>
   </div>
  </div>
 </body>
</html>
