3204 5506
117 395 121 402 .
227 340 291 406 442
573 407 577 415 ,
708 354 735 402 s.
753 353 893 403 ssnssn
917 354 1031 401 inens

120 536 145 571 a.
157 524 214 572 495.
229 510 405 597 apostolica
427 510 500 574 sede
521 509 621 573 fuisse
644 507 842 591 damnatum,
866 507 1023 592 facileque
1048 530 1100 572 eos
1117 530 1211 593 posse
1226 509 1265 573 de
1280 509 1409 575 istorum
1429 540 1452 581 si

228 614 324 698 plicio
353 613 558 693 corrmroveri,
589 616 626 675 ut
653 615 801 693 nossent,
831 610 906 694 quid
936 610 1077 675 vitarent
1103 614 1138 675 ct
1165 611 1241 695 quid
1271 633 1452 697 arnsequen:

118 702 124 713 ’
229 716 400 804 ambirent,
436 736 474 778 ac
507 714 589 777 velle
619 712 857 797 putarenturw)
891 713 1108 800 resipiscendo
1141 698 1248 798 magis
1276 714 1392 778 sentire
1420 741 1452 782 cr

228 818 335 900 rectis,
367 839 463 902 quam
481 816 606 901 jugiter
633 806 747 878 errare
763 837 834 878 cum
855 815 995 898 perfidis.
1040 813 1336 900 Exspectatumque
1362 816 1407 881 din
1422 839 1452 881 α

229 924 265 983 ut
287 920 337 983 his
365 919 544 982 rationibus
567 916 694 981 incitati
725 916 887 1001 contagia·
901 916 1043 980 nefanda
1072 916 1282 1001 deponerent,
1316 918 1393 1004 ut²⁰)
1414 937 1452 984 cu

229 1022 405 1106 apostolica
428 1019 502 1084 sede
524 1017 764 1101 consentiend0‚
789 1018 872 1082 sicut
894 1018 932 1082 de
956 1040 1065 1081 eorum
1084 1023 1249 1103 speratum
1270 1018 1452 1084 fueratrolu

229 1128 306 1207 tate,
330 1125 472 1187 nitentes
495 1121 661 1186 catholicis
684 1119 904 1184 sacerdotibus
920 1120 1108 1184 revocandis
1130 1117 1272 1186 studium
1289 1122 1387 1206 potius
1404 1137 1452 1187 er]

228 1227 412 1290 moderent:
446 1245 507 1307 quo
535 1223 597 1306 ipsi
626 1222 665 1285 ad
693 1221 902 1286 orthodoxam
931 1227 1134 1286 recurrerent
1156 1223 1325 1306 unitatem,
1358 1224 1452 1289 ctist

228 1330 280 1412 qui
303 1329 430 1392 illorum
445 1325 619 1409 participes
636 1325 751 1387 erroris
773 1310 974 1405 exstiterant,
998 1324 1224 1390 ministrarent
1238 1327 1439 1410 praestitutae

228 1429 420 1513 receptionis
448 1428 606 1490 effectmn.
652 1425 719 1490 Nec
748 1449 810 1510 qua
837 1426 907 1489 fieri
929 1426 1035 1509 potuit
1061 1427 1229 1492 occasione
1258 1433 1406 1493 cessatum
1423 1448 1452 1490 e

228 1555 290 1617 quo
312 1532 529 1613 competenter
557 1528 710 1592 admoniti
739 1532 772 1591 et
799 1527 999 1591 sufficienter
1027 1528 1177 1593 instructi
1205 1531 1328 1614 pariter
1355 1529 1452 1614 peris·

229 1633 359 1698 vitanda
381 1634 627 1715 cognoscerent,
658 1653 694 1694 ac
717 1632 827 1713 patere
849 1630 910 1693 sibi
935 1630 1086 1714 januam,
1116 1631 1144 1694 si
1172 1632 1307 1696 sinceris
1336 1631 1452 1697 mentik

228 1736 311 1799 hanc
334 1734 512 1819 petiissent,
538 1733 731 1816 apostolicae
754 1731 986 1796 communionis
1009 1733 1224 1798 adverterent.

313 1838 343 1901 9.
374 1835 435 1900 Sed
458 1835 532 1920 qnia
548 1857 584 1898 eo
599 1838 789 1919 perventum
811 1837 870 1915 est,
895 1838 931 1898 nt
945 1833 1157 1899 hortamentis
1179 1857 1304 1920 quoque
1325 1835 1446 1901 medicir

228 1940 322 2020 libus,
351 1938 427 2002 dum
455 1936 553 2000 etiam
575 1959 657 2021 quae
680 1936 839 2000 referrent
861 1936 1022 2000 contraria
1044 1960 1110 2001 uon
1132 1935 1301 2019 haberent,
1331 1938 1452 2003 differre

227 2046 336 2105 tamen
363 2040 519 2103 hactenus
546 2038 697 2102 adhibere
720 2060 921 2121 consensum,
949 2039 1077 2102 illorum
1099 2039 1228 2124 quidem
1251 2039 1452 2105 difficultatik

226 2148 396 2228 paternum
419 2140 586 2225 quemdam
609 2140 759 2204 debemus
782 2141 826 2224 pii
849 2139 966 2204 doloris
982 2140 1141 2221 affectum,
1165 2142 1375 2227 deprecantes
1396 2164 1452 2207 ona

228 2246 406 2330 potentiam
435 2242 494 2306 Dei
523 2243 640 2325 nostri,
670 2264 750 2326 quae
777 2241 845 2306 sola
873 2242 1017 2326 quamvis
1045 2242 1153 2307 devias
1181 2244 1215 2307 in
1228 2244 1391 2310 xveritatis
1411 2243 1452 2307 ri:

227 2351 333 2431 potest
362 2348 546 2411 convertere
575 2345 774 2426 volrnrtatcS,
804 2349 840 2408 ut
867 2344 985 2408 eisdem
1013 2367 1088 2408 suae
1117 2345 1357 2429 propitiationis
1386 2369 1452 2432 ope

227 2450 314 2513 tione
322 2450 362 2533 ²²)
396 2447 534 2510 mirabili
568 2447 716 2530 spiritum
750 2446 990 2530 resipiscentiae
1023 2451 1056 2511 et
1084 2447 1261 2512 efficaciam
1290 2448 1452 2514 correctis·

227 2551 401 2635 dignanter
423 2549 584 2612 infundat.
630 2548 718 2623 Quae
744 2549 854 2631 donec,
883 2549 967 2613 sicut
989 2549 1028 2612 de
1050 2549 1119 2633 ejus
1147 2550 1266 2614 virtute
1296 2550 1452 2615 confidinl

227 2652 337 2716 (lirina
359 2651 541 2733 placatione
564 2652 767 2734 proveniant,
790 2651 876 2731 hunc
899 2651 1039 2733 interim,
1067 2650 1121 2735 qui
1143 2651 1316 2736 supplicat,
1340 2652 1452 2717 deside

228 2753 335 2817 biliter
357 2755 558 2836 expetentem
587 2753 771 2817 nullatenus
799 2753 903 2837 perire
932 2754 1110 2837 patiamur:
1144 2757 1181 2817 ut
1208 2754 1299 2837 cujus
1328 2777 1393 2819 uon
1419 2777 1443 2820 a

228 2855 409 2920 Orientales
438 2854 616 2937 dejectione
646 2855 825 2940 perterriti,
859 2878 900 2918 ne
928 2855 962 2920 in
991 2878 1096 2919 errore
1128 2856 1349 2943 persisterent,
1384 2857 1452 2922 sal-t

228 2957 392 3021 curatione
414 2962 636 3040 provocentur,
661 2962 697 3022 ut
719 2958 852 3021 redeant
875 2957 913 3020 ad
937 2959 1088 3040 salutem,
1117 2958 1290 3043 praecipue
1315 2981 1412 3043 quum

227 3061 394 3144 positionis
417 3059 499 3123 sedis
507 3061 547 3142 ²³)
572 3060 765 3144 apostolicae
782 3060 985 3123 clementiam
1007 3064 1101 3123 tenor
1123 3045 1294 3125 comitetur
1314 3062 1385 3145 ipse
1399 3060 1444 3125 di

226 3186 307 3244 rrnn,
331 3183 433 3245 neque
455 3162 581 3244 prolata
604 3162 663 3225 sibi
687 3183 868 3246 repugnare
896 3162 1083 3226 constitutio
1106 3161 1280 3252 judicetur.
1320 3161 1452 3227 Definii

226 3265 343 3348 quippe
367 3267 424 3344 est,
449 3267 485 3326 ut
506 3264 650 3346 superius
670 3264 739 3346 jam
761 3263 961 3347 praedictum
977 3268 1035 3345 est,
1061 3264 1162 3342 eos²⁴)
1185 3263 1225 3327 de
1240 3263 1357 3348 quibus
1372 3264 1452 3350 amb

226 3371 358 3429 eatenus
380 3366 494 3428 debere
517 3366 678 3449 suspendi,
709 3372 804 3430 donec
826 3379 950 3430 auctore
974 3372 1036 3431 Ded
1063 3379 1092 3429 et
1111 3369 1268 3459 praesuiis
1291 3373 1452 3431 adnitere!

297 3638 325 3692 '⁹‘i
343 3636 387 3689 Ita
405 3637 439 3689 a*
453 3637 497 3688 Ni.
528 3638 566 3689 At
584 3635 651 3689 eriiti
670 3648 800 3704 putarent.

292 3723 324 3771 ’ἢ
344 3721 386 3774 lta
404 3721 453 3785 Νὴ
472 3721 571 3774 a¹bc⁷
589 3738 664 3789 seqq.
691 3742 740 3774 rena
763 3742 815 3774 rum
888 3728 1069 3777 consentiendo
1092 3721 1178 3790 (G¹a¹
1197 3727 1343 3791 tendendo)
1425 3741 1452 3773 ι

224 3817 312 3874 resque
382 3811 520 3860 reuocandi
539 3811 646 3859 studium
662 3812 748 3874 petias
765 3813 952 3861 commodarent
971 3807 1015 3872 iG¹
1029 3809 1056 3860 a¹
1075 3811 1298 3876 commendarent).
1335 3805 1452 3863 Deind

225 3896 364 3944 ceritatem.

292 3977 323 4040 ²¹)
342 3978 369 4028 a'
386 3982 537 4044 praestitae.
568 3974 679 4029 Rectius
702 3975 747 4029 alii
771 3977 835 4028 libri
858 3994 920 4030 cum
938 3976 975 4029 Ν6
992 3983 1169 4044 praestitutae.
1207 3977 1316 4048 Nempe
1340 3978 1369 4032 in
1386 3991 1452 4031 ael

225 4059 265 4112 tia
283 4059 415 4114 adversus
426 4060 548 4114 Vitalem
566 4062 594 4114 et
606 4061 740 4115 Misenum
758 4061 870 4130 prolata
886 4060 1084 4130 praestitutum
1102 4064 1188 4131 atque
1205 4063 1422 4134 praescriptum

225 4160 272 4197 eos
290 4161 346 4197 non
364 4144 536 4216 recipiendos
554 4163 624 4211 esse,
647 4144 697 4198 nisi
716 4163 801 4212 quum
818 4146 1007 4200 Alexandrina
1024 4145 1141 4203 ecclesia
1158 4146 1328 4202 catholicum
1344 4160 1452 4214 recep

224 4229 406 4283 sacerdotem.
437 4231 492 4284 Ubi
509 4230 595 4300 igitur
613 4247 728 4300 operam
746 4230 888 4283 dedissent
900 4229 1067 4297 Orientales,
1086 4232 1118 4284 ut
1130 4230 1260 4286 catholici
1272 4231 1410 4302 episcopi,
1432 4222 1452 4277 1‘

225 4331 294 4381 qnos
313 4314 479 4383 praecipuus
501 4317 563 4369 erat
585 4314 725 4369 iohannes
746 4315 959 4381 Alexandrinus,
982 4316 1017 4368 ad
1041 4314 1171 4369 ecclesias
1194 4332 1258 4370 snas
1280 4318 1452 4371 revertere:

224 4397 253 4450 id
271 4399 346 4465 quod
363 4398 464 4453 Vitalis
482 4418 515 4453 ac
532 4399 631 4453 Miseni
649 4400 802 4470 receptioni
820 4399 1017 4469 praestitutum
1035 4403 1109 4466 erat,
1126 4400 1317 4470 perficientes,
1335 4400 1405 4472 ipsis
1426 4411 1452 4446 1

224 4482 327 4550 ptionis
345 4483 474 4540 ellectum
492 4484 702 4539 ministrassent.

292 4571 324 4635 ²²)
347 4572 373 4622 a'
401 4576 573 4638 operationem
604 4574 712 4623 mirabili
737 4577 830 4639 spiritu
856 4576 1049 4640 resipiscentiae
1076 4581 1101 4624 et
1127 4575 1289 4638 efficientiae
1306 4569 1452 4638 (operuit'fl

225 4650 310 4705 otiam
328 4654 382 4720 G').

292 4740 324 4803 ²³)
343 4738 377 4792 G¹
391 4743 417 4792 a¹
438 4737 543 4792 omittit
559 4746 636 4794 sedis.
673 4740 759 4793 Paulo
778 4743 862 4794 antea
880 4741 914 4793 G'
935 4746 1058 4794 redirent.

291 4823 323 4888 ²⁶)
341 4822 461 4877 Vitalem
479 4823 583 4878 scilicet
595 4843 627 4878 ac
639 4825 787 4890 Misenum
806 4826 856 4880 sed
874 4842 937 4878 mox
955 4826 1041 4879 verbo
1059 4830 1188 4894 praesuiis
1205 4821 1330 4880 catholici
1344 4818 1452 4891 princ:

225 4912 254 4960 et
273 4905 443 4959 Christianus
460 4909 579 4978 populus
596 4909 796 4982 intelliguntur.
1368 4906 1370 4910 '
