3204 5506
115 4629 123 4642 ·
204 4620 273 4662 teum
290 4613 333 4664 vel
352 4618 489 4673 remittetur,
509 4629 564 4665 non
583 4612 643 4682 ttisp

206 301 270 367 286
685 317 711 363 a.
729 314 869 362 ananan
892 314 1006 361 rores

208 476 370 531 sultissintus
392 485 419 530 et
439 485 567 530 strenuus
593 493 622 529 ac
647 475 765 550 prudens
786 468 952 545 ‹leiensar⁴),
980 477 1002 529 si
1024 475 1130 549 quanto
1146 477 1387 550 necomitatcpostu

209 561 404 617 ecclesiasticae
425 560 578 634 disciplinae
604 563 772 617 severitatem
795 560 959 634 aliquantum
984 560 1071 615 laxare
1093 577 1148 616 non
1168 560 1279 624 dubitant,
1306 577 1335 617 cu
1352 578 1387 617 ces

207 663 271 701 suae
292 648 382 701 statim
404 646 552 718 integritati
574 646 674 702 rotulit:
697 647 769 701 troile
790 650 908 716 sapiens
925 663 939 698 a
955 643 1079 700 Facundo
1096 645 1185 701 dictus
1201 655 1252 702 cst.
1284 645 1371 702 llcruit

208 731 346 786 aNicolao
368 730 376 785 Ι
399 730 433 784 ob
454 730 524 786 etlita
541 730 608 785 hand
631 730 710 786 dtrbie
730 731 857 785 adversus
874 725 1057 802 tntagtumi),
1080 724 1387 804 satannianorum

208 833 288 889 opera
304 817 397 870 etirnia
410 820 537 887 pluriam
552 818 717 872 destructor
731 816 896 871 haeresium
912 816 1051 870 naminari.
1083 815 1141 871 Pari
1153 815 1217 886 jere
1232 815 1357 890 appellari
1369 833 1387 890 p

206 911 247 956 set
264 902 452 974 reliquiarum
467 903 648 957 idololatriae
663 904 835 970 destructor,
859 901 905 973 qni
927 899 1090 974 gentiliciam
1105 899 1292 975 Lupercalium
1308 917 1387 975 sapen

207 1003 267 1040 nom
283 986 440 1041 christianae
456 987 589 1041 sanctitati
605 1003 619 1040 c
635 985 765 1042 diametro
778 987 929 1059 oppositam
942 982 1055 1058 tuusque
1068 985 1227 1042 defensores
1240 988 1352 1060 egregio
1362 995 1387 1041 tu

206 1071 294 1141 (tract.
314 1069 355 1142 tt)
372 1072 529 1144 sancitaque
544 1071 653 1126 decreto
670 1071 803 1126 ‹lamuavit
818 1079 845 1125 ct
861 1069 985 1131 abolevit,
1002 1070 1075 1143 quad
1090 1088 1169 1126 nemo
1181 1071 1354 1127 ‹lecessorum
1365 1088 1387 1126 st

208 1165 311 1212 tentare
327 1172 408 1210 ansus
432 1155 529 1211 iuerat.
561 1154 687 1210 Facundo
708 1173 815 1212 rursum
837 1164 907 1211 teste
927 1159 956 1211 in
978 1159 1133 1211 sanctitate
1154 1159 1229 1213 ritae
1250 1165 1337 1230 atque
1356 1172 1387 1213 sc

204 1258 261 1313 per
276 1245 439 1297 unirersum
456 1243 590 1297 muntium
607 1243 775 1298 celebrioris
786 1242 888 1314 faniae
899 1243 992 1315 pluria
1006 1241 1171 1298 celebratus
1183 1242 1253 1313 suit.
1274 1240 1338 1313 Ejus
1349 1243 1386 1297 nir

207 1343 336 1381 sesumam
353 1325 495 1398 ltionysius
518 1325 635 1400 Exiguus
657 1327 783 1400 graphice
805 1327 965 1400 perstringit
987 1327 1013 1381 in
1029 1327 1142 1400 epistola
1164 1326 1195 1381 acl
1212 1325 1347 1382 lulianum
1366 1345 1387 1401 pt

208 1421 293 1467 terum
310 1410 342 1466 ab
357 1413 416 1485 ipso
432 1410 536 1465 Gelasio
553 1411 712 1474 ordinatum,
730 1428 808 1486 qnam
824 1413 907 1484 priori
918 1410 1087 1467 collectionis
1099 1429 1163 1467 susc
1175 1414 1246 1486 parti
1257 1410 1387 1486 praefigit

207 1495 295 1563 Quum
311 1513 374 1551 vero
390 1513 445 1551 non
460 1495 583 1551 omnibns
600 1496 680 1567 hujus
697 1495 826 1570 epistolae
842 1495 963 1569 crcrrrpla
979 1494 1054 1550 obvia
1069 1495 1178 1558 inerint,
1194 1514 1245 1553 nec
1255 1499 1387 1570 gratissitu

207 1598 262 1636 tion
277 1583 364 1654 possit
380 1599 429 1636 nec
443 1597 497 1637 non
515 1581 588 1636 vnltlc
605 1581 677 1637 utilis
694 1581 797 1637 tantilla
813 1581 879 1636 hirec
894 1582 1021 1636 memoria
1042 1590 1070 1636 et
1089 1581 1243 1638 recordatio
1260 1589 1314 1637 tarn
1334 1598 1387 1638 vent

207 1664 351 1741 pontificis,
367 1683 423 1722 carn
439 1667 481 1722 hic
496 1667 628 1740 integrant
644 1666 776 1736 subjicere
793 1668 877 1722 visum
890 1675 931 1721 cst
943 1681 1040 1739 operae
1052 1668 1177 1739 pretinm,
1193 1666 1343 1741 diligenter
1353 1684 1386 1723 co

207 1768 268 1807 cum
283 1750 389 1807 duobus
405 1749 541 1807 codicibus
557 1753 733 1826 perantiquis,
749 1751 835 1807 allero
852 1749 1028 1806 bibliothecae
1045 1749 1152 1825 Regiae,
1168 1751 1255 1809 altero
1270 1752 1387 1809 Vaticani

207 1837 291 1892 Lucas
307 1836 464 1893 Holstenins
480 1838 506 1892 in
522 1836 682 1893 collectione
698 1854 744 1892 sna
761 1836 877 1891 Romana
892 1854 954 1910 pag.
972 1835 1033 1893 268
1049 1852 1114 1891 usas
1130 1846 1182 1894 cst.

290 1924 410 1980 Domino
427 1923 587 1979 venerabili
600 1924 669 1978 milri
681 1924 798 1978 loliano
810 1922 983 1995 presbytero
999 1921 1154 1995 Dionysius
1169 1926 1303 1996 eaipuus.

291 2009 320 2064 4.
352 2008 522 2072 sanctitatis
537 2015 605 2064 tuae
620 2001 727 2064 aeolidis
745 2015 924 2078 prouocatus
944 2006 1059 2079 officiis,
1086 2009 1189 2080 qmbus
1203 2010 1276 2066 nitu
1288 2026 1387 2081 prorsa

207 2111 278 2163 rum,
295 2109 370 2166 quae
386 2095 426 2149 ael
439 2096 666 2149 ecclesiasticam
682 2095 863 2165 disciplinam
874 2096 1029 2164 pertinent,
1047 2096 1146 2149 omittit
1160 2098 1319 2167 inquirere,
1334 2112 1387 2167 pro

207 2187 299 2235 torum
320 2181 396 2235 seclis
422 2181 600 2250 apostolieae
624 2181 793 2250 praesulum
815 2181 968 2234 constituta
997 2187 1054 2251 qua
1077 2182 1156 2235 valui
1177 2196 1252 2235 cara
1273 2182 1387 2254 ‹lilipent

207 2266 316 2338 cationi,
334 2271 361 2319 et
376 2268 405 2319 in
420 2266 570 2337 quemdam
591 2266 723 2338 recinens
744 2265 872 2320 ordinem
888 2266 977 2320 titulis
997 2265 1119 2320 distinxi
1138 2268 1317 2337 compositis:
1338 2269 1380 2321 ita

207 2356 302 2420 taxat,
319 2356 350 2404 ut
366 2352 540 2422 sinardarum
553 2352 723 2422 pontificum
738 2357 874 2423 artatquot
894 2368 912 2404 a
933 2364 976 2404 me
994 2357 1158 2421 praecepta
1179 2358 1301 2422 reperta
1322 2359 1387 2407 sunt

207 2452 266 2490 uua
282 2452 466 2491 numerorum
481 2440 558 2490 serie
573 2439 764 2504 terminarem,
782 2451 934 2509 omnesque
950 2437 1045 2491 titulos
1057 2436 1124 2492 larue
1131 2437 1318 2508 praefationi
1329 2437 1387 2493 suli

207 2536 267 2576 rem
288 2536 321 2576 eo
341 2521 431 2590 morlo,
459 2539 514 2593 qrto
541 2522 645 2577 aradum
665 2523 700 2576 (le
725 2537 834 2595 praeco
855 2535 986 2576 sermone
1004 2529 1123 2591 patrum
1144 2521 1331 2594 transferens
1351 2539 1387 2578 ca

208 2608 382 2661 ordinaram.
411 2606 484 2673 Qtria
501 2621 568 2662 aera
584 2610 775 2662 sincerissima
792 2608 903 2678 affectu
926 2606 1017 2661 Deam
1032 2608 1155 2680 dilipitis,
1179 2610 1332 2664 etidcirco
1350 2607 1386 2680 sa

207 2693 274 2763 ejas
292 2692 441 2747 laudantia
468 2693 659 2748 sollicitudine
689 2695 840 2748 continetis
872 2683 956 2769 (quis
977 2694 1050 2746 enim
1073 2697 1324 2765 pereyrinantium
1350 2709 1387 2750 set

208 2777 320 2832 Christo
337 2770 430 2833 vestro
446 2793 503 2833 noa
516 2777 633 2848 sonetur
647 2770 812 2854 nospitiot),
824 2779 939 2848 justum
955 2777 1066 2832 credidi
1080 2778 1157 2834 uobis
1171 2782 1200 2833 in
1217 2779 1387 2857 terpora,

205 2865 278 2923 lari,
299 2868 442 2935 patenas
461 2864 630 2918 iudustriam
647 2870 784 2930 suestram,
807 2880 893 2935 quam
915 2855 1114 2933 eoelestibas7)
1129 2865 1293 2934 impenditis
1309 2867 1387 2938 reati

203 2962 348 3018 praesens
368 2951 493 3004 imitetur
509 2949 597 3003 'actas
622 2955 650 3003 et
665 2952 824 3019 posteritas
844 2949 1012 3003 (admiretur.
1044 2948 1118 3002 Nam
1144 2964 1221 3019 prae
1242 2953 1357 3006 uirtutis
1380 2970 1387 3004 t

206 3039 322 3103 cuneta,
335 3050 410 3107 qtrnc
422 3040 488 3090 sunt
501 3035 581 3088 utilia
595 3026 720 3102 salati⁸)‚
732 3034 902 3089 eruderatis
913 3049 1081 3105 conoscere,
1094 3035 1162 3088 licet
1172 3050 1282 3089 omnem
1295 3051 1387 3091 renen

205 3121 276 3190 lepis
291 3119 502 3176 observantiam
517 3120 644 3175 mombas
658 3121 809 3190 implentia.

291 3204 320 3260 5.
359 3205 521 3277 Quantique
536 3209 572 3259 sit
595 3206 675 3275 aprrel
686 3204 778 3260 Deum
794 3207 888 3259 rneriti
899 3221 980 3275 papa
997 3204 1137 3265 Celusius,
1160 3220 1222 3273 nas,
1245 3209 1297 3278 qui
1312 3222 1375 3262 cum

207 3293 299 3345 scutra
316 3292 466 3361 corporali
479 3306 537 3345 nou
553 3291 680 3360 uidimus,
693 3304 751 3360 per
766 3306 814 3346 aas
829 3291 960 3345 alumnos
971 3291 1038 3359 ejus
1046 3289 1168 3361 facilius
1179 3293 1374 3361 aestimamus,

207 3376 365 3431 eruditione
382 3376 504 3448 formati
516 3378 637 3448 praelum
650 3377 826 3449 presbyterii
845 3381 948 3431 sancta
971 3377 1190 3430 conaersatione
1210 3377 1372 3433 &caralim

207 3467 366 3515 uostrorum
381 3478 489 3517 morum
502 3466 659 3533 perspicuo
674 3476 792 3517 marture
807 3463 874 3533 ejus
889 3462 1011 3533 arcadum
1026 3461 1107 3516 rnocla
1119 3461 1274 3516 rideantur
1286 3476 1376 3534 opera

205 3546 313 3615 lacere,
331 3538 417 3617 quil),
435 3550 509 3601 sicut
531 3553 627 3602 oestro
644 3554 671 3602 et
687 3549 809 3602 aliorsum
825 3548 966 3601 relatione
989 3549 1186 3617 comperimus,
1208 3548 1239 3602 in
1256 3553 1366 3604 tantum
1385 3577 1387 3599 t

207 3632 360 3685 uoluntatis
375 3635 493 3695 exstitit,
511 3639 541 3687 ut
557 3640 701 3689 annuente
717 3633 835 3688 Domino
849 3634 1047 3704 principatum
1062 3634 1090 3686 in
1108 3632 1243 3687 Ecclesia
1256 3649 1314 3704 pro
1326 3636 1387 3689 mult

207 3718 301 3771 saluta
316 3719 485 3789 suscipiens,
503 3733 566 3772 eum
581 3718 729 3774 serviendo
743 3721 839 3789 potius
859 3735 944 3790 quma
959 3717 1130 3773 dominando
1145 3718 1321 3788 utstdleret,
1346 3721 1387 3775 uit

207 3805 403 3857 castimoniam
424 3804 574 3858 doctrinae
593 3807 704 3859 meritis
725 3806 887 3874 ampliaret.
918 3803 1048 3875 Denique
1074 3793 1208 3873 omnis¹⁰)
1235 3806 1313 3860 actio
1339 3805 1387 3875 eja

206 3890 298 3943 oratio
311 3886 406 3958 [ruisse
421 3895 598 3944 memoratur
613 3895 664 3944 aut
678 3882 773 3945 lectia'.
803 3889 953 3944 interdum
974 3903 1086 3961 quoque
1106 3888 1254 3944 scribendi
1268 3905 1387 3945 curam:

206 3973 262 4042 bat,
275 3981 365 4044 procat
380 3991 472 4029 causa
494 3977 537 4030 val
559 3979 634 4030 ratio
652 3978 837 4046 postulasset.
871 3973 1083 4045 Servorumque
1103 3972 1158 4028 Dei
1176 3977 1305 4031 maxim
1325 3989 1387 4031 cant

272 4204 292 4271 ⁴)
312 4201 408 4257 Teates
431 4203 513 4270 irtrjns
536 4203 576 4257 rei
598 4207 663 4256 stant
684 4222 753 4273 prae
775 4203 836 4258 aliis
859 4203 992 4273 epistolae
1011 4210 1035 4270 6,
1062 4209 1100 4270 14,
1121 4210 1159 4269 lo,
1179 4210 1221 4271 16,
1239 4211 1281 4271 17,
1299 4209 1387 4260 eo—2

205 4279 211 4323 3
243 4279 303 4323 —3¹
357 4279 380 4324 ⁸2.

209 4278 237 4325 ἦ
273 4278 496 4407 affligeremur
514 4340 573 4407 ejus
593 4341 727 4410 epistolae
745 4348 769 4406 t,
787 4347 811 4406 a,
830 4347 845 4394 6
864 4344 893 4395 ct
910 4344 990 4395 tract.
1005 4340 1038 4394 V.

272 4409 292 4475 ὃ)
311 4408 426 4461 Praucler
444 4408 500 4461 ulia
518 4426 617 4461 occisae
629 4409 818 4477 Etttyehiunac
838 4413 867 4463 et
878 4410 1061 4463 Nestorinnae
1079 4409 1239 4464 communia
1256 4408 1387 4480 sprauto

205 4476 294 4528 chattis
307 4476 345 4528 Ill
362 4475 545 4529 rtonrinundus
564 4478 614 4530 cst.

271 4547 293 4610 7)
313 4564 330 4596 u
348 4551 452 4598 caelesti
468 4551 611 4611 irnpenriitis
628 4552 710 4665 asieri.
723 4544 931 4667 htDeincljelloco
950 4552 1090 4599 rrdrrriretur
1108 4549 1135 4599 0⁷
1147 4549 1186 4599 0¹⁰
1203 4546 1241 4600 ud
1254 4565 1387 4618 mergae

272 4686 293 4743 s)
311 4683 339 4732 αἳ
357 4679 445 4733 anati.
464 4687 549 4736 saluti.
579 4682 656 4734 Idem
667 4631 738 4734 effi
755 4635 986 4748 agirnionsisjom

272 4751 292 4812 ⁹)
311 4750 339 4799 u²
357 4767 435 4816 arreni,
454 4755 517 4801 sicta
536 4762 620 4802 uestra
639 4756 762 4803 relatione
780 4757 951 4819 corripuimus,
975 4757 1001 4802 in
1024 4762 1118 4802 tantun
1136 4754 1219 4805 lonae
1237 4758 1372 4809 natantur

205 4821 265 4867 15⁸5?
274 4824 448 4951 'gilssslgms
457 4819 595 4952 ἐςιιξῒὲης
