3204 5506
677 371 848 421 sorssors
871 361 922 420 27.
1338 367 1339 370 ’
1368 355 1432 421 429

201 525 275 605 retur,
299 525 425 612 egistis?
461 526 576 590 Ande
599 547 662 590 uno
684 526 771 590 dolet
791 526 922 609 Acacic,
951 525 1033 610 quod
1055 525 1186 610 speciali
1217 529 1338 610 syuodo
1364 548 1430 591 non
1443 537 1561 604 (asos)

196 617 274 688 berit
295 628 481 712 confutatus,
505 650 601 713 quum
622 628 785 712 proprium
808 628 928 693 crimen
951 629 1015 693 suis
1037 627 1152 692 litteris
1174 628 1242 712 ipse
1265 628 1430 710 detexerit,

192 740 238 784 uec
256 729 352 794 audiri
373 730 518 795 debuerit
536 731 605 814 jam
633 735 747 816 sponte
771 730 949 814 confessus,
978 734 1010 794 et
1038 730 1077 794 de
1104 730 1205 795 tantis
1227 731 1432 815 pontificibus

189 821 335 896 catholicis
360 854 425 897 non
453 832 539 897 dolet
567 833 636 898 sine
658 832 723 897 ulla
745 833 941 897 discussione
963 832 1117 897 seclusis?
1160 832 1222 908 Qui
1248 834 1375 918 utique,
1405 834 1432 897 si

184 922 342 999 catholicos
362 938 496 999 nossent
517 956 581 1018 eos,
604 958 737 1022 quorum
760 935 1015 1000 communionem
1037 935 1229 1018 vitaverant,
1253 935 1303 999 his
1324 935 1431 1019 potius

179 1036 401 1101 commanens
423 1037 624 1120 maluissent,
654 1060 749 1123 quam
776 1060 842 1103 nou
865 1038 1136 1102 communicantes
1159 1037 1205 1102 eis
1227 1037 1306 1102 dura
1327 1059 1432 1122 perse

174 1127 300 1202 cutione
319 1138 441 1223 depelli.
772 1125 775 1133 ,

249 1236 287 1305 7.
327 1241 409 1307 Ecce
436 1244 521 1308 tanti
551 1243 699 1309 catholici
728 1244 907 1308 sacerdotes
939 1242 1000 1307 hoc
1026 1243 1097 1326 ipso
1123 1263 1157 1305 se
1177 1240 1333 1325 indicant,
1357 1242 1432 1326 quid

165 1340 342 1412 ³P08tolisa
370 1345 460 1409 sedes
489 1346 665 1430 censuerit,
695 1345 882 1430 cognovisse
908 1347 1156 1428 constanterque
1177 1345 1329 1429 probasse
1357 1345 1431 1408 reti-

162 1437 456 1534 ne11dum,'quo⁴⁷)
485 1449 740 1513 communionem
769 1446 961 1512 catholicam
990 1449 1200 1530 reservantes,
1225 1451 1257 1510 et
1283 1469 1346 1531 eos,
1377 1447 1431 1533 qui

160 1546 360 1616 apostolicae
382 1549 449 1613 sedi
473 1550 755 1634 communicarent,
784 1550 910 1634 elegere
939 1551 1111 1630 consortes
1142 1552 1174 1613 et
1200 1548 1288 1632 illos,
1317 1549 1431 1633 quibus

143 1637 255 1744 ,ξθᾶθε
287 1651 460 1736 apostolica
487 1652 668 1738 minime⁴⁸)
699 1652 965 1734 communicaret,
1002 1672 1099 1735 usque
1128 1650 1168 1714 ad
1202 1651 1431 1734 persecutionis

155 1755 312 1830 metlrsus
333 1774 467 1818 renuere
489 1757 661 1820 consortes.
707 1753 799 1821 certe
821 1776 903 1839 quae
925 1754 1014 1822 sedes
1038 1753 1212 1837 apostolica
1235 1754 1430 1836 decreverat,

155 1836 386 1920 Orientalibus
408 1843 565 1941 episcopis
588 1878 653 1921 nou
675 1857 853 1922 innotuisse
872 1858 1025 1941 jactatur.
1056 1854 1149 1919 Unde
1171 1877 1248 1940 ergo
1263 1860 1313 1920 tot
1333 1857 1430 1921 tanti·

153 1960 217 2023 (1¹10
243 1958 415 2038 pontifices
437 1980 537 2022 unum
558 1959 704 2045 idemque
726 1982 798 2024 cum
821 1959 894 2024 sede
910 1958 1085 2044 apostolica
1100 1958 1276 2022 sentientes
1299 1980 1431 2043 eamque

151 2050 339 2125 probantes
368 2063 445 2146 apta
473 2060 622 2146 religioni
651 2066 873 2127 sacrosanctae
902 2083 1039 2145 veraque
1066 2061 1226 2144 sanxisse,
1255 2082 1336 2144 quae
1365 2081 1430 2123 non

151 2147 269 2225 Solum
290 2164 450 2248 sequenda
472 2164 533 2228 sibi
557 2164 820 2252 judicaverint⁴⁹)
848 2164 902 2228 sed
931 2164 1027 2228 etiam
1055 2184 1154 2248 usque
1176 2162 1217 2225 ad
1239 2163 1430 2246 persecutio-

149 2263 232 2360 ¹¹f³111
261 2264 397 2330 viriliter
418 2266 615 2330 exserenda?
641 2266 725 2332 Ecce
747 2266 915 2349 habuistis,
939 2267 993 2350 qui
1015 2265 1209 2350 apostolicae
1232 2265 1429 2329 constitutio-

148 2366 201 2415 ms
228 2369 273 2430 et
292 2367 442 2432 notitiam
463 2368 553 2433 vobis
574 2368 769 2454 ingererent,
794 2371 827 2432 et
847 2368 1006 2432 retinendi
1030 2367 1246 2432 constantiam
1268 2367 1430 2433 ministra·

145 2461 240 2526 ‘0¹¹ss-
292 2468 326 2534 Si
347 2471 523 2554 apostolica
545 2471 633 2535 sedes
655 2472 805 2561 misisset,
834 2472 887 2535 vix
909 2471 986 2535 duos
1009 2473 1065 2534 aut
1086 2473 1151 2534 tres
1166 2469 1305 2555 dirigere
1319 2473 1430 2554 potue·

143 2558 208 2622 ml·
271 2571 354 2637 Ecce
375 2576 426 2637 tot
446 2574 624 2657 pontifices,
655 2573 849 2657 apostolicae
872 2573 955 2638 sedis
978 2573 1059 2638 scita
1082 2576 1253 2657 sectantes,
1275 2573 1431 2657 ingerunt

143 2656 253 2733 V⁰bis
278 2675 427 2739 notitiam
449 2679 482 2741 et
503 2677 661 2760 praebent
683 2675 858 2740 servandae
879 2675 1026 2739 veritatis
1049 2675 1203 2759 exempla.
1236 2675 1296 2751 Qui
1319 2678 1430 2740 contra

138 2751 276 2839 tanto„
298 2777 456 2842 clausistis
485 2779 593 2843 cordos
620 2778 739 2842 ibidem
768 2779 972 2861 constitutos,
1001 2777 1156 2861 quomodo
1178 2777 1256 2842 duos
1282 2779 1333 2842 vel
1364 2781 1430 2841 tres

136 2861 277 2942 audire
298 2879 459 2963 possetis?
501 2879 572 2945 Hoc
599 2880 669 2964 ipso
696 2880 766 2943 sine
794 2880 890 2945 dubio
918 2880 1112 2965 cognovistis
1140 2880 1211 2944 illos
1237 2880 1432 2963 apostolicae

133 2962 221 3073 ⁸⁸}li
256 2981 400 3066 placere,
433 2983 543 3068 quoll)
571 3004 626 3047 vos
648 2982 816 3066 displicere
837 2981 1004 3046 videbatis.
1049 2982 1118 3045 Aut
1138 2982 1209 3046 illos
1232 3003 1308 3066 ergo
1331 2987 1431 3047 secta

132 3069 260 3165 unni,
283 3106 341 3168 per
361 3105 440 3168 quos
461 3083 695 3168 intelligebatis
718 3084 801 3148 sedis
823 3084 1016 3168 apostolieae
1037 3084 1246 3166 voluntatem,
1270 3088 1327 3148 aut
1348 3085 1430 3148 nihil

127 3166 205 3264 est,
244 3187 331 3271 quod
354 3185 393 3250 de
414 3186 600 3271 ignorantia
622 3184 728 3249 velitis
750 3186 933 3270 obtendere,
957 3209 1054 3271 quum
1070 3185 1196 3251 indiciis
1211 3186 1313 3249 tantis
1329 3190 1361 3249 et
1382 3190 1430 3250 ta·

124 3247 247 3369 llbqg
272 3288 451 3371 abutentes,
480 3287 779 3372 sedisapostolicae
803 3289 977 3353 constituta
999 3288 1099 3353 tantis
1121 3288 1313 3353 testimoniis
1339 3310 1429 3372 prae·

121 3350 348 3454 ‘beantibus
369 3411 518 3474 respuere
539 3391 646 3474 potius
669 3413 764 3475 quam
784 3391 926 3475 recipere
947 3390 1117 3455 maluistis.

250 3492 280 3557 8.
303 3491 467 3577 Numquid
488 3514 598 3557 omnes
620 3493 684 3575 isti,
708 3515 786 3578 quos
809 3493 1064 3576 memoravimus,
1089 3491 1229 3577 episcopi
1243 3492 1429 3576 imperatori

112 3568 295 3711 {uentiti
317 3594 417 3659 sunt?
438 3593 602 3679 Numquid
629 3616 739 3659 omnes
760 3596 961 3680 imperatoris
983 3617 1100 3660 nomen
1123 3617 1161 3660 ex
1183 3594 1344 3680 diptychis
1359 3595 1429 3659 abs·

129 3667 381 3784 ul‘³1·uut⁵¹)?
408 3694 511 3772 Quum
533 3697 634 3782 igitur
655 3696 861 3781 pellerentur,
885 3701 918 3761 et
938 3699 1019 3763 vivis
1034 3698 1240 3781 pontificibus
1263 3696 1428 3762 catholicis

109 3795 469 3854 Χ-ω*

105 3882 362 4058 ῗῖἑηιιίωι,
392 3916 532 3986 quomodo
559 3917 660 3972 uetur
683 3924 775 3987 passe,
802 3924 873 3988 aaa
900 3920 951 3973 ets.
999 3917 1129 3988 anaqam
1157 3919 1305 3974 nanuum
1333 3919 1430 3973 susat

223 4044 265 4159 “l
282 4094 309 4144 c⁵
326 4105 403 4157 seqq.
423 4094 501 4159 qaod,
520 4088 553 4143 0¹
567 4089 602 4143 Οι
615 4092 639 4144 c¹
658 4096 713 4159 qai,
732 4106 795 4142 mss.
814 4089 881 4142 Dd*
898 4109 957 4159 quo.
986 4138 991 4152 ,

225 4175 265 4241 ¹)
282 4173 325 4228 lta
335 4191 400 4228 mss.
416 4173 438 4226 D
451 4173 485 4226 ps
497 4172 538 4226 F·
547 4172 584 4227 N⁸
596 4173 644 4240 0¹3
656 4174 693 4227 D⁴
702 4176 719 4244 β
729 4179 755 4227 0⁵
767 4189 843 4243 seqq.
857 4179 1006 4228 decreverat
1018 4179 1113 4228 mississe
1125 4182 1312 4237 communicare,
1327 4179 1356 4229 et
1364 4192 1428 4230 mox

105 4205 151 4264 ὼ
177 4238 237 4299 ‘1²
254 4279 302 4315 scs
320 4272 437 4323 tmere,
459 4257 494 4311 F‘l
505 4257 546 4311 F¹¹¹
558 4258 595 4312 N’
608 4259 641 4312 0¹
654 4260 690 4313 D'
709 4260 737 4313 et
755 4258 802 4312 alii
818 4266 835 4313 4
852 4277 915 4313 mss.
936 4259 963 4312 a⁸
980 4269 1096 4321 tenuere,
1120 4259 1155 4311 0¹
1172 4263 1198 4313 c5
1215 4276 1291 4328 seqq.
1311 4279 1426 4314 renuere.

107 4301 146 4345 Q!
180 4326 298 4398 totum
314 4345 407 4399 locum
424 4344 465 4398 ita
483 4343 633 4398 contrahit:
651 4351 696 4414 qai
711 4350 900 4399 compacionem
918 4348 1065 4398 catholicam
1082 4356 1244 4408 resonantes,
1264 4356 1291 4398 el
1308 4364 1362 4405 eos,
1386 4351 1429 4414 qai

109 4396 319 4484 “bognum
335 4436 394 4486 sedi
409 4436 630 4493 communicarent,
648 4450 725 4500 usqae
743 4435 778 4483 ad
794 4434 978 4498 persecutionis
995 4434 1110 4482 incursus
1127 4440 1230 4482 tenum
1248 4441 1387 4486 consortes.

119 4554 183 4624 ee
234 4515 265 4581 θ)
283 4514 315 4568 0¹
335 4514 422 4569 O⁸cc
438 4520 627 4582 judicaverant.
667 4513 787 4583 Moxque
810 4514 838 4568 d¹
859 4520 1060 4584 persecutionem
1081 4521 1228 4568 exercenda
1249 4527 1427 4584 captaverunt.

120 4602 363 4736 Psithahnistt.
393 4600 427 4657 0¹
441 4600 476 4655 Οι
488 4605 658 4661 exsecranda.
677 4602 702 4653 ο1
715 4605 876 4659 exercenda,-
894 4599 1017 4653 nostram
1035 4597 1183 4653 lectionem
1195 4600 1333 4670 praebent
1344 4600 1379 4653 D'
1392 4599 1427 4653 Εὖ

269 4685 293 4737 0⁵
311 4701 388 4754 seqq.
407 4685 445 4740 d’.

238 4768 267 4835 ⁵⁰)
283 4769 327 4824 [ta
343 4788 405 4825 mss.
421 4770 494 4824 DIl‘l
506 4770 546 4823 F‘*
559 4770 592 4825 0¹
606 4770 648 4836 d¹;
668 4770 703 4823 0²
721 4790 769 4840 quo
791 4773 870 4832 aoht,
895 4772 921 4822 c⁵
938 4786 1014 4840 seqq.
1038 4775 1107 4839 quod
1126 4789 1178 4824 nos.
1207 4770 1327 4840 Moxque
1345 4772 1379 4824 0¹
1392 4771 1428 4824 0²

130 4829 201 4883 Μ
233 4857 266 4905 aa
281 4859 379 4909 auam
397 4861 496 4927 qaas
513 4861 545 4910 se
563 4861 710 4924 assos-anus
726 4860 819 4916 aetra.
838 4871 871 4908 ae
889 4853 988 4909 dende
1006 4857 1031 4908 οι
1044 4854 1072 4911 d¹
1085 4859 1206 4923 jacam,
1224 4856 1259 4909 0¹
1277 4861 1392 4911 amma.

241 4938 268 5006 ⁵¹)
284 4939 343 4996 Hoc
354 4942 408 4997 ast:
427 4946 546 5012 mquid
560 4960 645 4996 manes
661 4946 693 4996 tis
710 4952 785 4996 want
801 4943 907 4996 obnoxii
923 4943 1077 5003 wicumbae,
1095 4944 1184 5010 quihus
1194 4945 1323 4998 soram
1340 4952 1366 4996 el
1377 4944 1426 4995 Ga·
