3204 5506
575 351 769 447 urrsrouau
793 343 821 399 7.
847 344 875 399 8.
1103 359 1106 363 ·
1302 337 1362 401 193

72 525 214 569 ornnem
241 503 451 569 victoriam
443 526 509 588 rpse
539 504 691 588 perfecit,
726 508 889 568 consortes
916 527 974 568 nos
1002 527 1073 569 curn
1101 505 1403 590 t.ranquillissimoa
1413 520 1473 569 478.

73 607 233 690 principe
256 606 360 671 faciet
366 606 404 691 4.)

162 708 199 771 2.
231 707 439 773 Timotheum
454 708 582 792 quidem
596 708 635 771 de
651 673 833 793 Cersone5),
857 710 1033 793 spirantem
1049 710 1253 794 procellaset
1240 711 1363 774 t-ecele

71 810 252 874 siasticam
276 809 563 899 tranquillitatem,
592 810 676 873 sicut
698 811 864 894 apparuit,
895 813 1090 875 conturbant
1076 817 1157 894 t,em
1184 813 1215 874 vi
1217 815 1269 875 tae
1292 813 1364 876 sub·

69 911 207 997 duxit⁶)
230 912 406 994 humanae,
428 911 599 976 dicense1:
625 915 705 976 Tace
726 924 755 977 et
777 919 952 977 obmutesce.
998 913 1129 977 Petrum
1151 935 1287 998 quoque,
1311 904 1466 1025 qmptarc.
1509 982 1515 990 ,

69 1013 111 1076 ab
127 1012 347 1077 Alexandria
366 1035 452 1077 more
473 1012 638 1077 similiter⁷
642 1013 654 1098 )
677 1014 836 1097 procellae
859 1020 1040 1079 surrexerat
1047 1015 1247 1098 ,dissipavit
1269 1014 1401 1099 atque*
1377 978 1453 1038 ‘¹''39

66 1113 101 1179 in
125 1118 313 1179 aeternam
338 1114 451 1200 iugem
472 1118 585 1179 saneto
608 1114 708 1198 Spirit
709 1139 729 1178 u
694 1115 856 1179 tflante
886 1114 1053 1198 convertit,
1085 1139 1179 1180 unum
1205 1116 1268 1179 et
1259 1138 1364 1199 ipsum

65 1216 105 1280 de
129 1217 202 1297 his,
228 1216 291 1301 qui
313 1216 392 1281 olim
412 1218 542 1282 fuerant
557 1220 590 1279 et
605 1220 680 1280 ante
696 1217 850 1281 damnati.
887 1218 977 1283 Sicut
992 1219 1058 1301 eti)
1075 1219 1110 1281 in
1125 1219 1244 1282 nostris
1261 1218 1364 1281 archi·

62 1320 114 1382 ris
139 1318 331 1382 inventum
346 1322 406 1401 est,
430 1317 522 1382 etde
545 1321 659 1383 vestris
682 1320 820 1403 scriniiS,
843 1320 870 1383 si
886 1320 1065 1404 dignamini
1082 1320 1252 1403 requirere,
1276 1323 1364 1402 pote-

61 1420 140 1484 ritis
166 1441 373 1504 agnoscere,
397 1423 511 1505 quaet)
534 1421 569 1484 in
597 1424 739 1504 ternpore
762 1422 801 1485 de
824 1421 933 1484 eodem
957 1421 1136 1503 subsecuta,
1161 1421 1202 1485 ab
1226 1422 1364 1486 Alexan·

58 1523 163 1587 drino
191 1523 355 1606 episcopo
378 1521 417 1585 ad
440 1520 576 1585 Romam
598 1523 787 1587 alterutram
809 1522 877 1586 sint
898 1522 1010 1586 relata.
1049 1523 1109 1598 oui
1130 1522 1244 1585 Petrus
1260 1523 1365 1586 noctis

132 1764 160 1830 4)
183 1760 235 1814 Ita
261 1758 739 1828 114114114Ε4Ε4Γ4Η4Ν42βι14.
784 1759 899 1828 vulgati
922 1763 951 1812 et
972 1763 1000 1813 a⁸
1020 1764 1121 1827 faciens
1144 1770 1168 1813 et
1190 1763 1308 1819 Timoth,
1336 1759 1364 1811 d¹

56 1853 228 1915 perficiens.

133 1933 160 1997 ’js
184 1931 228 1994 34,
248 1927 337 1982 Sirm.
357 1928 386 1981 in
404 1931 484 1983 tract.
506 1928 597 1982 Gelas.
618 1930 748 1998 (append.
769 1930 827 1984 cod.
843 1929 948 1984 Theod.
968 1949 995 1999 p.
1013 1936 1070 1995 17⁴4)
1090 1936 1187 1999 quidem
1207 1935 1364 1982 decessorem

53 2022 230 2084 spirantem,
259 2011 329 2081 β1)4
348 2019 446 2082 quidem
464 2020 629 2068 dtssensionie
645 2026 794 2082 parantem,
822 2015 892 2068 alter
911 2017 928 2083 β
947 2022 989 2084 qm'
1011 2021 1199 2082 decerpsionem
1221 2025 1364 2081 parantem,

54 2101 172 2154 tertius
188 2101 209 2168 β
229 2107 281 2168 qui
298 2103 470 2152 detersionem
487 2110 639 2166 sperantem,
658 2098 694 2151 D²
706 2099 743 2151 Η4
755 2105 901 2154 decessione
916 2107 1054 2168 spirantem
1065 2100 1112 2166 (Η4
1123 2101 1287 2166 sperantem).
1307 2098 1331 2150 1⁵
1341 2098 1366 2150 14

55 2186 178 2253 aliique
200 2186 269 2238 tres
287 2189 333 2253 qui
350 2189 484 2238 decessore
502 2188 661 2250 exspirante,
680 2183 716 2235 114
729 2183 765 2236 D⁷
776 2183 808 2236 E·
823 2184 858 2236 Ε4
870 2184 903 2236 14
921 2190 1018 2254 quidem
1038 2190 1069 2237 rte
1088 2189 1203 2236 cersione
1216 2182 1259 2242 ιΕ4
1274 2189 1362 2236 decer·

54 2278 164 2323 sionem
168 2282 179 2333 )
200 2279 360 2337 sperantem
377 2266 422 2333 tE²
433 2270 587 2335 sperantet),
605 2267 633 2320 d‘
653 2275 718 2321 enim
736 2275 767 2321 de
787 2272 900 2324 Cercona
918 2275 1095 2336 respirantem,
1115 2267 1149 2318 D'
1161 2267 1196 2319 D’
1207 2267 1287 2319 N³O¹
1298 2266 1365 2320 a⁸d²

55 2360 174 2424 adden
196 2359 233 2406 de
250 2357 368 2406 Cerrone
384 2359 523 2419 spirantem
541 2351 585 2412 (D¹
601 2351 635 2404 D³
648 2351 684 2405 N³
701 2357 866 2419 sperantemt,
886 2354 934 2407 ubi
954 2357 1063 2406 Cerrone
1082 2367 1133 2420 pro
1148 2355 1275 2404 Chersone.
1293 2352 1364 2420 posi-

56 2446 125 2491 tum
147 2437 323 2507 genuinum
341 2453 450 2490 sensum
468 2435 568 2490 reddit.
606 2435 714 2505 Quippe
733 2436 896 2490 Timotheus
914 2437 1037 2501 helinus,
1062 2438 1092 2488 ut
1111 2435 1236 2488 Gelasius
1254 2436 1334 2488 tract.
1352 2441 1363 2486 1

58 2542 86 2576 n.
103 2531 133 2587 5,
165 2522 333 2575 Liberatus
350 2520 467 2574 breviar.
488 2537 548 2589 cap.
563 2526 594 2573 16
617 2522 646 2573 et
664 2519 804 2574 Zedrenus
826 2521 955 2587 tradunt,
979 2526 1108 2575 Ctrcrsona
1131 2520 1272 2589 relegatus
1296 2522 1364 2572 erat.

58 2607 152 2661 [nde
174 2608 210 2660 et
229 2604 335 2658 Victor
352 2604 524 2658 Tununensis
542 2604 614 2657 hunc
632 2604 803 2658 haereticum
827 2610 891 2674 post
914 2608 1077 2675 usurpa-tum
1096 2622 1113 2658 a
1130 2603 1261 2658 Basilisco
1280 2605 1366 2673 impe·

58 2694 142 2745 rium
163 2695 204 2745 oh
224 2696 327 2744 exarto
338 2693 470 2744 Chersone
487 2689 601 2742 rediisse
619 2689 723 2743 scribit.
752 2690 795 2743 Ad
814 2690 886 2743 hunc
899 2689 993 2743 Aeacii
1011 2690 1101 2742 locum
1121 2688 1273 2758 respexisse
1292 2688 1365 2741 vide·

59 2780 112 2829 tur
132 2773 306 2829 Hormisda
324 2773 403 2842 epist.
420 2780 450 2825 18
473 2773 509 2827 ad
530 2773 676 2843 episcopos
699 2773 776 2843 Epiri
796 2793 820 2827 ιι.
835 2783 863 2839 ι),
891 2792 976 2841 qutun
1000 2778 1150 2828 Timotheum
1169 2778 1365 2828 Chersonensem

60 2876 237 2931 perperam
258 2861 402 2927 nuncupat
420 2857 499 2924 quasi
518 2857 551 2911 de
565 2856 706 2912 Chersona
725 2859 880 2921 oriundum,
900 2859 950 2911 nisi
969 2860 1041 2911 forte
1060 2874 1093 2911 co
1112 2858 1253 2925 relegatus
1273 2857 1366 2911 credu-

61 2950 128 3013 tur,
157 2943 243 2998 unde
265 2942 402 3011 originem
422 2941 545 2995 duxerat.
584 2941 664 2995 Certe
688 2960 750 2996 eum
773 2943 813 2996 ibi
835 2943 945 3011 longius
963 2943 1124 3011 opusculum
1144 2958 1195 3010 pro
1214 2941 1366 2994 assertione

63 3027 208 3083 haeresis
227 3043 301 3080 suae
319 3026 465 3095 scripsisse,
485 3026 668 3095 comperimus
681 3027 870 3080 chustathio
888 3027 1093 3095 nronachotep.
1106 3026 1243 3095 Angelum
1260 3026 1366 3094 Majum

64 3114 184 3184 Script.
199 3114 264 3166 ret.
283 3110 361 3166 tvll
373 3126 406 3179 p.
420 3116 480 3177 mr)
503 3114 532 3163 et
549 3113 662 3172 aoetore
681 3111 830 3180 panopliae
849 3111 1024 3180 dogmaticae
1047 3117 1121 3178 qut}
1145 3117 1201 3162 no
1225 3118 1279 3178 (ap.
1293 3111 1365 3178 Ang.

65 3199 190 3267 hlajum
209 3196 292 3250 Patr.
312 3211 374 3248 nov.
394 3195 521 3248 biblioth.
540 3198 561 3248 t.
575 3196 600 3248 ll
618 3213 644 3264 p.
657 3198 727 3262 630),
746 3196 794 3264 qui
812 3195 936 3263 ejusdem
955 3196 1046 3249 locum
1064 3196 1216 3264 proferunt.

143 3286 170 3349 ⁸)
193 3280 298 3334 Plures
316 3297 379 3333 mss.
398 3284 535 3342 subtraxit,
557 3296 678 3348 moxque
694 3280 729 3332 12²
741 3280 773 3331 F²
793 3280 882 3333 omitt.
903 3287 934 3334 ei.
967 3280 1066 3334 Tradit
1080 3279 1227 3332 Liberatus
1246 3280 1365 3332 breviar.

67 3388 137 3439 cap.
154 3372 208 3432 16,
236 3365 393 3434 ipsummet
409 3363 600 3428 Timotheum,
625 3381 643 3418 a
660 3365 769 3417 Zenone
793 3365 900 3418 concilii
920 3363 1148 3418 Calchedouensis
1167 3365 1303 3417 acerrimo
1322 3364 1367 3416 de·

68 3457 196 3508 femore
215 3449 400 3509 metuentem,
418 3446 472 3501 sibi
489 3450 608 3502 mortem
626 3448 725 3502 hausto
744 3467 849 3503 veneno
869 3450 1038 3503 conscivisse.

145 3541 173 3601 1)
194 3533 317 3603 Septem
334 3550 397 3586 mss.
411 3532 455 3586 10
472 3539 559 3586 similis
580 3540 717 3600 procellae,
736 3533 813 3587 colb.
824 3540 873 3588 tos
890 3555 958 3588 more
976 3541 1052 3588 sinriti
1067 3541 1197 3602 procellae
1209 3545 1366 3601 susceperat.

72 3654 106 3663 -
129 3624 160 3677 ls
182 3619 290 3674 Petrus
307 3618 359 3673 etsi
375 3616 473 3686 procul
484 3616 652 3670 Alexandria
670 3618 809 3685 aufugisse
828 3618 989 3687 putabatur,
1008 3619 1036 3671 in
1055 3634 1089 3671 ca
1106 3621 1201 3671 tamen
1219 3615 1288 3669 urbe
1306 3615 1368 3671 lati-

71 3708 166 3762 tabat
186 3701 309 3758 insidias
325 3701 464 3756 Ecclesiae
482 3703 603 3765 struens,
625 3702 669 3755 vel
688 3705 762 3755 certe
780 3702 845 3755 illuc
867 3703 963 3757 atatim
985 3719 1111 3756 reversus
1135 3704 1188 3767 est,
1213 3704 1244 3754 ut
1266 3702 1368 3755 docent

74 3788 235 3846 Timothei
255 3785 445 3857 Salophakioli
463 3802 547 3853 quum
566 3786 602 3840 ad
620 3786 758 3840 Zenonem
776 3788 835 3840 tum
854 3787 889 3840 ad
908 3786 1080 3856 Simplicium
1098 3787 1234 3855 epistolae
1253 3804 1270 3840 a
1288 3787 1366 3840 Libe·

75 3880 144 3931 rata>
165 3875 227 3927 lc.
251 3889 311 3941 esp.
326 3877 358 3925 16
375 3872 546 3925 memoratae
564 3887 615 3925 nec
632 3888 688 3923 non
705 3870 791 3940 ipsius
804 3870 937 3940 Simplicii
956 3872 1066 3925 litterae
1086 3878 1116 3924 12
1130 3875 1158 3925 et
1172 3879 1211 3926 13.
1248 3871 1367 3925 Damna-

76 3970 124 4015 tus
144 3959 253 4014 autom
270 3956 391 4011 traditur
409 3956 437 4009 in
453 3963 533 4026 pestis
551 3961 582 4009 tie
601 3963 697 4009 nonrine
713 3962 803 4010 Acacii
815 3956 915 4023 (Gelas.
929 3958 1038 4010 traetl
1060 3975 1084 4009 n.
1099 3960 1124 4021 6)
1144 3974 1207 4010 oum
1219 3956 1367 4009 Timotheo

77 4047 202 4109 heloro,
221 4040 304 4110 cujus
320 4040 433 4110 adjutor
450 4040 479 4093 in
497 4057 563 4094 nece
582 4039 723 4094 Timothei
741 4041 840 4095 iuerat.

152 4133 178 4196 ⁶)
197 4128 246 4181 raa
263 4125 362 4192 H¹N³3
388 4143 450 4180 mss.
470 4124 494 4178 D
518 4124 651 4178 omittunt
673 4139 712 4186 et‚·
739 4125 846 4194 vulgati
869 4132 941 4182 enirn.
984 4125 1059 4178 Colb.
1075 4132 1125 4180 408
1147 4133 1211 4179 sicat
1230 4133 1255 4178 in
1274 4131 1369 4179 aoatris

77 4223 215 4271 innatam
235 4223 277 4266 eat
294 4216 327 4265 de
344 4217 444 4265 uestris.

152 4303 178 4366 ⁹)
197 4296 266 4351 Mas.
280 4296 327 4349 10
346 4315 410 4365 quae
428 4300 460 4349 rie
478 4301 565 4350 eedem
582 4300 728 4354 subsecuta:
759 4296 819 4347 tum
844 4297 887 4363 1β
912 4294 1016 4348 omittit
1034 4300 1074 4348 atr.
1116 4294 1238 4347 Subinde
1262 4293 1369 4363 vulgati

79 4394 214 4457 episcopo
228 4385 334 4435 Romam
352 4386 389 4433 ad
404 4387 560 4448 atterutrum,
580 4380 628 4433 ubi
646 4396 741 4434 omnes
759 4397 821 4433 mss.
841 4380 974 4433 omittunt
992 4385 1033 4441 ad,
1053 4397 1086 4432 ex
1104 4379 1137 4431 iis
1156 4381 1277 4447 quatuor
1293 4380 1368 4431 vetu-

79 4473 188 4527 mores
207 4474 286 4535 [cum
304 4463 469 4531 D²E¹E²F²)
491 4465 596 4520 habent
614 4472 650 4520 ad
667 4470 769 4519 llomam
788 4474 935 4519 alterutrum
954 4466 1007 4532 (vel
1026 4473 1174 4518 alterutram
1199 4464 1368 4534 legendum),

80 4559 119 4612 H*
138 4561 180 4611 ad
190 4558 336 4608 Κοηιαιιαιιι
354 4555 509 4611 atterutrum,
528 4550 561 4603 D'
577 4549 606 4604 d²
624 4554 726 4604 Roaiam
739 4557 894 4609 atterutrum,
914 4549 941 4602 d¹
962 4561 986 4602 et
999 4555 1030 4603 ab
1042 4555 1229 4603 Ateaamlrinia
1241 4555 1370 4618 episcopis
1437 4582 1445 4596 x

79 4642 339 4697 saltemareis!
357 4640 449 4689 retata.
483 4632 608 4689 Gelasius
627 4633 707 4705 epist.
724 4642 734 4687 1
755 4653 780 4688 n.
796 4641 811 4687 ‘t
830 4634 898 4702 legit
917 4640 952 4687 art
970 4646 1099 4703 utrumqne
1113 4638 1221 4695 Itomam,
1240 4631 1370 4687 videlicet

79 4746 173 4785 man
192 4709 224 4779 et
243 4732 369 4776 veterem.
403 4716 541 4773 Orationis
557 4718 706 4790 integritus
723 4718 865 4789 postulare
884 4718 993 4773 videtur
1018 4726 1053 4772 ad
1071 4723 1204 4772 ltounmmu
1223 4726 1370 4771 atter-utram

78 4820 132 4867 aiat
151 4818 257 4866 relata,
284 4802 333 4857 vel
351 4808 388 4856 ad
404 4805 503 4858 Romaiu
521 4812 671 4859 alterutram
690 4806 750 4872 taut
767 4808 908 4872 atramque)
931 4810 981 4856 sint
1004 4811 1095 4856 relata.
1135 4802 1208 4856 Nam
1227 4800 1368 4871 Simplicio

81 4896 201 4967 quidem
222 4905 327 4947 vocem
348 4893 472 4941 alteruter
488 4886 561 4943 idem
578 4908 678 4945 sonare
692 4890 892 4961 quodamque,
911 4889 989 4942 testis
1008 4891 1051 4942 cst
1063 4889 1122 4956 ejus
1135 4888 1252 4957 epistola
1263 4895 1294 4942 10
1306 4905 1331 4938 n.
1344 4892 1366 4938 1.

114 4996 284 5039 trrsrocan
301 4990 409 5029 ιιοιιιιι.
422 4990 534 5032 rosrrr.
552 4980 574 5035 Ι,
650 5018 655 5023 .
829 5038 834 5047 0
1124 4984 1162 5039 13
