3204 5506
322 365 461 415 uortrta
484 365 594 416 urtsr.
618 366 690 415 nou
713 368 882 418 exarnus.
907 370 1087 418 rav—vm.
1276 356 1338 422 217

122 528 243 586 nitentium
256 529 429 601 recipiendam
449 544 522 586 esse.
566 527 651 584 Verba
671 528 763 589 eadem
790 531 816 585 iu
837 532 922 605 gostis
950 530 983 586 de
1003 533 1112 588 norrriue
1135 533 1222 589 Aeacii
1242 533 1337 609 legens

122 611 237 669 hilaratus
246 608 360 677 dlaconus,
381 613 445 669 dum
460 631 516 671 non
531 613 655 677 advertit,
672 631 702 670 ea
718 613 753 671 ihi
769 631 801 671 ex
816 617 882 690 ipsis
900 617 985 673 Aeacii
1001 618 1109 688 scriptis
1125 627 1251 693 excerpta
1267 637 1337 683 esse,

121 697 165 755 red
182 695 206 752 alt
224 696 312 771 ipsomet
329 706 469 774 gaiorum
493 699 693 774 praedictorum
719 701 853 774 scriptore
879 700 913 756 de
933 719 984 758 suo
1011 702 1115 775 prolata
1137 711 1222 776 putat.
1249 705 1286 759 ita
1307 721 1337 760 ea

121 799 173 857 esp.
187 780 333 848 redemta
354 792 385 840 ut
404 784 536 842 nonnulla
555 783 711 858 perturbata
727 784 828 848 ederat,
850 803 919 859 quae
940 786 971 841 ad
993 789 1153 844 narrationis
1171 788 1292 845 ordinem
1308 807 1338 845 ac

122 867 231 923 voratu
241 885 284 925 uon
296 871 359 926 satis
375 878 467 926 exacta
482 876 556 926 sunt.

190 950 211 1008 l.
231 952 262 1009 ld
278 953 363 1011 erdem
383 956 472 1012 Acach
494 957 594 1030 scripta
614 954 786 1011 referendum
808 956 922 1018 videtur.
945 957 1018 1030 quod
1040 957 1172 1032 Simplicii
1194 976 1337 1016 successor

121 1034 181 1093 teir
194 1052 224 1110 ep.
237 1038 265 1094 11
282 1056 307 1096 n.
325 1039 342 1096 2
364 1040 398 1097 de
412 1040 535 1097 iohanne
556 1049 583 1097 et
603 1040 685 1097 Petro
705 1040 880 1097 Antiochenis
897 1036 1004 1099 locutus
1026 1042 1150 1113 subjicit:
1181 1062 1253 1118 quos
1268 1051 1337 1102 tunc

121 1122 235 1195 teporata
245 1123 362 1183 Acamas
376 1131 416 1183 ita
429 1126 503 1199 fecit
518 1128 555 1183 ab
570 1128 731 1197 apostolica
747 1127 814 1182 sede
829 1128 971 1196 damnari
992 1135 1022 1183 ut
1036 1130 1082 1184 liis
1097 1133 1182 1185 etiam
1201 1130 1336 1186 christia·

122 1224 196 1263 ιιιιιιιι
209 1211 355 1267 omudulum
375 1214 533 1282 tolleretur,
555 1213 632 1285 quod
649 1219 732 1284 posta
753 1213 834 1282 apud
847 1227 910 1268 eum
925 1213 1023 1268 hichita
1046 1214 1247 1285 manifestant.
1284 1214 1338 1270 Nec

120 1290 162 1347 dio
172 1290 252 1350 lanitio
264 1297 379 1369 pertinet
394 1296 461 1353 iilud
479 1295 537 1353 Get.
553 1294 644 1370 epid
661 1313 687 1352 u.
697 1296 729 1354 8:
759 1297 817 1353 Cur
831 1313 900 1370 erpo
917 1299 960 1353 oet
976 1315 1062 1370 quum
1077 1299 1131 1354 hoc
1145 1302 1214 1370 fieri
1228 1301 1338 1355 videret

121 1378 215 1447 Accam,
231 1397 278 1436 aon
298 1384 372 1438 sictd
387 1384 439 1438 suh
455 1383 601 1438 Basilisco
610 1385 677 1453 jam
690 1382 817 1455 fecerat,
840 1383 1081 1454 adapostolicam
1103 1385 1198 1439 sedem
1220 1385 1337 1456 referre

121 1465 215 1518 wau?
236 1464 287 1520 Jam
312 1466 419 1539 quidem
440 1466 512 1523 Zeno
529 1467 670 1540 imperium
686 1465 813 1523 Basilisco
835 1466 930 1541 iugata
946 1467 1066 1540 proxime
1082 1476 1231 1542 receperat,
1253 1485 1336 1542 quum

121 1546 196 1602 iudos
211 1548 362 1614 relationem.
384 1550 489 1625 deque
511 1553 614 1627 agimus
636 1553 716 1607 misit.
748 1551 799 1607 Sed
824 1553 884 1624 quia
907 1552 957 1607 hoc
980 1568 1049 1625 opus
1065 1569 1213 1627 aggressus
1234 1560 1284 1615 est,
1308 1561 1337 1608 ut

120 1629 272 1704 haimarus,
288 1636 363 1711 quod
384 1638 435 1711 ipsi
455 1636 486 1693 ab
507 1635 643 1710 Simplicio
664 1636 715 1693 sub
736 1636 862 1691 Basilisco
884 1636 1037 1719 ‹leiegatum
1059 1645 1125 1697 erat,
1148 1637 1282 1711 impleret,
1309 1646 1337 1693 et

120 1717 185 1780 offitii.
200 1736 255 1794 quac
268 1719 319 1777 sul>
335 1720 460 1778 Basilisco
476 1730 554 1796 gesta
570 1720 684 1782 inerant.
706 1722 734 1776 in
749 1720 844 1777 eodem
861 1737 943 1795 opere
959 1720 1107 1785 enarrabat,
1131 1738 1185 1777 uon
1201 1723 1335 1778 immerito

119 1797 188 1857 liutor
197 1806 238 1862 sui
252 1807 396 1864 Basilisco
411 1810 554 1864 retulisse.

174 1887 194 1943 l.
216 1890 306 1947 lisdem
327 1893 354 1948 in
370 1893 477 1965 scriptis
493 1892 604 1948 Aeacius
622 1892 737 1966 singula,
760 1907 828 1964 quae
843 1891 915 1947 Zeno
936 1893 1084 1965 imperator
1100 1893 1256 1967 ingratiam
1272 1910 1335 1967 apo·

119 1969 191 2028 ratu
206 1972 258 2032 idei
276 1984 415 2032 muserd-
426 1992 549 2050 quaeque
564 1975 636 2032 Telis
652 1993 696 2050 ep.
714 1978 732 2032 2
754 1995 781 2031 ιι.
798 1974 818 2031 4
839 1977 1008 2050 perstringit,
1041 1993 1122 2049 quum
1139 1986 1286 2040 onerasset,
1309 1980 1336 2034 iu

120 2052 328 2135 Bumdpaadis
343 2077 462 2133 operam
477 2078 560 2118 suam
574 2064 745 2134 impendisse
765 2077 820 2117 non
842 2060 953 2122 tacehat.
978 2062 1188 2135 nominatimque
1204 2061 1335 2136 gloriaba-

121 2143 366 2218 manumiserunt
379 2153 475 2204 essent
490 2163 594 2216 omnes,
612 2151 662 2220 qui
672 2155 774 2204 contra
788 2145 1048 2203 Calchedonenscm
1063 2148 1201 2218 synodum
1218 2153 1335 2203 contru-

120 2239 153 2294 ιιι
165 2230 219 2285 tedis
235 2234 413 2304 apostolicae
431 2234 680 2304 praedicationem
697 2236 793 2289 venire
809 2238 966 2288 tentarant.
991 2228 1057 2301 (Tel.
1075 2247 1116 2303 ep.
1135 2231 1152 2286 2
1175 2249 1201 2286 n.
1220 2230 1261 2301 5.)
1298 2232 1334 2287 Be

120 2311 201 2369 murto
216 2315 353 2373 Timotheo
375 2316 554 2374 Alexandrino
576 2319 713 2391 speciatim
736 2315 899 2376 arivertehat.
922 2318 1032 2371 laetari
1052 2331 1116 2372 cam
1135 2324 1224 2388 patre
1245 2319 1335 2374 corda

118 2393 197 2459 udos
213 2399 305 2472 (dein.
322 2419 365 2476 ep.
385 2402 400 2456 1
423 2420 449 2458 ιι.
469 2401 527 2472 12).
663 2495 708 2560 V]

710 2497 735 2561 I.

120 2595 184 2657 1418
196 2621 215 2660 c.
228 2621 315 2663 mens.
330 2607 390 2663 Jut.
427 2606 564 2663 Timothei
579 2607 778 2678 Saloplralcioli
791 2608 831 2662 ad
845 2606 1020 2677 Simplicium
1037 2606 1249 2662 inthronistica.

74 2742 76 2749 .
170 2703 189 2760 1.
211 2705 246 2761 id
265 2724 365 2764 annum
381 2706 442 2765 478
464 2707 603 2765 referenda
624 2716 689 2764 sunt
708 2710 855 2765 sollemnia
871 2707 1003 2762 Timothei
1020 2707 1204 2781 Salophahioii
1222 2708 1337 2764 Alexan-

74 2764 77 2809 ἶ
120 2777 274 2848 manuus
289 2797 403 2865 scripta
417 2810 467 2867 per
486 2793 591 2868 legatos
608 2793 709 2849 Esaiam
725 2794 890 2866 episcopum,
914 2792 1002 2847 h'ilum
1019 2791 1249 2865 presbyterumet
1269 2793 1335 2848 hiar-

74 2860 77 2953 ἶ
120 2867 180 2935 ipim
194 2873 325 2933 diaconum
345 2877 377 2933 ad
393 2877 557 2952 Simplicium
577 2895 670 2952 papam
687 2879 775 2940 missa,
798 2876 894 2950 quihus
918 2876 960 2932 hic
980 2894 1047 2950 papa
1069 2893 1112 2950 cp.
1129 2878 1164 2933 11
1185 2895 1211 2932 n.
1231 2879 1244 2932 1
1271 2880 1336 2933 satis

115 2946 148 3006 'li‘
157 2952 230 3016 imum
244 2977 303 3018 csse
318 2970 458 3018 memorat.
491 2962 591 3035 Nempe
612 2963 746 3018 Timothei
763 2961 843 3031 hujus
860 2963 928 3017 varia
942 2961 1049 3016 iortmra
1067 2960 1125 3016 ioit.
1158 2961 1247 3018 Primo
1265 2964 1334 3017 eninr

75 3058 78 3075 ·
100 3028 296 3120 'luminosae
318 3048 468 3120 imperante
484 3048 511 3102 in
533 3046 622 3102 locum
638 3047 772 3102 Timothei
788 3046 880 3101 holuri
896 3045 1024 3101 suiiectus
1041 3044 1216 3101 Alexandriae
1232 3048 1336 3120 episco-

75 3078 81 3173 d
119 3129 240 3186 muntia
255 3132 344 3187 tenuit
359 3131 428 3187 hanc
442 3132 542 3194 sedem,
559 3131 685 3204 quamdiu
701 3132 765 3185 ιίιίι
780 3129 834 3186 Leo
850 3129 963 3204 ejusque
978 3146 1121 3186 successor
1135 3131 1216 3193 Zeno,
1232 3148 1336 3204 pacem-

119 3206 234 3270 Tthtiuit
259 3218 293 3272 tta
309 3214 354 3271 uhi
370 3215 460 3272 locum
475 3233 554 3272 strum
569 3216 665 3272 cedere
680 3225 790 3272 coactus
806 3223 848 3270 est
864 3215 906 3271 hic
920 3216 1067 3288 imperator
1081 3215 1208 3271 Basilisco
1221 3223 1336 3288 tyranno

119 3285 330 3357 ilctlthtdoucnsis
345 3299 451 3356 concilii
467 3301 553 3363 hosti,
572 3301 635 3357 licet
652 3301 679 3356 id
696 3309 752 3357 tum
769 3299 818 3356 sibi
835 3301 990 3373 extorqueri
1007 3316 1101 3373 passus
1118 3301 1154 3354 sit
1169 3300 1336 3361 Timotheus,

120 3373 244 3440 *darom
261 3401 364 3442 nomen
385 3389 461 3441 inter
479 3390 586 3442 altaria
609 3389 786 3442 recitaretur
807 3383 911 3458 (Simpl.
928 3402 969 3459 ep.
988 3383 1026 3455 9),
1048 3401 1154 3440 servare
1177 3393 1336 3440 tamennon

119 3460 268 3526 identitare
288 3469 396 3532 sedem,
424 3469 471 3526 sed
493 3488 550 3526 eam
571 3471 688 3527 vicissim
709 3469 853 3525 Timotheo
875 3469 974 3525 delimo
996 3468 1130 3529 dimittere
1152 3477 1261 3525 coactus
1282 3479 1335 3525 est.
1438 3501 1441 3507 ·

119 3532 241 3624 'mpod
254 3553 393 3611 biennium
407 3555 479 3611 Zeno
494 3556 520 3612 in
542 3557 645 3630 regiam
661 3554 754 3610 urhem
772 3570 914 3628 regressus
931 3553 1030 3609 heiuro
1049 3555 1183 3610 castineto
1200 3563 1227 3610 et
1241 3554 1335 3629 iugata

119 3615 268 3720 Ρ1111111130.
291 3640 337 3713 qui
353 3640 381 3695 in
397 3639 485 3696 locum
501 3640 559 3710 ejus
571 3641 712 3700 invaserat.
736 3639 906 3695 Timotheum
923 3637 1152 3712 Saiophahioium,
1174 3641 1219 3712 qui
1236 3639 1336 3714 Canopi

119 3700 202 3797 milti.
220 3722 404 3780 Alexandriam
419 3727 562 3781 revocavit.
606 3723 671 3792 Qua·
684 3724 717 3780 de
739 3741 768 3779 re
783 3725 884 3779 certior
909 3723 994 3779 iactus
1010 3722 1162 3796 Simplicius
1184 3723 1216 3777 ali
1232 3726 1336 3782 Acacio.

119 3792 245 3877 ”inhujus
259 3808 379 3883 episcopi
394 3811 567 3865 restitutione
584 3808 736 3883 gratulatus
752 3816 802 3871 est,
821 3817 850 3863 ut
865 3825 964 3881 cupere
980 3824 1009 3862 sc
1026 3825 1079 3862 nori
1097 3815 1205 3869 taceret.
1230 3808 1261 3862 ah
1277 3810 1336 3882 ipso

120 3869 216 3971 *11111111
230 3909 288 3950 esse
304 3891 442 3954 maculam,
460 3908 539 3966 quarn
555 3894 655 3950 nomini
671 3910 721 3948 suo
737 3910 786 3966 per
801 3894 1006 3964 inconstantiam
1022 3894 1156 3947 inusserat
1178 3891 1223 3962 (ci.
1241 3892 1334 3966 Simpi.

119 3968 208 4042 11119).
240 3976 296 4034 lloc
311 3978 396 4051 igitur
410 3976 546 4052 pontificis
568 3979 654 4035 nostri
671 3976 835 4032 desiderium
858 3994 939 4050 quum
955 3978 1066 4032 Aeacius
1087 3977 1110 4031 ei
1127 3994 1205 4049 quam
1222 3978 1335 4050 primum

120 4049 179 4107 ”¹⁸¹³
189 4055 295 4124 iecisset.
311 4061 358 4117 ilie
376 4063 435 4118 siue
451 4078 524 4118 mora
540 4063 704 4138 legationem
720 4078 780 4117 mox
797 4060 893 4116 dictam
909 4077 969 4116 cum
985 4063 1092 4133 scriptis
1108 4061 1260 4122 destinavit,
1278 4063 1336 4134 qui-

120 4118 344 4208 *thaumatum
364 4149 544 4204 destruxisse
564 4164 609 4216 sc,
633 4148 710 4219 quod
729 4152 797 4202 ante
814 4151 994 4217 perterritas
1014 4148 1048 4200 de
1070 4145 1207 4201 Dioscuri
1225 4149 1336 4201 nomiae

118 4205 198 4295 litant,
215 4235 240 4285 et
257 4234 451 4288 remissionem
472 4236 564 4305 ipsias
579 4235 690 4287 erroris
706 4235 825 4302 expetiit
848 4227 955 4304 (Simpi.
973 4246 1014 4303 ep.
1031 4231 1066 4284 11
1086 4248 1112 4284 n.
1129 4229 1166 4298 l).
1199 4229 1227 4284 ln
1243 4228 1335 4284 erilem

120 4296 182 4372 'Thu
192 4316 306 4372 convenit
321 4323 349 4371 et
364 4314 430 4372 illud
446 4315 562 4372 Liberati
577 4334 600 4372 c.
620 4316 673 4373 16:
705 4316 804 4371 scribit
820 4317 859 4370 ad
870 4332 979 4386 papam
997 4314 1170 4386 Simplicium
1186 4323 1336 4386 repenset

119 4373 186 4460 Μ,
201 4397 310 4456 Petrum
324 4402 406 4457 illum
421 4401 555 4476 Mannum
570 4406 599 4458 in
615 4403 773 4456 diaconatu
796 4415 859 4455 esse
874 4402 1038 4455 damnatum
1060 4398 1107 4470 (id.
1125 4397 1212 4453 Gelas.
1231 4405 1308 4453 tract.
1327 4399 1335 4452 i

120 4463 172 4538 ²9l·
192 4477 240 4547 Quo
253 4485 401 4558 respicietis
416 4484 568 4559 Simplicius
589 4503 631 4560 ep.
652 4484 690 4545 12
707 4487 751 4545 ait.
773 4484 881 4539 Petrum
898 4484 969 4539 hunc
986 4484 1092 4538 minime
1108 4480 1259 4537 habendum
1275 4499 1335 4538 csse

120 4547 232 4632 aium,
245 4570 288 4625 cui
302 4583 359 4624 nec
373 4572 402 4624 in
418 4572 574 4627 diaconatu
590 4586 660 4626 suris
673 4573 767 4641 potuit
782 4571 851 4626 ordo
867 4576 1012 4625 constare.

172 4641 192 4698 l.
215 4648 304 4709 lisdem
326 4655 433 4727 scriptis
452 4653 618 4729 significahat
634 4655 801 4714 Timotheus,
818 4653 928 4708 Petrum
944 4652 1071 4727 iiongum
1088 4652 1261 4708 Alexandriae
1277 4652 1335 4708 lati·

120 4715 371 4811 &simpliciorum
387 4735 447 4794 fidei
462 4738 550 4796 moliri
565 4739 682 4800 insidias,
698 4738 814 4812 ideoque
830 4754 860 4794 se
874 4737 906 4793 ab
922 4740 1093 4812 imperatore.
1109 4743 1140 4792 ut
1152 4753 1212 4792 eum
1225 4736 1334 4811 longius

119 4808 233 4876 'iodim
244 4822 308 4896 pelli
321 4821 439 4893 juberet.
455 4825 583 4898 petivisse
599 4822 702 4897 (Simpi.
720 4840 762 4897 ep.
773 4825 812 4884 10
825 4842 850 4878 n.
862 4823 900 4894 2).
924 4822 991 4878 iiiuc
1006 4831 1033 4878 et
1047 4824 1136 4896 ipsum
1149 4820 1336 4878 obtestabatur

121 4876 237 4970 sb‘litium
258 4914 288 4963 ut
308 4906 357 4964 has
377 4924 472 4981 preces
486 4911 648 4966 auctoritate
664 4908 771 4981 juvaret
791 4925 848 4970 sua,
870 4917 897 4964 et
918 4909 1014 4970 omnia,
1037 4924 1106 4985 quae
1126 4907 1177 4986 ipsi
1192 4907 1333 4968 nuntiavit.
