3224 5506
170 376 233 440 586
642 388 670 435 9.
688 385 828 434 999999
851 384 963 432 erres

171 547 249 608 tiam
272 566 336 607 non
358 542 539 626 quaerendo
561 564 621 605 nee
643 541 676 603 in
699 540 840 623 paradisi
862 541 968 624 potuit
988 539 1367 606 intemeratafelicitates

171 651 266 729 stare,
291 645 454 728 discatque
477 644 546 707 sine
569 643 625 707 tali
648 642 807 725 praesidio
830 642 904 705 inde
926 641 1061 725 lapsam,
1086 664 1145 727 per
1166 643 1250 727 quod
1270 626 1367 708 instni

170 753 243 834 post
266 768 434 811 aerumnas
457 746 496 808 ad
519 745 637 829 gaudia
658 743 760 807 redire
782 746 947 827 perpetua,
971 744 1135 829 multoque
1151 767 1184 809 se
1200 746 1304 830 magis
1318 746 1367 811 ine

171 874 254 914 mem
269 850 330 914 hoe
345 847 485 912 subsidio
501 848 616 910 durare
631 846 782 930 potuisse,
807 868 870 930 quo
892 868 957 921 non
980 846 1084 910 solum
1106 847 1148 910 ad
1171 848 1340 912 creationis
1358 870 1367 913 ε

171 952 334 1016 reducitur
355 949 550 1032 institutum,
575 949 629 1012 sed
652 949 692 1012 ad
716 949 851 1012 coeleste
874 951 1085 1032 praeparatur
1107 947 1336 1015 habitaculum.

258 1055 305 1118 13.
344 1051 428 1115 Huic
456 1053 561 1115 autem
591 1051 800 1134 disputationi
828 1048 1013 1113 nullatcnus
1049 1051 1237 1116 aestimetur
1270 1073 1337 1116 esse
1363 1086 1367 1103 ι

170 1156 314 1237 tranium,
339 1154 422 1239 quod
445 1154 478 1216 in
502 1153 637 1236 epistola
658 1175 716 1216 sua
738 1152 849 1215 beatus
871 1151 1038 1216 Johannes
1061 1153 1226 1236 apostolus
1249 1157 1367 1219 etevat

22 1259 245 1335 1J0h‚3‚o.tistn
268 1256 431 1320 disseruit:
458 1261 532 1330 Ouia
555 1261 608 1333 qui
628 1266 718 1320 rietus
739 1266 784 1318 est
799 1276 839 1318 ese
856 1259 927 1332 lieo,
952 1276 1012 1319 nort
1032 1266 1151 1334 peccet,
1176 1258 1213 1318 nt
1227 1277 1266 1319 ex
1281 1258 1367 1320 hocs

170 1361 246 1423 licet
268 1358 322 1442 qui
345 1357 527 1441 regenerati
556 1360 647 1438 sunt,
683 1377 748 1418 non
776 1377 909 1439 peceare
939 1356 1121 1420 credantur.
1167 1356 1257 1432 Quod
1280 1358 1367 1442 utiqr·

171 1485 207 1525 eo
229 1482 336 1541 sensu,
360 1459 443 1521 sicut
465 1458 594 1541 quidam
616 1480 680 1520 non
704 1460 790 1520 recte
808 1457 993 1539 judicantes
1015 1457 1226 1541 arbitrantur,
1252 1460 1299 1523 vir
1313 1482 1367 1524 ma

170 1564 248 1626 ficus
258 1562 296 1647 18)
319 1561 372 1623 ille
395 1559 612 1644 prompsisset,
642 1558 865 1622 universaliter
891 1561 1001 1643 ntique
1023 1559 1167 1644 quisquis
1189 1564 1320 1626 renatus
1341 1583 1367 1626 e

165 1666 234 1749 jam
263 1684 395 1747 peccaro
424 1683 489 1724 non
519 1663 636 1744 posset.
682 1659 806 1723 Deinde
837 1663 949 1724 contra
975 1661 1062 1724 hune
1090 1663 1237 1727 eumdem
1260 1667 1367 1747 apost«

170 1767 289 1830 sentire
306 1764 517 1845 convincitur,
542 1762 567 1825 si
583 1763 654 1845 quis
669 1761 730 1826 hoe
745 1785 817 1826 eum
833 1762 982 1826 definisse
998 1764 1198 1848 praetendit·;
1221 1765 1303 1829 idem
1319 1787 1364 1850 qu

21 1869 246 1932 rJ0h,r‚8.‹licit
269 1867 361 1930 alibi:
385 1869 421 1928 Si
441 1871 617 1941 discriteus,
643 1872 714 1943 quie
734 1877 893 1945 preceptum
916 1887 975 1930 non
999 1871 1152 1949 hebemus,
1177 1889 1231 1932 uos
1254 1876 1367 1948 ipsese

69 1937 147 2070 13ῗὲ
149 1981 153 1990 ’
167 1978 270 2047 cimus,
295 1981 323 2032 et
345 1974 456 2032 veritus
479 1973 509 2029 ie
533 1972 696 2031 nobiseum
720 1978 772 2031 est.
817 1966 861 2029 Et
882 1968 1014 2031 iterum:
1038 1973 1075 2032 Si
1089 1976 1268 2048 dixerimus,
1291 1976 1360 2048 quia

166 2071 419 2152 peccevnnusffl),
453 2075 625 2132 mendacem
650 2072 803 2145 faciemus
830 2091 911 2145 erret,
946 2081 975 2133 et
997 2075 1117 2134 uerbum
1146 2078 1214 2151 ejus
1242 2094 1300 2137 riou
1321 2077 1367 2135 erit

168 2180 261 2238 retritis.
306 2171 351 2234 Et
372 2171 482 2254 utique
504 2170 565 2233 hoe
586 2172 697 2233 tantus
720 2172 752 2234 et
774 2170 848 2233 talis
871 2172 998 2235 dicebat
1021 2173 1194 2256 apostolus,
1220 2174 1308 2258 eujus
1321 2173 1367 2256 siq

166 2276 323 2360 potiorem
346 2295 379 2336 99
401 2272 523 2336 meritis
547 2272 715 2335 aestimare
739 2272 918 2355 contendit,
947 2274 1016 2356 ipse
1046 2273 1152 2338 videat
1175 2279 1352 2360 caveatque,

169 2377 291 2441 incidat
318 2376 352 2438 in
375 2375 559 2437 mortiferae
581 2373 857 2457 praecipitationis
885 2376 1067 2458 abruptum.
1117 2376 1213 2442 Certe
1241 2378 1322 2441 enim
1344 2376 1367 2459 ip

169 2480 222 2562 qui
245 2479 325 2540 haee
347 2476 484 2558 dicebat,
509 2498 546 2538 ex
563 2475 631 2540 Deo
653 2476 763 2560 ntique
785 2480 881 2541 natus
904 2480 988 2561 erat3
1012 2479 1168 2542 ettamen
1192 2479 1367 2560 docebatutr⁴

169 2579 391 2664 praedicabat,
416 2579 541 2643 dicens:
570 2583 605 2641 Si
626 2583 807 2657 dixerimus,
833 2587 906 2659 quin
922 2590 1082 2658 peccatum
1104 2601 1164 2643 non
1186 2587 1367 2660 tradamaue

168 2689 310 2761 metipsos
330 2687 512 2758 seducimus,
538 2684 571 2744 ct
586 2682 702 2761 cetera,
727 2701 807 2764 quae
823 2682 968 2764 superius
991 2681 1224 2796 comprehensa
1245 2687 1324 2748 suut.

168 2783 305 2868 qualiter
326 2804 459 2866 [reeeare
486 2805 551 2846 non
575 2782 691 2865 possit,
724 2782 778 2865 qui
806 2804 844 2845 ex
866 2781 935 2846 Deo
963 2783 1070 2847 nascit
1071 2805 1125 2868 ur,
1161 2783 1230 2868 ipse
1256 2785 1350 2869 potius

70 2854 153 2988 ¹1Jm
170 2886 235 2949 Deo
258 2885 371 2969 plenus
389 2889 542 2967 exponat:
566 2890 601 2947 Si
615 2890 792 2961 (tereremus,
817 2884 932 2968 inquit,
956 2893 1029 2965 quie
1051 2907 1112 2950 uon
1131 2894 1367 2966 peccavimusm

93 3015 146 3074 19
167 2996 272 3053 ducem
294 2992 443 3066 faciemus
465 3008 545 3050 eum:
579 2992 688 3064 quodsi
714 2991 848 3062 confessi
863 2992 1017 3064 fueriruus
1044 2995 1156 3053 delicta
1185 3001 1305 3069 nostru,
1332 2992 1367 3066 fid

167 3102 210 3155 est
231 3102 260 3153 et
274 3097 389 3170 justus,
412 3096 465 3168 qui
485 3094 617 3151 dimittet
639 3093 724 3151 nobis
738 3099 881 3170 peccate,
905 3101 934 3153 et
948 3096 1070 3153 enuntiet
1091 3112 1146 3154 nes
1168 3097 1207 3155 et
1229 3099 1310 3156 omui
1326 3097 1367 3169 init

167 3204 238 3257 tute.
284 3190 458 3272 Patefecit,
483 3189 639 3273 quomodo
661 3189 713 3272 qui
739 3210 776 3252 ex
799 3188 868 3253 Deo
890 3191 1049 3274 nascitur,
1079 3213 1215 3275 peceare
1236 3214 1302 3258 non
1321 3214 1367 3278 pos

168 3298 203 3358 ut
226 3293 348 3356 scilieet
369 3291 584 3375 unusquisque
607 3290 763 3375 fidelium,
793 3294 962 3376 postquam
991 3315 1029 3356 ex
1051 3292 1121 3357 Deo
1143 3296 1240 3359 natus
1263 3299 1324 3378 est,
1349 3294 1367 3358 si

167 3418 201 3458 se
224 3418 288 3458 non
311 3394 430 3457 habere
452 3395 620 3476 peccatum
642 3394 851 3476 pronuntiare
868 3416 935 3457 non
950 3392 1056 3477 debet,
1079 3394 1126 3460 sic
1142 3397 1226 3480 quod
1241 3397 1367 3462 admitte:

168 3497 373 3578 contraxerit,
350 3495 496 3558 teotnfi
482 3494 613 3578 tenti50)
636 3495 833 3559 relaxatione
849 3496 1042 3580 submotum,
1066 3499 1263 3582 pecc-atum
1253 3521 1367 3565 messe

62 3588 146 3640 ¹¹⁰h·
129 3598 282 3691 possit,
307 3547 420 3661 sierit
411 3620 479 3681 ipse
502 3597 599 3660 etiam
621 3601 709 3661 secut
708 3619 747 3661 us
696 3597 822 3682 tjad
825 3600 933 3663 unxit:
963 3604 1048 3663 Haec
1069 3605 1171 3665 serito
1193 3607 1291 3679 vobis,
1323 3615 1353 3667 ut

66 3662 110 3723 ρι’
162 3708 310 3780 peccetis
333 3706 387 3763 sed
399 3706 427 3763 si
440 3707 506 3778 quis
516 3705 701 3779 peccauerit,
726 3705 905 3765 advocatum
920 3707 1063 3766 trudemus
1078 3709 1167 3783 apud
1178 3708 1298 3769 Patrem
1310 3712 1367 3784 Just

166 3814 195 3866 et
216 3809 280 3882 ipse
306 3814 350 3865 est
370 3808 552 3881 propitiatio
571 3813 767 3882 peecatorum
795 3813 979 3882 nostrorum,
1019 3826 1081 3869 non
1110 3816 1227 3871 tentum
1255 3816 1367 3872 nostres

234 4008 265 4074 ⁴⁸)
286 4007 328 4059 Ita
347 4006 390 4072 θ’,
409 4005 459 4059 etsi
479 4006 578 4060 deinde
596 4006 687 4075 prima
704 4023 788 4060 manu
804 4011 972 4074 prouenisset.
1003 4007 1058 4061 Alii
1075 4029 1190 4078 mepurrs.

235 4094 266 4159 ω)
285 4091 328 4144 nu
344 4091 407 4145 Vnt.
429 4093 486 4158 (at).
518 4091 593 4144 Editi
610 4091 656 4145 hie
674 4112 722 4146 999
740 4112 885 4159 peccamen,
905 4091 954 4146 sed
971 4090 1045 4146 infra
1063 4095 1094 4146 ut
1111 4112 1198 4164 supra
1214 4113 1241 4151 n.
1256 4102 1332 4152 3999
1340 4116 1367 4165 p<

167 4197 250 4229 verrius.

234 4258 586 4329 9999199999).
617 4260 692 4314 Editi
710 4267 852 4323 corridenti.
884 4261 1056 4330 Augustinus
1074 4279 1187 4333 qnoque
1204 4265 1240 4320 de
1258 4266 1359 4337 petest

167 4344 211 4397 rit.
231 4344 248 4397 l.
268 4350 282 4396 2
301 4350 370 4398 c..10
391 4344 445 4398 hoe
465 4344 655 4399 testimonium
678 4349 727 4411 Qui
747 4359 821 4400 natus
843 4359 882 4401 est
903 4367 939 4400 ee
961 4351 1028 4409 Deo,
1054 4367 1105 4402 non
1125 4361 1219 4416 peceat
1242 4350 1291 4405 isti
1307 4350 1367 4407 altu

166 4434 316 4489 disciturus,
342 4435 400 4497 putu
420 4442 552 4498 perentam
574 4452 622 4486 uon
644 4435 761 4484 trademus
784 4431 955 4486 eontrarium
982 4448 1038 4486 non
1065 4449 1127 4488 esse
1154 4434 1290 4502 ostendit,
1314 4434 1367 4506 prin

166 4513 364 4582 interpretatus
382 4513 416 4567 de
434 4513 557 4581 homine,
576 4516 623 4584 qui
640 4516 790 4585 adoptione
809 4534 857 4571 seu
873 4517 1087 4586 regeneratione
1100 4522 1294 4576 consummate
1305 4521 1363 4590 jem

166 4596 264 4663 999999,
283 4598 401 4652 uturum
418 4598 453 4653 de
471 4599 595 4668 homine,
618 4601 647 4654 in
670 4618 724 4670 quo
743 4602 901 4672 adoptionis
918 4619 966 4656 seu
984 4603 1207 4673 regenerationis
1226 4605 1310 4676 hujm
1326 4606 1367 4659 tm

167 4684 210 4734 cst
227 4681 350 4748 initium,
373 4683 421 4751 qui
437 4683 503 4738 lieet
520 4696 587 4740 totus
605 4707 651 4755 spe
663 4691 735 4754 jam,
758 4698 783 4740 et
800 4693 858 4755 jam
876 4694 900 4742 in
919 4708 948 4742 re
967 4708 1002 4743 ee
1016 4701 1096 4758 purte
1113 4696 1309 4761 repensatione
1323 4695 1367 4760 spir

165 4777 313 4831 renouatus,
336 4773 418 4822 utitem
436 4781 518 4823 ttamen
538 4781 628 4839 portui
645 4792 750 4840 eorpus,
774 4779 843 4843 quod
859 4780 1030 4843 comnmpitur
1046 4786 1072 4829 et
1089 4785 1217 4847 appronat
1233 4783 1345 4832 enimn

168 4849 338 4904 distinctioni
356 4855 542 4909 consentanea
559 4857 635 4923 sunt,
654 4874 725 4924 qnae
745 4856 871 4912 Gelenius
889 4877 915 4913 n.
931 4866 962 4912 12
979 4859 1146 4929 praemittit.
1176 4860 1250 4917 Vide
1267 4860 1367 4918 aliam(

167 4933 232 4987 dem
249 4935 397 5003 Augustini
413 4937 673 5008 nitrarpretationem
690 4941 738 4996 lib.
758 4942 792 4997 de
811 4943 903 5012 gratia
921 4942 1064 5000 emistis
1082 4951 1124 5000 21.
