3204 5506
261 305 324 370 840
702 318 728 365 S.
744 316 952 365 uoasssslaaa
975 315 1088 365 PAPAE

130 488 165 557 (a.
178 475 383 554 519.)fuerint
405 473 515 540 exsilio
538 472 709 556 deportati,
732 470 951 556 insinuabitis,
967 471 1049 537 nihil
1065 493 1120 537 vos
1137 471 1176 537 de
1198 471 1301 539 libelli
1322 474 1496 559 posseioum

133 880 148 913 *
158 879 176 932 f.
183 898 239 932 cccc·

125 966 251 1003 cestorum

120 3061 156 3128 (a.
163 3065 212 3114 519
224 3077 261 3114 m.

153 3129 225 3198 Jcn.)

262 581 448 663 decerpere,
476 577 511 640 in
540 598 603 661 qua
630 596 780 660 sequaces
809 575 1032 640 damnatorum
1059 575 1185 659 pariter
1207 576 1418 642 eontinentur.
1452 577 1498 644 sa

262 683 289 746 si
312 702 365 745 eos
388 680 429 744 ab
450 679 513 743 hac
535 700 600 743 nou
623 678 792 764 potueritis
820 677 1001 743 intentione
1029 676 1216 763 deflectere,
1253 678 1367 744 saltem
1391 678 1442 745 hoc
1463 703 1499 746 sc

263 783 432 868 quiescite,
465 784 502 844 ut
530 780 802 845 anathematizato
830 779 1013 864 specialiter
1040 801 1099 865 per
1125 779 1288 865 libellum,
1322 802 1411 867 quem
1432 783 1501 847 robis

264 885 423 968 dedimus,
453 883 589 967 Acacio,
618 884 656 947 de
680 883 1056 967 *praedecessorum
1079 882 1148 967 ejus
1170 883 1355 949 nominibus
1375 888 1501 967 taceatur,

264 987 386 1053 abrasis
418 1008 527 1050 eorum
560 985 599 1049 de
631 985 856 1069 diptychorum
886 985 1097 1069 inscriptione
1130 985 1306 1051 vocabulis.
1350 984 1415 1063 Quo
1436 986 1504 1052 fecto

264 1091 449 1175 episcopum
472 1086 866 1175 Constantinopolitanum
887 1087 923 1151 in
945 1089 1085 1151 vestram
1108 1088 1365 1153 communionem
1385 1089 1504 1174 accipite

349 1192 380 1256 3.
414 1189 572 1254 Libellum
593 1211 667 1254 vero
688 1188 739 1253 vel
767 1189 908 1274 episcopi
932 1188 1286 1275 Constantinopolitani
1312 1191 1362 1256 vel
1386 1191 1504 1275 afiorum,

265 1315 343 1379 quos
364 1313 420 1356 vos
443 1292 603 1374 suscipere
618 1290 686 1356 Deo
708 1291 835 1356 volente
851 1291 1035 1378 contigerit,
1058 1291 1162 1377 primo
1184 1293 1284 1378 agite,
1309 1296 1346 1358 nt
1365 1296 1506 1378 praesenta

265 1394 383 1481 populo
409 1395 571 1458 recitetur.
617 1392 735 1468 Quodsi
762 1393 822 1458 hoc
850 1394 919 1458 fieri
946 1415 1012 1458 non
1034 1395 1154 1479 poterit
1163 1395 1205 1479 ⁶),
1235 1395 1352 1461 saltem
1376 1395 1410 1460 in
1429 1416 1506 1461 sacre

267 1498 349 1561 tario
371 1495 593 1581 praesentibus
616 1494 740 1559 clericis
763 1498 795 1560 et
818 1495 1079 1562 archimandritis
1100 1494 1274 1582 relegatur.
1315 1496 1403 1562 Haec
1422 1496 1507 1561 omnir

267 1599 294 1663 si
316 1597 385 1662 Deo
406 1597 529 1661 fuerint
550 1597 678 1661 volente
700 1597 874 1683 completa,
898 1599 1125 1684 imperatorem
1146 1602 1276 1685 rogate,
1306 1603 1345 1665 ut
1365 1599 1507 1665 destinata

267 1699 365 1765 sacris
387 1720 445 1783 per
465 1699 727 1783 metropolitanos
750 1700 931 1786 episcopos,
955 1701 1116 1786 adjunctis
1130 1701 1232 1786 ipsius
1253 1701 1424 1788 episcopii)
1442 1701 1507 1766 litte

267 1802 327 1886 ris,
360 1801 559 1884 innotescat,
590 1801 773 1887 episcopum
800 1801 1194 1888 Constantinopolitanum
1223 1823 1280 1867 suo
1311 1824 1430 1889 qnoque
1453 1824 1508 1868 aon·

268 1926 363 1969 sensu
392 1902 551 1967 celebrata
577 1903 790 1989 professione,
825 1927 920 1990 quam
948 1906 1037 1971 sedes
1067 1904 1244 1990 apostolica
1275 1903 1507 1989 destinavit,ia

268 2007 427 2072 unitatem
450 2004 682 2070 communionis
703 2007 803 2072 fuisse
824 2010 1017 2092 susceptum.
1048 2006 1169 2084 Quibus
1190 2006 1309 2071 litteris
1331 2008 1424 2073 etiam
1441 2008 1507 2093 ipsos

268 2109 415 2173 hortetur
442 2107 560 2171 similia
591 2109 744 2191 profiteri.
794 2107 913 2184 Quodsi
942 2109 977 2173 in
1004 2108 1066 2174 hac
1092 2112 1186 2194 parte
1212 2109 1387 2194 imperator
1411 2106 1504 2194 aliquid

270 2210 470 2275 difficultatis
492 2208 653 2293 attulerit,
683 2211 850 2295 episcopus
872 2210 1266 2296 Constantinopolitanae,
1295 2211 1420 2277 directis
1438 2232 1505 2297 praa·

271 2312 471 2398 ceptionibus
493 2313 650 2398 episcopis
673 2314 738 2377 anis
760 2313 1027 2400 paroecialibus⁸)
1056 2314 1106 2378 vel
1130 2315 1245 2379 ceteris
1266 2312 1502 2400 metropolitanis,

271 2414 315 2479 eis
343 2415 617 2502 praesentibusl),
652 2416 706 2500 qui
735 2438 754 2479 a
781 2416 871 2481 vobis
905 2416 1026 2501 pariter
1054 2416 1167 2482 directi
1193 2416 1332 2501 fuerint,
1364 2416 1434 2502 quid
1453 2417 1504 2500 ipsc

269 2517 398 2601 fecerit,
427 2517 624 2582 innotescat:
648 2519 731 2602 quod
753 2518 794 2583 ab
817 2540 853 2583 co
876 2518 977 2583 modis
1000 2518 1148 2584 omnibus
1169 2540 1225 2584 ros
1247 2522 1374 2604 oportet
1393 2519 1501 2604 exigere,

271 2622 307 2683 ut
328 2618 407 2683 facti
429 2618 524 2703 hujus
546 2621 730 2685 testimonio
752 2624 947 2706 peragrante
969 2621 1067 2686 etiam
1088 2620 1267 2707 universos,
1291 2620 1343 2687 rel
1363 2621 1413 2706 qui
1430 2621 1502 2704 longo

272 2724 348 2785 sunt
368 2720 476 2805 positi,
500 2721 600 2787 latere
623 2744 689 2786 non
711 2722 823 2806 possit.

767 2908 949 3012 Epistola
975 2910 1034 2993 50.

472 3060 684 3127 Hormisdao
706 3078 816 3144 papae
838 3061 882 3127 ad
904 3061 1091 3128 lustinum
1114 3061 1329 3147 Augustum.

305 3202 378 3252 Illius
396 3207 455 3251 aare
473 3201 601 3264 imperium
619 3202 708 3250 merita
725 3216 862 3250 recensens
880 3199 916 3264 (ni
930 3200 966 3266 1),
995 3218 1048 3252 eum
1065 3219 1082 3251 a
1101 3203 1154 3252 Deo
1178 3206 1283 3253 electam
1304 3203 1477 3268 praedicam!

304 3303 393 3351 pacem
409 3287 504 3337 reddat
517 3287 649 3337 Ecclesiae
668 3285 703 3348 (a.
713 3285 749 3350 2).
776 3286 887 3336 Frustra
899 3302 942 3338 eoa
954 3288 1027 3337 adda
1033 3288 1170 3350 jactitare,
1189 3287 1397 3339 Calchedonem&
1406 3284 1479 3353 caso&

306 3373 442 3421 constituta
458 3371 509 3423 aibr·
522 3371 639 3435 probari,
659 3372 702 3436 qui
713 3369 744 3420 ab
757 3386 841 3420 eorum
853 3371 1003 3437 sequacitas
1015 3374 1101 3422 nolant
1117 3374 1249 3431 recedere,
1268 3388 1329 3439 quoe
1340 3374 1387 3423 illic
1398 3373 1478 3422 dm

305 3463 345 3505 tos
362 3457 443 3506 sciam
461 3452 495 3520 (a.
508 3456 543 3520 3).
580 3454 657 3516 Quam
677 3457 813 3519 gloriosum
835 3457 860 3506 ει·
879 3457 973 3519 suerit,
1003 3456 1144 3507 Ecclesiam
1170 3459 1207 3508 ad
1228 3460 1347 3509 amarem
1368 3468 1478 3508 revocarat

305 3557 487 3600 rememorans,
510 3557 538 3590 ac
556 3550 698 3606 propterea
717 3542 865 3592 Germraaam
883 3547 907 3591 ct
924 3542 1064 3592 Jotaaacm
1081 3544 1231 3608 episcopos,
1254 3542 1377 3593 aaran
1391 3538 1478 3608 pretty·

458 3632 537 3675 teram
555 3634 581 3675 et
598 3627 705 3676 Felicem
723 3627 854 3677 diaconam
872 3629 971 3691 legatae
988 3628 1130 3678 destinasse
1148 3628 1246 3679 indicat
1264 3625 1300 3693 (a.
1313 3627 1347 3692 4).

423 3757 633 3824 Hormisda
654 3758 818 3824 Justino
840 3761 1038 3845 Augusto.

358 3878 386 3942 1.
418 3878 458 3942 In
479 3881 608 3943 tantum
630 3900 688 3963 pro
710 3879 817 3963 gratia
831 3877 1019 3943 Divinitatis
1037 3879 1160 3964 gloriae
1174 3884 1302 3947 vestrae
1323 3882 1433 3946 lamam
1451 3897 1505 3942 aon·

272 3984 338 4045 stat
360 3983 536 4062 extensam,
560 3983 593 4044 et
607 3980 654 4045 ita
668 4002 723 4045 vos
739 3982 939 4067 suffragante
957 3981 1042 4045 vitae
1057 3983 1172 4048 marito
1194 3983 1396 4049 laudabiliter
1414 3976 1506 4045 mando

274 4084 411 4168 contigit
438 4083 638 4147 innotescere
666 4083 962 4166 probatissimorum
989 4084 1156 4149 hominum
1187 4085 1339 4170 opinione
1371 4082 1505 4169 wlganio,

272 4287 302 4341 id
319 4287 420 4343 unitati
438 4288 604 4343 sanciendae
626 4303 682 4341 non
702 4287 757 4341 levi
775 4287 920 4342 obstaculo
937 4288 996 4344 fore
1013 4289 1164 4360 prospexit.
1201 4289 1376 4361 Quapropter
1393 4290 1419 4344 et
1431 4281 1508 4342 hain

274 4389 356 4428 caasa
373 4374 475 4443 legatis
493 4373 559 4441 quid
576 4372 716 4441 agendum
734 4372 770 4426 sit
787 4375 943 4442 praecavet.

340 4461 360 4527 ⁸)
379 4459 499 4528 Propter
514 4455 623 4527 populi,
647 4458 678 4511 ut
701 4472 765 4511 mox
787 4456 917 4524 diximus,
940 4476 1008 4530 erga
1030 4476 1094 4514 auos
1113 4459 1259 4530 episcopos
1275 4458 1400 4515 studium.
1431 4454 1509 4522 ΟΜ

274 4559 357 4609 quam
378 4543 408 4597 in
433 4543 528 4598 libello
550 4541 762 4608 subscribendo,
785 4558 868 4611 quem
890 4544 984 4601 videre
1006 4544 1073 4601 licet
1095 4543 1219 4616 epistolis
1237 4550 1254 4599 7
1272 4546 1302 4600 et
1323 4550 1356 4600 26
1376 4543 1509 4602 cubam

273 4628 349 4683 nulla
367 4628 494 4699 specialis
511 4620 658 4698 Eapbemii
675 4628 720 4682 vel
736 4627 892 4684 Macedonii
910 4629 942 4683 fit
958 4628 1071 4684 mentio.

341 4718 360 4782 7)
380 4715 399 4768 b
417 4714 482 4768 add.
502 4718 782 4782 constantinopolitani.

342 4801 362 4866 8)
380 4799 440 4853 Hoc
457 4804 500 4853 est
516 4797 674 4868 provinciae
692 4815 757 4853 suae
776 4799 917 4870 subjectis,
935 4803 967 4854 ut
986 4799 1016 4854 in
1033 4798 1167 4870 epistolas
1187 4805 1219 4855 lt
1231 4804 1261 4857 ct
1272 4806 1303 4857 21
1322 4794 1508 4861 ethemm-

340 4885 362 4951 ⁹)
380 4884 399 4937 b
415 4888 629 4953 praecidentibus.
