3204 5506
603 118 774 171 nrrssons
797 109 828 168 9.
1287 97 1351 167 699

97 296 193 342 sum.
236 272 329 352 Quis·
344 273 454 340 credat
480 272 615 339 militem
647 274 717 358 ejus
744 271 913 338 inlabere
946 275 979 337 et
1005 270 1203 357 perfectione
1230 270 1349 336 habere
1371 278 1447 348 (post

98 376 212 443 sidem
232 375 415 462 superantis
437 374 588 461 gloriam,
625 374 682 440 sed
710 373 942 440 continentiam
965 372 1154 462 subjugati?
1197 371 1349 440 Consum·
1362 347 1468 414 ³·⁵⁰⁶·l

98 478 179 544 stis
201 477 480 563 congressionibus
502 477 541 542 de
563 477 629 541 irae
651 475 850 541 haereditate
870 477 917 542 nil
932 478 1093 541 remanet:
1115 497 1180 540 unc
1194 477 1348 560 tempore,

98 600 158 645 ros
183 579 378 664 perniciosos
401 578 574 643 adversarii
602 578 756 661 viderint,
791 578 925 643 blandos
956 579 1102 643 sentiunt
1128 576 1251 642 tributa
1272 596 1350 660 pen-

98 683 206 746 intes.
251 680 296 745 Et
321 679 403 745 haec
430 679 557 765 quidem
580 679 709 744 coelesti
731 683 965 765 praeparantur
992 702 1050 765 pro
1078 679 1140 744 hac
1161 677 1350 763 repensione

98 782 246 869 ffragio,
270 783 345 868 quia
366 782 445 847 fides
467 785 579 847 nostra
601 781 685 866 apud
707 803 789 865 eum,
814 804 928 868 quum
951 782 1036 847 aliud
1057 781 1127 866 ipse
1142 784 1293 865 sectetur,
1315 780 1351 844 in

98 887 178 950 artu
200 888 259 949 est.
304 872 463 951 Mirabilis
484 883 659 969 patientia,
683 883 810 969 quando
832 887 929 949 tenax
952 883 1107 969 propositi
1130 884 1196 966 sui,
1224 882 1351 947 clarita-

99 1006 142 1050 m
170 1007 237 1051 non
259 985 428 1051 obumbrat
451 985 563 1069 alieni,
585 1007 661 1049 nam
684 987 717 1050 et
738 985 944 1051 ecclesiarum
961 989 1143 1051 nostrarum
1157 984 1351 1070 patrimonia

98 1086 195 1172 labi,
219 1088 281 1152 nisi
304 1090 399 1152 aucta
420 1087 552 1170 fuerint,
576 1088 769 1172 ingemiscit.
815 1086 868 1153 Sic
889 1088 1011 1153 factum
1035 1090 1093 1172 est,
1117 1089 1154 1152 ut
1175 1088 1209 1151 et
1230 1088 1350 1152 statum

98 1211 176 1255 ium
203 1190 376 1274 locupletes
404 1210 580 1273 pauperum
609 1189 843 1276 substantiae²)
870 1193 1019 1272 teneant,
1050 1193 1083 1254 et
1109 1188 1281 1254 mediocres
1310 1188 1350 1252 ad

98 1311 265 1375 {premam
286 1290 485 1375 opulentiam
507 1292 742 1356 convalescant.
791 1290 830 1357 ln
852 1291 1070 1357 sacerdotibus
1091 1291 1227 1356 virtutes
1249 1293 1282 1354 et
1303 1289 1351 1353 in·

99 1394 178 1458 atas
205 1392 333 1479 colit³),
369 1397 402 1458 et
424 1415 489 1457 non
511 1397 654 1477 repertas
681 1394 829 1478 inspirat.
879 1393 940 1459 Sed
970 1415 1025 1458 cur
1047 1393 1279 1459 beatitudinem
1300 1413 1351 1456 ve·

99 1513 185 1560 ram
206 1494 403 1580 praejudicio
425 1493 531 1559 diffusi
553 1497 708 1561 sermonis
731 1495 928 1580 anticipem?
971 1494 1132 1561 Continuo
1154 1493 1352 1579 experientia

99 1597 191 1661 sara
213 1599 246 1661 et
267 1596 421 1680 spiritalis
443 1595 498 1660 illa
521 1597 676 1681 perfectio
695 1597 844 1681 jejunum
870 1618 921 1661 me
948 1596 1047 1662 fuisse
1076 1596 1112 1661 in
1134 1595 1226 1681 filii⁴)
1253 1595 1351 1660 vestri

99 1697 230 1763 indibus
247 1698 425 1781 accusabit,
451 1701 485 1762 et
499 1720 595 1782 quum
618 1698 742 1764 soleant
765 1698 953 1783 amplificari
974 1697 1063 1763 lacta
1086 1696 1266 1783 colloquiis,
1290 1699 1351 1760 ste·

99 1794 177 1864 lem
198 1821 248 1864 me
270 1799 440 1889 relatorem
463 1799 501 1864 de
523 1800 678 1864 virtutum
702 1801 770 1884 ejus
792 1823 895 1865 messe
918 1799 1112 1866 causabitur.
1147 1799 1351 1865 ,1111111111-

99 1918 170 1965 ires
191 1901 313 1987 apices,
343 1901 467 1966 curules
490 1905 522 1966 et
543 1901 686 1984 trabeas,
717 1903 869 1986 patricias
898 1902 995 1967 etiam
1017 1902 1193 1988 dignitates
1214 1900 1352 1985 qualiter

99 2001 139 2064 ut
166 2008 297 2068 naturae
319 2002 431 2067 reddat
453 2008 508 2067 aut
531 2003 685 2087 moribus,
716 2003 883 2069 domestici
910 2003 1080 2089 perlatoris
1103 2000 1352 2088 adstipulatione

100 2099 244 2189 alget-ur.
290 2104 374 2169 Nam
397 2109 429 2169 et
450 2110 573 2170 veteres
595 2107 630 2170 in
653 2107 785 2191 antiqua
807 2106 936 2191 generis
965 2106 1036 2172 luce
1058 2106 1172 2171 durare
1193 2103 1290 2186 facit,
1320 2106 1353 2168 et

102 2222 185 2271 ovos
205 2207 373 2292 splendore
396 2207 556 2291 inopinati
577 2207 713 2294 fulgoris
735 2207 879 2272 irradiat.
918 2207 1057 2274 Facilius
1079 2207 1261 2293 respublica
1283 2206 1353 2290 ejus

100 2324 174 2372 ono
193 2307 439 2393 dispensationis
461 2308 496 2372 in
518 2309 677 2394 privatam
700 2309 820 2395 migrat
841 2310 1053 2395 opulentiam,
1078 2331 1173 2395 quam
1193 2308 1352 2374 famulan-

100 2400 171 2472 ium
192 2431 304 2474 census
326 2409 361 2474 in
382 2410 528 2495 palatina
550 2410 639 2475 lucra
661 2415 883 2477 commutetur.

174 2511 201 2575 3.
239 2510 336 2576 Nunc
363 2511 446 2597 quod
474 2515 633 2597 superest,
655 2520 761 2578 'meae
789 2514 929 2579 servitiis
962 2513 1165 2579 salutationis
1200 2513 1351 2599 acceptis,

100 2613 277 2698 rospieite,
312 2617 348 2678 ut
370 2611 516 2679 Christus
538 2614 721 2699 redemptor
750 2620 860 2682 noster
887 2638 969 2701 quae
991 2616 1024 2680 in
1046 2616 1193 2702 praelato
1216 2615 1352 2680 clemen-

100 2702 245 2802 asinoe)
267 2737 344 2802 rege
366 2715 579 2780 servientibus
601 2717 663 2781 sibi
679 2718 824 2799 contulit,
849 2717 947 2802 longa
963 2720 1068 2782 aetate
1084 2720 1259 2783 conservet.
1290 2716 1354 2781 Det

100 2805 188 2880 liam
214 2818 307 2903 regui
335 2818 373 2881 de
400 2817 469 2901 ejus
491 2818 635 2902 germine
658 2840 886 2884 successorem:
920 2841 961 2883 ne
989 2819 1074 2884 bona
1102 2819 1187 2884 tanti
1215 2818 1353 2883 hominis

100 2925 118 2967 ss
146 2934 209 2982 una
230 2921 336 2984 aetate
358 2922 574 3001 veterescant,
613 2923 645 2983 et
673 2921 840 3004 antiquata
867 2920 1063 3003 temporibus
1090 2942 1148 3004 pro
1176 2920 1244 2984 1ο11
1265 2921 1351 2984 aurei

101 3018 207 3084 manli
230 3020 530 3086 commemoratione
551 3022 774 3086 nominentur!

133 3186 211 3203 x*-
220 3198 237 3203 ι.
266 3198 276 3202 -ι
319 3197 361 3202 ...-..

105 3362 112 3373 Ι
160 3290 179 3359 ²)
194 3290 272 3357 Quod
290 3291 432 3346 Emodiua
448 3293 532 3362 paulo
551 3295 617 3348 ante
634 3301 787 3362 patrimonia
804 3300 978 3354 eeclesiarum,
997 3310 1069 3347 nunc
1086 3312 1226 3362 parsperum
1237 3297 1352 3348 substan-

101 3375 146 3424 ¹⁶⁸
159 3379 249 3442 uocat,
272 3377 338 3446 quia
357 3376 538 3432 ecclesiarum
556 3377 737 3433 facultatibus
759 3394 898 3449 pauperes
916 3370 1114 3434 sustentantur.
1150 3377 1352 3434 Theodericum

101 3456 184 3515 11111111
199 3461 308 3527 nudat,
331 3462 406 3529 quod
424 3462 527 3529 1111111,
551 3465 593 3516 ut·
605 3464 633 3516 et
650 3463 802 3532 locupletes
821 3463 953 3541 ccclesiae
970 3462 1039 3518 nihil
1056 3462 1085 3517 in
1102 3462 1282 3518 facultatibus
1299 3463 1353 3517 suis

101 3527 441 3616 transaliacensem,
460 3549 489 3601 et
507 3546 650 3617 augmenti
667 3547 816 3617 plurimum
834 3547 1011 3620 perciperent
1027 3547 1189 3603 mediocres.

157 3630 284 3701 ²)Hujus
307 3630 391 3685 eliam
414 3631 454 3685 rei
476 3632 556 3688 testis
580 3633 622 3688 est
645 3631 799 3703 Cyprianus
822 3633 850 3687 in
871 3632 930 3687 vita
952 3631 1075 3688 Caesarii
1097 3631 1278 3697 Arelatensis,
1306 3632 1354 3686 ubi

102 3716 213 3770 sucum
230 3714 308 3769 illum
327 3714 481 3770 antistitem
499 3716 689 3771 commentitia
701 3717 892 3772 criminatione
910 3716 947 3772 ad
964 3734 993 3772 se
1006 3716 1129 3772 delatum
1142 3717 1247 3784 quanta
1261 3717 1353 3772 obser·

101 3800 183 3856 maa
199 3801 230 3855 et
245 3799 424 3855 veneratione
443 3801 559 3857 coluerit
572 3801 760 3856 Theodericus
778 3801 878 3871 insigni
891 3803 950 3871 ejus
962 3801 1065 3857 virtute
1076 3802 1233 3873 permotus,
1252 3817 1354 3856 memo-

101 3885 145 3944 ae
162 3885 377 3941 commendavit.

149 3974 174 4042 ⁴)
192 3970 301 4025 Notata
318 3970 433 4041 dignum
451 3974 505 4037 est,
523 3988 619 4042 regem
636 3971 665 4025 in
682 3971 791 4026 haeresi
809 3974 917 4033 natum,
941 3971 1067 4040 adeoque
1085 3971 1121 4026 ab
1140 3973 1203 4027 ortu
1214 3971 1353 4027 Ecclesiae

102 4058 239 4122 mortem,
256 4055 377 4110 Romani
393 4054 531 4125 pontificis
545 4063 622 4122 filium
639 4057 740 4111 vocari

146 4145 173 4210 ⁵)
190 4138 351 4208 Aequitatis
369 4157 402 4194 ac
419 4140 618 4197 moderationis
634 4141 758 4208 laudem,
777 4159 861 4209 quam
874 4140 953 4212 regui
966 4140 1105 4211 principia
1116 4141 1290 4197 Theodoricc
1307 4158 1353 4213 pc·

102 4227 230 4291 eremas,
248 4223 418 4296 posteriores
436 4225 496 4294 ejus
513 4226 578 4280 anni
597 4226 784 4281 obfuscarunt.
