3204 5506
533 359 668 408 moulan
690 357 842 407 Pmsevth
865 358 902 405 tn
924 354 1131 406 nortmannie

664 621 816 695 Manita
842 620 1003 714 praevia

445 795 491 866 in
517 789 785 864 Hormisdae
810 814 955 886 papae
981 791 1221 886 epistolas,

420 997 458 1058 In
479 995 664 1058 Hormiadae
686 1013 788 1074 papae
811 995 971 1073 epistolam
992 997 1005 1056 l
1028 991 1243 1077 („Omnihus“).

60 1141 101 1212 [as
123 1140 188 1210 gg]
288 1123 313 1177 1.
345 1121 508 1176 liitissimum
524 1118 699 1193 epistolarum
715 1118 873 1175 llormisdae
890 1119 1046 1176 thesaurum
1062 1136 1077 1175 e
1093 1118 1217 1174 Vaticana
1232 1116 1402 1177 bibliotheca
1417 1136 1480 1177 eru·

104 1184 109 1195 ⁵
201 1216 257 1263 turn
274 1205 407 1261 Romanae
423 1203 621 1278 pontificiarum
637 1204 813 1277 epistolarum
829 1202 941 1259 editioni
957 1202 1094 1259 debemus.
1131 1201 1195 1259 lade
1221 1220 1305 1277 quum
1327 1205 1399 1261 haec
1421 1214 1480 1262 tum

199 1288 319 1353 ceterae,
335 1308 401 1363 qiras
417 1306 472 1345 nen
489 1287 640 1344 notabimus
657 1287 764 1344 aliunde
779 1297 916 1362 acceptas,
933 1290 1048 1362 primum
1064 1287 1233 1362 prodierunt.
1259 1288 1375 1345 Easdem
1392 1307 1480 1364 quum

200 1377 372 1431 Constantius
388 1375 419 1430 ad
436 1374 590 1428 Vaticanum
607 1373 688 1430 4961
705 1375 866 1447 recognosci
876 1367 897 1447 ¹)
912 1375 1028 1436 curavit.
1050 1391 1100 1430 uos
1113 1383 1211 1435 ,tamen
1227 1373 1260 1430 ad
1275 1373 1402 1437 eamdem
1418 1383 1480 1432 uu·

202 1463 281 1519 tinam
299 1477 424 1515 revocare
440 1476 494 1514 non
510 1458 702 1519 dubitavimus.
720 1475 769 1514 uec
784 1458 936 1515 leves‘inde
952 1458 1056 1515 fruetus
1072 1461 1202 1533 cepimus.

287 1545 315 1600 2.
346 1543 432 1616 liujus
454 1552 543 1598 autem
565 1541 718 1599 scribendae
735 1560 802 1617 quae
818 1560 896 1598 causa
912 1543 1008 1606 luerit,
1030 1543 1199 1600 Marcellinus
1219 1560 1311 1601 comes
1333 1561 1363 1601 ac
1387 1545 1481 1603 Theo·

201 1631 302 1705 phanes
319 1629 427 1685 docent.
448 1627 558 1701 Nempe,
571 1629 658 1702 iuquit
671 1627 839 1685 Marcellinus
854 1628 886 1683 ad
903 1628 1082 1685 buncannum
1092 1628 1164 1692 514,
1186 1629 1347 1687 Vitalianus
1362 1629 1479 1704 Scyllia

202 1714 276 1787 (seu,
294 1722 323 1770 at
339 1714 370 1769 ab
386 1714 500 1788 Evagrio
515 1712 557 1775 111,
574 1713 613 1769 43
631 1722 755 1778 vocatur,
782 1711 895 1785 Thrax)
917 1722 1063 1785 assumpto
1079 1714 1275 1771 Romanorum
1288 1718 1421 1788 'equiturn
1446 1720 1481 1773 in

203 1802 297 1856 triduo
319 1807 558 1873 congrepntorum
580 1800 705 1867 anaxilla,
726 1816 782 1870 pro
805 1800 1029 1856 orthodoxorum
1048 1802 1106 1872 fide
1127 1815 1242 1873 proque
1258 1800 1434 1858 Macedonia
1449 1808 1480 1857 el

202 1885 260 1940 aliis
276 1886 409 1958 episeopis
424 1884 524 1955 injuste
540 1882 572 1937 ab
588 1884 728 1939 Anastasio
745 1883 872 1957 relegatis
887 1883 920 1939 ad
938 1883 1030 1939 urbem
1051 1886 1152 1958 regiam
1173 1892 1339 1949 accesserat.
1365 1891 1396 1941 et
1417 1886 1481 1959 qui·

202 1971 272 2031 deiri.
289 1979 319 2025 ut
334 1970 512 2043 Theophanes
528 1985 590 2042 pag.
606 1968 664 2025 137
687 1967 740 2038 (ed.
756 1966 923 2040 1101111247)
945 1977 1048 2031 narrat,
1070 1971 1144 2042 prius
1165 1977 1309 2041 occupata
1334 1970 1478 2035 Thracia.

203 2056 322 2127 Scythia
340 2063 367 2110 et
382 2055 501 2111 Moesia.
532 2052 614 2122 Cujus
636 2052 726 2108 subito
747 2052 864 2108 adventu
885 2055 997 2109 territus
1013 2056 1193 2123 Anastasius,
1218 2064 1248 2111 ut
1268 2052 1370 2111 ibidem
1386 2054 1480 2112 'shee-

203 2142 303 2214 phanes
319 2141 503 2213 prosequitur,
519 2140 606 2194 rebus
621 2143 650 2194 in
666 2141 830 2210 desperatis
842 2142 982 2195 senatorii
992 2141 1102 2196 ordinis
1113 2142 1274 2209 nonnullos,
1287 2143 1339 2213 qui
1351 2141 1390 2196 de
1399 2156 1481 2213 pace

203 2227 316 2299 agenda
332 2242 395 2281 eum
410 2232 557 2298 reparent,
574 2228 647 2279 misit
653 2248 662 2286 ‚·
675 2227 847 2297 juravitque
863 2241 921 2279 tina
944 2240 1008 2281 cnm
1028 2228 1162 2281 universo
1182 2231 1300 2287 senatu,
1322 2228 1481 2298 episcopos

203 2313 305 2367 exules
318 2311 496 2366 Heracleam
512 2309 657 2365 Tliraeiae
672 2310 762 2381 (quam
774 2306 897 2381 Europae
912 2310 1076 2382 provinciam
1087 2311 1245 2366 Anastasius
1261 2309 1330 2366 inira
1344 2308 1481 2384 appellat)

203 2411 233 2452 se
249 2401 462 2452 revocaturum.
497 2395 553 2449 His
564 2395 689 2449 additum
705 2396 792 2449 valuit
816 2394 984 2463 Vitalianus,
1060 2400 1090 2450 ut
1106 2395 1295 2452 Macedonins
1310 2402 1338 2451 et
1352 2395 1479 2452 mana·

205 2496 260 2536 nus
274 2483 383 2551 injuste
398 2482 516 2550 expulsi
530 2483 604 2534 sicut
620 2486 646 2534 et
662 2481 753 2534 ceteri
767 2482 897 2551 episcopi
907 2481 989 2536 sedes
1000 2495 1071 2535 suas
1082 2483 1256 2552 reciperent,
1273 2483 1352 2536 etita
1364 2481 1481 2538 densum

207 2571 420 2621 convocaretur
440 2565 582 2636 synodus,
607 2565 646 2619 ad
667 2581 752 2636 quarn
763 2562 902 2635 pontifex
917 2564 1066 2621 Romanus
1081 2573 1108 2621 et
1125 2569 1224 2622 cuncti
1237 2568 1370 2637 episcopi
1391 2580 1481 2623 acce·

205 2652 316 2705 delent.
360 2648 446 2720 liujus
467 2651 552 2722 igitur
571 2650 610 2704 rei
632 2649 718 2722 gratia
739 2665 811 2704 nunc
833 2650 990 2704 Anastasius
1010 2649 1043 2704 ad
1065 2648 1234 2706 Hormisdam
1254 2648 1358 2706 scribit.
1403 2649 1481 2707 ithus

205 2743 294 2789 autem
310 2734 452 2808 epistolam
472 2750 528 2789 uon
544 2733 700 2789 Hormisdae
716 2734 830 2806 primam
846 2734 895 2789 sed
910 2733 1049 2796 vitaliano,
1073 2744 1103 2791 ut
1118 2750 1200 2809 opera
1215 2733 1274 2805 eius
1289 2732 1404 2791 Romam
1418 2736 1482 2792 mit·

207 2827 319 2880 teretur,
335 2817 422 2874 datam
436 2818 704 2892 luisse'lheapbanes
718 2818 807 2874 tradit.
834 2817 910 2874 Unde
921 2818 1035 2875 habetur
1047 2822 1124 2881 ratio,
1140 2836 1189 2875 cur
1200 2819 1263 2876 licet
1274 2821 1352 2894 prius
1367 2821 1481 2895 scripta.

206 2905 342 2977 posterius
359 2912 446 2959 tamen
462 2911 594 2977 sequente
610 2894 782 2977 acceptarit?
800 2902 851 2958 Per
866 2904 1038 2960 Severianum
1055 2907 1161 2961 missam
1176 2903 1260 2960 luisse
1275 2921 1309 2961 es
1323 2904 1481 2978 epistolaii,

207 3006 285 3061 quam
302 2988 443 3044 Hormisda
457 2989 521 3045 huic
535 2990 682 3061 rescripsit,
699 2988 847 3061 colligitur.
876 2988 912 3044 'Ei
928 2997 955 3044 et
968 2989 1128 3052 Vitalianus,
1147 2998 1176 3045 ut
1187 2990 1215 3045 in
1230 2989 1300 3064 ep?
1317 2989 1375 3047 n.3
1397 2991 1483 3048 uisuri

206 3091 308 3137 snmus,
326 3075 461 3148 propriam
480 3073 646 3144 adjunxerat,
664 3091 743 3146 quam
759 3090 807 3147 per
822 3074 944 3130 homiues
960 3091 1025 3129 suos
1040 3074 1193 3131 destinavit.

468 3207 506 3268 In
526 3208 712 3268 Harmisdse
734 3223 836 3284 pupae
853 3207 1022 3283 ¹epistolam
1043 3207 1063 3268 3
1086 3203 1213 3290 („Ait“).
1299 3255 1303 3261 .

135 3335 193 3404 [ai]
294 3332 314 3383 tl
330 3331 471 3402 superiore
487 3347 541 3385 non
558 3329 608 3384 init
622 3320 805 3390 distrahenda,
822 3346 899 3401 qtrrrm
915 3330 1009 3384 eodem
1027 3338 1148 3403 tempore
1164 3337 1192 3386 et
1203 3347 1251 3404 per
1259 3329 1387 3386 euurdem
1397 3330 1486 3389 Patri·

209 3417 278 3470 cium
301 3416 406 3469 missam
428 3414 511 3469 luisse
533 3414 627 3486 liquet.
664 3414 731 3468 'lota
753 3414 895 3469 all-aronio
918 3413 950 3469 ad
972 3431 1071 3470 annum
1087 3415 1148 3472 515
1171 3414 1309 3472 iae-11
1327 3413 1484 3491 descripta.

209 3500 326 3555 Graecus
342 3507 446 3560 textus,
469 3515 523 3571 qiio
544 3499 666 3552 resarciri
689 3507 783 3571 posset
805 3498 876 3571 quod
900 3500 1034 3572 interpres
1056 3517 1086 3556 ac
1102 3500 1202 3556 librarii
1218 3506 1382 3574 peccarunt,
1405 3500 1487 3559 mide

209 3583 401 3639 desiderandus
428 3589 479 3637 est.
524 3582 605 3637 llulta
632 3585 743 3638 mutavit
763 3583 906 3644 limenius.
934 3601 1002 3658 quae
1025 3587 1113 3640 onmia
1134 3584 1231 3642 deinde
1259 3584 1335 3640 nullo
1357 3587 1487 3644 cumina

102 3738 107 3743 .
209 3669 316 3742 praevio
334 3669 504 3740 arripuerunt
521 3668 696 3723 conciliorum
712 3667 840 3723 editores.
872 3669 963 3725 Athis
979 3668 1011 3725 ad
1028 3671 1156 3725 trutinam
1177 3671 1324 3733 revocatis,
1348 3671 1487 3744 quaedam

210 3761 297 3814 recte,
318 3752 367 3807 alia
387 3768 466 3807 secus
488 3759 589 3810 mutata
610 3752 847 3826 deprehendimus.
882 3752 1011 3821 Quocirca
1032 3756 1204 3828 primigenius
1226 3754 1368 3817 lectiones,
1391 3755 1488 3830 quoad

212 3837 302 3899 licuit,
319 3837 443 3892 duximus
460 3836 623 3893 retinendas.

433 3971 471 4032 In
491 3971 676 4032 Harmisdae
698 3988 799 4048 papae
821 3971 984 4049 epistolam
1005 3969 1023 4031 7
1045 3967 1150 4052 (‚,Cnm
1166 3967 1257 4056 dei⁴‘).

72 4104 124 4175 [aa
136 4102 200 4173 Ed]
296 4093 430 4169 Scriptum
447 4093 602 4165 hujusmodi
618 4098 859 4151 commonitorium
876 4111 969 4151 vocare
991 4093 1034 4151 alii
1049 4092 1149 4150 solent.
1181 4093 1262 4166 Cujus
1278 4091 1412 4153 ecclesiae
1428 4100 1488 4172 epi·

211 4197 310 4254 scopus
326 4179 407 4235 luerit
423 4178 586 4234 Fortunatus
603 4197 664 4235 mex
680 4181 841 4243 nominatus,
858 4197 990 4253 nusquam
1006 4181 1146 4235 memorari
1163 4179 1291 4235 baronius
1307 4188 1397 4238 notat.
1423 4182 1488 4258 lpse

212 4282 273 4321 eum
290 4265 466 4320 Tudertinum
482 4265 638 4338 episcopum
654 4266 791 4320 exstitisse
807 4265 942 4338 opinatur.
978 4265 1072 4321 llirum
1088 4281 1152 4320 saue
1173 4272 1228 4328 est,
1251 4280 1307 4337 quo
1322 4273 1407 4339 pacto
1423 4284 1491 4326 eum

213 4350 328 4423 fugerit,
351 4349 423 4423 qnod
445 4351 471 4404 iu
492 4348 561 4404 libro
582 4349 729 4422 pontificali
751 4367 799 4404 seu
814 4349 884 4423 apud
900 4351 1070 4405 anastasium
1086 4349 1225 4424 vulgatum
1240 4349 1373 4423 legimus:
1406 4353 1490 4411 Hor-

213 4437 302 4490 misdu
319 4436 516 4491 cumconsilio
535 4435 705 4492 Theoderici
717 4438 794 4508 repis
814 4437 922 4491 direxit
945 4436 1106 4491 Ennodium
1121 4439 1285 4508 episcopum
1303 4435 1493 4497 Ticinenseas

214 4527 241 4576 et
256 4521 448 4577 Fortunatam
463 4523 628 4591 episcopum
645 4521 835 4579 catanensem
850 4527 903 4575 etc.
940 4519 1025 4575 Porro
1046 4521 1152 4594 legatos
1172 4519 1233 4576 illos
1254 4536 1309 4576 non
1325 4522 1492 4583 inconsulto

252 4783 257 4793 Ι
284 4719 303 4782 ¹)
322 4714 374 4780 Qui
391 4716 432 4769 ita
450 4714 528 4769 dicit:
551 4716 672 4769 Easdem
693 4716 871 4838 poshnodum
893 4717 930 4771 ad
948 4716 1068 4771 alierum
1086 4716 1228 4786 exemplar
1244 4715 1427 4790 Vaticanum,
1451 4723 1492 4780 ad

215 4801 292 4853 quus
311 4785 414 4837 calcem
432 4784 502 4837 haec
520 4785 650 4853 apposita
668 4801 697 4838 es
727 4784 885 4856 inscripbo:
905 4790 959 4839 Iste
977 4791 1041 4838 liber
1059 4796 1097 4839 est
1114 4790 1262 4840 monasterii
1277 4797 1388 4842 sanatae
1401 4798 1493 4848 erarem

213 4857 294 4919 sentis
312 4857 451 4905 Aurelianae
470 4857 656 4919 Enpubinensis
675 4859 806 4916 dioecesis,
830 4854 993 4922 recognosci
1015 4852 1179 4908 curavimus.
1215 4852 1271 4907 Ubi
1288 4855 1389 4924 aperite
1408 4857 1493 4915 Vithi-

216 4937 300 4975 canus
317 4921 411 4974 noster
428 4926 493 4974 4961
513 4921 634 4975 notatur.
