3204 5506
613 394 785 443 neronom
811 387 838 441 1.
1055 425 1062 432 .
1301 377 1363 442 291

128 539 194 607 ’nou
210 547 505 628 communicaverant,
534 547 589 631 qui
610 548 779 612 Timotheo
807 547 964 612 catholico
993 547 1284 631 communicabant,
1314 551 1474 615 ειη-(11488

150 647 240 726 posu
261 651 290 712 et
318 670 354 712 eo
377 648 549 730 catholico,
579 672 673 734 quern
702 652 835 713 nossent
862 649 1042 734 legitimum
1069 651 1283 731 sacerdotem,
1314 650 1364 714 vel
1376 620 1480 685 489.)

147 749 305 830 superducere
332 750 432 814 alium
458 751 508 814 vel
535 749 733 816 haereticum
761 773 957 815 consecrare.
1002 751 1096 816 Unde
1129 756 1264 836 apparet
1292 774 1365 815 euru

144 846 327 916 obluueticis
348 851 542 934 ordinatum,
572 857 604 917 et
626 853 696 917 ideo
720 852 897 921 catholicae
920 854 1073 918 ecclesiae
1095 854 1276 938 praesidere
1299 877 1366 917 non

139 968 215 1030 posse:
236 953 305 1038 quia
332 976 464 1038 prorsus
492 955 553 1019 hoc
582 955 833 1020 abominandum
861 946 1098 1040 nefandumque
1117 957 1295 1039 judicetur,
1329 960 1366 1019 ut

137 1052 175 1132 qui
189 1054 229 1118 diu
247 1055 280 1119 in
300 1055 436 1140 perfidia
457 1057 659 1135 volutaverit,
683 1057 824 1122 fidelium
848 1058 1022 1122 cervicibus
1044 1059 1239 1142 imponatur.
1276 1057 1365 1133 Quod

132 1151 335 1240 sinduittitur,
365 1161 473 1241 potest
495 1162 528 1223 et
549 1160 588 1223 de
611 1159 682 1223 aliis
704 1159 889 1223 haeresibus
918 1161 1037 1244 passim
1059 1161 1208 1225 similiter
1235 1164 1366 1244 quicun-

129 1273 177 1336 que
190 1258 331 1341 permitti,
362 1260 447 1344 quod
476 1261 566 1324 nulla
587 1284 730 1346 unquam
756 1261 918 1344 exemplu,
947 1262 1053 1325 nullae
1081 1263 1228 1346 regidos,
1259 1262 1366 1326 ncdlae

124 1352 193 1442 leges
211 1352 440 1426 ecclesiasticae
462 1363 632 1446 patiuntur
652 1364 785 1447 imponi.

189 1462 213 1526 8.
245 1461 316 1546 Sed,
339 1464 457 1548 inquis,
487 1487 559 1528 eum
582 1469 681 1543 foisse
707 1476 887 1530 correctum.
933 1465 1083 1549 Interim,
1115 1470 1150 1530 ut
1177 1488 1274 1551 supra
1297 1467 1367 1549 jam

119 1557 218 1626 dictum
242 1568 306 1647 est,
340 1567 401 1630 hoc
422 1564 509 1650 ‚ipso'
536 1568 733 1631 haereticum
764 1567 863 1630 fuisse
895 1570 1100 1632 monstrabis.
1146 1567 1208 1644 Qui
1241 1569 1366 1632 etiamsi

118 1659 246 1728 damnata
266 1665 393 1732 haeresi
415 1691 449 1732 se
472 1669 512 1732 ad
527 1669 622 1733 fidem
646 1669 836 1733 catholicam
858 1670 976 1734 dicitur
999 1671 1181 1753 contulisse,
1206 1671 1298 1734 subdi
1314 1671 1366 1734 de·

118 1760 179 1829 buit
194 1767 363 1852 catholicis,
388 1793 408 1834 a
429 1771 544 1855 quibus
568 1773 729 1835 correctus
752 1775 810 1854 est,
835 1794 900 1835 non
924 1795 1082 1856 praeesse.
1117 1772 1192 1836 Non
1215 1775 1264 1835 est
1280 1773 1367 1836 euim

117 1863 268 1955 discipulus
291 1893 389 1956 supra
409 1872 611 1957 magistrum,
635 1873 775 1957 satisque
799 1878 878 1955 erat,
907 1878 944 1938 ut
967 1875 1172 1939 correctionis
1195 1897 1271 1938 suae
1294 1878 1366 1939 sub-

113 1964 202 2046 jectos
220 1973 387 2056 praeberet
408 1975 599 2059 exemplum,
623 1998 689 2039 non
711 1979 784 2059 post
806 1975 990 2039 diuturnum
1013 1998 1152 2040 errorem
1174 1977 1367 2061 longamque

118 2073 277 2156 perfidiam,
306 2097 326 2138 a
353 2075 467 2160 quibus
496 2078 684 2141 emendatus
718 2080 767 2140 est
795 2081 1035 2163 correctusque,
1062 2079 1239 2152 donunari.
1285 2078 1367 2142 Turn

119 2168 214 2240 deiude
232 2198 359 2261 quaem,
383 2177 460 2260 quid
482 2179 596 2243 erroris
619 2178 829 2261 damnaverit,
856 2180 932 2263 quid
954 2184 1062 2245 rectae
1078 2181 1288 2245 confessionis
1306 2182 1367 2245 ele-

121 2275 198 2359 gerit,
217 2281 247 2341 et
267 2300 365 2361 quarn
386 2279 471 2362 petit
481 2280 516 2362 ¹²)
545 2303 614 2345 esse
641 2280 758 2344 falsam
780 2304 916 2365 quamve
938 2304 1085 2347 veracem
1112 2272 1217 2346 fidem.
1236 2350 1238 2355 ,
1256 2282 1317 2357 Qui
1340 2283 1367 2345 si

123 2370 260 2444 demum
282 2380 367 2464 apud
389 2380 623 2447 Calchedonem
645 2382 740 2446 fidem
769 2387 801 2445 et
832 2383 1023 2448 catholicam
1050 2385 1208 2468 sequitur,
1240 2406 1295 2447 cur
1322 2384 1367 2446 eis
1446 2384 1458 2388 ’

125 2483 320 2564 commum,
350 2484 404 2566 qui
427 2483 560 2547 duarum
583 2488 771 2549 naturarum
792 2486 827 2548 in
851 2484 979 2550 Christo
1001 2487 1185 2551 nullatenus
1208 2486 1368 2568 recipiunt

127 2580 287 2647 volsum?
311 2606 367 2648 cur
381 2584 580 2670 Dioscorum,
606 2609 661 2650 cur
676 2586 879 2651 Timotheum
901 2587 1098 2652 haereticum
1121 2588 1250 2652 recitari
1262 2588 1368 2651 facit?

130 2696 173 2742 0111
189 2685 359 2770 quicunque
387 2687 462 2750 inde
490 2689 634 2771 veniunt,
664 2689 785 2773 synodo
814 2688 1067 2754 Calchedonensi
1096 2691 1228 2754 adversa
1260 2690 1368 2753 defen-

130 2775 195 2862 dut,
217 2787 328 2872 quibus
350 2787 465 2853 Petrus
487 2789 557 2854 sine
585 2790 1047 2855 dubitatione‘communicat‘?
1080 2791 1113 2857 Si
1136 2794 1242 2856 autem
1264 2791 1367 2876 magis

80 2940 84 2973 :
132 2880 214 2952 talium
231 2889 326 2954 fidem
347 2878 457 2956 veram
479 2914 548 2956 esse
570 2893 771 2975 pronuntiat,
797 2896 931 2976 apparet
954 2893 1043 2976 satiS,
1067 2916 1162 2977 quam
1185 2894 1223 2956 de
1246 2915 1303 2956 suo
1326 2893 1369 2956 sit

80 3004 82 3019 ἰ
134 2998 222 3054 tumre
241 3013 424 3057 conversus.

190 3092 216 3156 9.
245 3093 308 3159 Sed
330 3117 397 3159 non
417 3096 517 3160 miror
535 3101 711 3160 correctum
734 3096 807 3178 dici,
832 3119 929 3180 quum
944 3098 979 3161 in
995 3120 1052 3161 sua
1066 3097 1275 3180 perversitate
1298 3119 1367 3179 per-

137 3198 237 3278 mut,
259 3196 388 3280 quando
409 3218 477 3261 non
500 3202 637 3282 constat,
662 3202 694 3262 et
716 3220 735 3261 a
757 3221 820 3282 quo
842 3198 892 3262 vel
908 3203 1069 3263 correctus
1091 3199 1190 3261 fuerit
1212 3199 1261 3262 vel
1281 3220 1367 3262 rece-

138 3291 193 3365 lllt-
223 3296 383 3382 Siquidem
405 3298 570 3363 Ecclesiae
591 3301 703 3385 regula
725 3305 879 3385 vetusque
900 3301 1079 3384 traditio¹³)
1099 3303 1179 3362 'nota
1202 3300 1245 3363 sit
1267 3302 1367 3363 omni-

139 3381 187 3458 lu:
203 3398 238 3462 ab
259 3400 409 3485 episcopo
431 3401 517 3464 enim
539 3403 723 3486 provinciae
752 3425 839 3487 suae,
869 3405 903 3467 id
925 3407 975 3467 est
997 3402 1155 3466 secundae
1178 3401 1261 3465 sedis
1284 3402 1366 3465 anti—

141 3489 196 3579 ffilt,
213 3522 280 3566 cum
294 3503 346 3567 vel
360 3502 477 3567 fflscuti
492 3504 542 3567 vel
558 3503 658 3587 recipi
675 3504 886 3568 convenisset.
914 3503 975 3579 Qui
996 3508 1106 3567 tamen
1129 3504 1367 3567 Alexandrinus

141 3595 245 3686 fflfisbs,
268 3605 396 3669 etiamsi
417 3606 576 3689 pravitate
599 3606 752 3670 damnata
775 3629 846 3670 eum
869 3606 1086 3689 recipiendum
1109 3628 1177 3669 esse
1196 3606 1366 3689 judicaret,

142 3707 183 3760 llll
206 3705 284 3786 prius
316 3707 377 3770 hoc
404 3707 541 3790 faceret,
577 3730 673 3792 quam
706 3709 745 3772 ad
774 3709 880 3772 sedern
909 3708 1118 3792 apostolicam
1146 3708 1316 3771 retulisset.
1331 3709 1367 3792 ¹⁴)

193 3924 209 3990 ²)
221 3923 309 3981 Malim
327 3933 446 3997 petierit,
465 3930 515 3982 aut
531 3929 625 3998 potius
641 3934 832 3996 praedicaverit
848 3929 893 3983 vel
909 3935 1044 3998 professus
1059 3935 1147 3994 socerit.

187 4005 210 4072 ¹¹)
222 4009 374 4068 lta-revera
391 4024 501 4067 ueterem
518 4012 644 4067 ordinem
662 4013 744 4068 fuisse
762 4016 847 4069 testes
865 4016 929 4068 suut
947 4032 1006 4068 can.
1021 4016 1109 4084 apost.
1124 4033 1147 4069 c.
1160 4021 1191 4068 13
1204 4016 1233 4068 et
1246 4023 1291 4080 33,
1310 4033 1367 4082 syn.

80 4093 88 4127 .·
146 4070 234 4148 lllltrit
252 4113 273 4150 a
286 4105 333 4164 ⁶3,
350 4098 456 4152 Arelat.
475 4099 488 4151 I
506 4115 527 4152 o.
545 4103 584 4152 16.
615 4097 695 4162 Quod
713 4099 789 4152 idem
805 4098 896 4152 humorit
914 4098 1061 4153 concilium
1072 4097 1227 4152 Nicaenum
1245 4116 1266 4152 c.
1282 4105 1297 4151 5
1315 4100 1368 4151 sta-

80 4178 86 4187 ’
147 4161 205 4226 tl⁶⁰¹2
219 4183 251 4235 De
266 4187 314 4246 lu's,
334 4189 379 4253 qui
395 4189 562 4239 commnione
579 4190 715 4252 priouutor
732 4205 775 4237 scu
794 4205 829 4238 ex
847 4192 916 4238 clero
933 4203 978 4237 seu
991 4204 1025 4236 eto
1042 4190 1108 4236 Iolco
1121 4191 1210 4237 ordine
1224 4187 1255 4236 ub
1272 4189 1369 4250 cpisco-

148 4262 173 4308 μ’
185 4276 421 4338 numquamque
443 4254 609 4337 prouinciam,
632 4275 759 4322 sententio
775 4275 902 4338 reputaris
920 4264 948 4338 (ἡ
968 4263 1064 4337 γνώμη
1083 4263 1157 4322 κατὰ
1176 4263 1226 4322 τὸν
1248 4262 1368 4333 κανόνα)

117 4382 120 4387 ·
150 4335 231 4428 otoo,
245 4364 269 4405 st
285 4357 323 4416 lot,
343 4359 387 4423 qui
403 4357 571 4420 objiciuntur,
591 4357 623 4406 ub
641 4359 699 4407 aliia
717 4375 766 4408 non
784 4361 957 4422 recipluntur:
975 4352 1147 4420 subindeque
1160 4368 1256 4406 eorum
1275 4351 1369 4419 appel·

181 4438 225 4485 ⁰¹10t
242 4436 274 4490 ad
295 4436 416 4507 synodos
436 4437 620 4507 provinciales
638 4439 802 4504 demandat,
826 4456 894 4506 quas
913 4444 986 4492 annu
1003 4444 1119 4505 sicopolis,
1144 4436 1197 4502 ait,
1219 4457 1268 4504 per
1287 4457 1369 4488 unum-

83 4562 85 4565 ·
152 4515 229 4580 l'¹⁴llt
241 4529 393 4589 mustacium
410 4526 448 4576 bis
460 4529 486 4576 in
498 4544 565 4578 anuo
577 4528 704 4578 oeteorori
719 4528 824 4592 placuit.
854 4521 942 4586 Quam
956 4521 1184 4576 constitutionem
1196 4520 1295 4575 deinde
1307 4537 1370 4574 con·

82 4600 91 4625 '³
263 4607 357 4677 synod
370 4606 498 4662 Antioch.
514 4626 536 4661 c.
551 4613 579 4674 6,
599 4606 703 4662 Sardio.
719 4625 740 4662 c.
757 4614 800 4673 14,
819 4607 950 4677 Carthag.
965 4608 991 4660 ΙΙ
1004 4626 1026 4662 c.
1042 4613 1069 4674 t,
1087 4607 1218 4661 Nemaus.
1233 4622 1306 4659 anno
1319 4612 1370 4660 394

85 4683 89 4692 .
153 4677 426 4747 e‘loffllssthOJ
1321 4747 1325 4779 Ι

80 4765 86 4800 ”
173 4842 177 4853 Ι
195 4763 321 4833 Μωὶυί
336 4775 424 4843 enim,
438 4777 500 4845 jam
517 4777 595 4832 Felix
612 4778 691 4848 epist.
712 4784 744 4832 14
761 4796 787 4831 n.
807 4785 822 4832 3
841 4778 990 4843 extulerat,
1008 4783 1103 4831 Petrus
1121 4784 1189 4831 ncilla
1206 4784 1306 4832 ratione
1323 4798 1369 4845 po-

154 4840 229 4934 “J‘ll‘
242 4867 392 4928 amomum
409 4868 480 4916 tedio
497 4883 614 4925 mucoso,
637 4885 687 4933 quo
703 4867 792 4930 ficerat
808 4869 943 4918 mundante
960 4871 1083 4925 nectemus,
1107 4870 1172 4917 sicut
1195 4869 1226 4917 stc
1243 4869 1369 4931 recipien-

155 4921 254 4998 &tolita
265 4951 349 5013 sorno
366 4957 477 5002 ceterum
494 4958 603 5002 testator
621 4953 769 5002 antistitum.
791 4979 820 4987 -
841 4953 895 5003 Nec
912 4954 997 5011 Petri,
1015 4948 1091 5002 idem
1109 4948 1188 5018 epist.
1206 4956 1237 5002 15
1255 4955 1311 5001 m3
1329 4963 1370 5000 re-

1107 5034 1170 5101 19*
