3224 5506
125 342 189 408 502
507 420 512 433 ι
588 353 615 399 S.
633 352 773 400 aanasll
795 349 909 399 Parca

126 513 153 576 si
176 510 316 595 praedia,
341 531 422 594 quae
445 508 495 572 vel
518 531 537 571 a
558 505 704 570 barbaris
726 504 777 569 vel
792 526 811 568 a
825 504 981 569 Romanis
998 503 1264 594 inconvenienter
1284 505 1355 569 inas

127 617 217 696 suut,
252 612 367 676 vestris
397 608 659 694 dispositionibus
695 607 858 693 egentium
890 606 990 671 victui
1023 606 1251 677 reformentur.
1299 606 1353 691 cuj

127 719 220 779 tanta
241 715 280 778 de
303 712 476 798 provinciis
499 710 643 793 diversis,
668 732 748 794 quae
770 709 924 774 bellorum
948 708 1038 774 clade
1061 711 1209 774 vastatae
1227 708 1355 792 sontii

126 840 212 880 mani
240 815 412 880 multitudo
442 812 611 895 confluxit,
647 816 681 876 ut
711 810 762 875 vix
791 812 820 875 ei
843 811 911 875 Deo
939 814 1021 875 teste
1049 811 1198 876 sufficere
1227 811 1355 877 valeami

128 917 321 1002 t'bnspicitis
350 937 445 1001 ergo,
480 919 636 1000 quantum
662 914 738 979 boui
768 913 872 999 operis
901 914 1091 998 acquiratis,
1126 913 1153 977 si
1181 914 1278 978 beato
1305 911 1355 978 Pei

127 1019 271 1104 apostolo
293 1017 440 1103 praedia,
464 1039 544 1101 quae
567 1039 625 1101 pro
647 1039 704 1080 sna
726 1016 859 1101 quisque
883 1016 991 1080 anima
1013 1014 1168 1099 contulit,
1202 1017 1355 1101 vestrop

128 1121 230 1183 Deum
252 1119 412 1204 praesidio
434 1118 571 1183 liberata
593 1119 779 1183 reddantur.
831 1118 930 1201 Cujus
952 1116 1187 1182 benedictionis
1210 1116 1352 1202 eulogias

128 1244 206 1306 quas
228 1244 286 1305 pro
309 1220 476 1286 affectione
499 1217 612 1305 direxi,
635 1223 710 1304 peto
733 1223 769 1286 ut
790 1223 885 1305 grata
908 1219 1068 1305 srucipere
1091 1222 1201 1284 mente
1224 1218 1355 1306 dignari

579 1391 861 1494 Fragmentum
888 1391 948 1475 36.

209 1533 289 1582 Mirm
308 1532 444 1596 adrepens
461 1534 545 1595 [epoto
565 1532 735 1581 Hereleuocm
752 1533 866 1593 semaam
886 1533 981 1581 salutat
1000 1538 1026 1580 et
1043 1536 1069 1579 ui
1089 1531 1215 1595 epentium
1233 1544 1326 1580 coruos

630 1617 738 1680 artiuoet
754 1617 890 1681 supplicat.

282 1731 466 1796 (delasius
488 1731 736 1797 Hereleuvae
760 1732 937 1817 reginae.

214 1850 275 1927 Qui
297 1873 355 1935 pro
378 1852 464 1914 victu
493 1874 670 1935 pauperum
699 1851 814 1914 domno
841 1851 907 1915 filio
935 1851 1207 1916 excellentissimo
1236 1850 1309 1936 regi
1336 1873 1355 1914 c

130 1953 209 2018 meis
230 1953 347 2017 litteris
370 1953 581 2037 supplicaret,
611 1953 742 2017 Petrum
766 1953 920 2018 eeclesiae
948 1953 1148 2017 defensorem
1171 1952 1315 2037 dirigere
1338 1974 1355 2035 p

130 2056 249 2140 peravi.
283 2053 352 2130 Quo
367 2054 517 2119 veniente
540 2055 769 2120 sublimitatem
785 2076 908 2140 quoque
931 2059 1021 2118 tuam
1044 2054 1186 2119 salutare
1202 2075 1270 2118 non
1286 2053 1355 2118 dest

130 2157 302 2240 plurimum
325 2157 512 2241 deprecans,
535 2160 572 2220 ut
594 2179 652 2240 pro
674 2160 799 2221 vestrae
822 2157 935 2221 salutis
958 2159 991 2221 et
1012 2155 1240 2240 prosperitatis
1255 2176 1352 2241 augur

131 2259 173 2322 tis
197 2258 361 2343 egentium
385 2280 497 2322 causas
516 2258 632 2342 juvare
653 2257 840 2343 dignemini.
886 2258 972 2322 Data
994 2257 1024 2321 V
1047 2257 1114 2323 Cal.
1139 2255 1266 2321 Martii.

581 2429 863 2532 Fragmentum
890 2428 947 2511 37.

167 2569 404 2618 Excommuuicaioa
422 2571 490 2617 iutro
507 2585 598 2619 aratrum
620 2584 721 2618 cuasam
742 2584 812 2618 suom
835 2584 913 2632 opere
931 2568 1032 2622 dedere.
1070 2568 1128 2618 Noa
1146 2568 1355 2618 cormaiccndu

166 2669 218 2701 cam
240 2655 355 2711 mortuis,
383 2670 436 2702 cam
458 2654 546 2719 quidus
568 2655 628 2703 visis
651 2669 701 2702 non
718 2654 920 2703 coronaraicctum
943 2661 990 2702 est.
1027 2653 1115 2702 Poena
1133 2667 1237 2711 corma,
1262 2655 1307 2720 qui
1322 2669 1355 2703 eu

526 2739 746 2788 excoomraaieaiis
763 2738 1006 2788 eormrrunicooeriat.

286 2853 474 2918 Gelasius
498 2876 609 2937 papa.

217 2972 405 3056 Quicunque
433 2975 520 3036 intra
548 2973 626 3036 anui
649 2974 790 3056 spatium
814 2995 942 3037 causam
953 2973 977 3057 ¹)
1006 2996 1098 3037 suam
1126 2995 1238 3038 eoram
1266 2969 1348 3039 suis'

134 3074 456 3139 communicatoribus
491 3096 554 3137 nou
588 3074 790 3159 peregerint,
824 3075 887 3159 ipsi
915 3075 975 3139 sibi
1010 3074 1195 3139 audientiae
1229 3074 1355 3139 claudes

135 3177 255 3241 aditum
279 3177 436 3240 videntur.
472 3174 591 3250 Quodsi
613 3175 777 3241 obstinato
799 3177 999 3241 animosius
1023 3177 1250 3243 communione
1266 3176 1355 3242 defer:

132 3279 266 3361 fuerint,
289 3300 348 3343 nos
371 3277 497 3341 illorum
520 3299 649 3341 causam
667 3279 763 3360 juxta
785 3279 871 3342 beati
893 3279 1008 3343 Leonis
1030 3279 1289 3363 praedecessoris
1310 3300 1355 3344 nc

135 3378 329 3444 sententiam
351 3378 460 3443 divmo
479 3378 604 3462 judicio
625 3382 836 3463 reservantes,
867 3379 980 3464 quibus
1002 3380 1084 3445 vivis
1105 3402 1173 3445 non
1198 3404 1355 3447 commun

134 3639 166 3688 35
203 3638 222 3699 1)
240 3633 300 3688 Hae
323 3638 506 3688 benedictionis
530 3640 644 3702 colopene
666 3651 753 3704 panes
776 3635 826 3689 aut
848 3634 896 3689 alii
918 3634 972 3689 cibi
990 3634 1244 3704 eenamcenam,
1270 3636 1355 3706 quii

135 3735 222 3788 gnum
241 3717 442 3772 communionis
461 3719 490 3773 et
507 3717 646 3773 amicitiae
664 3718 816 3789 spiritualis
830 3719 891 3788 jem
909 3720 1010 3788 quarto
1028 3721 1139 3776 sacculo
1158 3721 1196 3776 sb
1214 3720 1355 3792 episcopis

135 3801 307 3872 presbyteris
325 3802 400 3858 mitti
418 3802 555 3858 solebant.
592 3802 645 3868 Qui
662 3822 722 3858 mos
740 3805 812 3859 sorte
830 3803 895 3859 inde
912 3804 1003 3872 fluxit,
1027 3803 1103 3875 quod
1121 3805 1189 3859 olim
1208 3805 1355 3878 episcopi,

135 3886 253 3941 invicem
272 3887 528 3954 communicabant,
545 3887 574 3941 iu
593 3888 850 3943 communicationis
867 3888 1000 3944 indicium
1014 3888 1135 3944 vicissim
1147 3888 1202 3945 sibi
1215 3890 1352 3947 euehuis

135 3972 299 4039 mittebant,
326 3974 358 4026 ut
378 3972 498 4027 testatur
520 3972 656 4028 Eusebius
678 3973 706 4027 h.
730 3990 754 4028 e.
771 3974 805 4040 V,
828 3979 868 4028 26.
911 3973 991 4040 Quod
1013 3991 1098 4043 quum
1120 3976 1224 4045 postes
1244 3975 1274 4030 in
1295 3990 1355 4032 eon

135 4056 292 4111 Laodiceno
306 4057 423 4112 vetitum
440 4055 550 4124 finisset,
569 4074 602 4112 eo
616 4057 706 4128 magis
718 4059 818 4114 saltem
830 4065 945 4128 calefias
956 4059 1014 4114 sive
1031 4058 1169 4128 penecilli
1181 4064 1355 4117 henderit!

135 4141 209 4196 mitti
228 4142 321 4211 coepti
338 4142 413 4209 sunt,
432 4159 486 4211 quo
501 4141 563 4210 jam
581 4143 664 4197 antea
682 4142 780 4198 diebus
798 4143 875 4198 festis
892 4145 957 4214 post
974 4143 1087 4200 missam
1104 4145 1302 4216 praesentibus
1318 4139 1355 4199 di

100 4237 102 4240 ’
137 4225 185 4280 bui
203 4227 411 4282 consueverant.
441 4226 484 4281 De
502 4224 563 4280 aliis
582 4227 742 4283 conferatur
759 4227 918 4299 Ducangius
936 4229 988 4283 sub
1006 4229 1059 4285 hac
1076 4245 1153 4286 voce.

137 4317 170 4365 37
206 4313 226 4379 ¹)
243 4311 288 4366 Ita
305 4309 338 4376 Q*
351 4309 395 4375 Q2.
426 4310 464 4364 nt
481 4310 542 4366 aliis
560 4310 590 4365 in
607 4312 686 4367 libris
703 4312 750 4368 hic
767 4313 1005 4368 additur‘cioititer
1021 4321 1074 4369 sive
1088 4319 1201 4384 publice.
1235 4312 1341 4371 Haeret

136 4394 222 4450 lasius
240 4394 466 4465 carthaginensis
483 4396 509 4451 V
527 4397 637 4453 concilii
655 4397 755 4455 canoni
773 4405 818 4466 12,
841 4415 897 4468 quo
920 4397 1111 4466 constituitur,
1133 4410 1162 4454 aa
1180 4406 1279 4465 deaei,
1299 4397 1355 4464 ase

138 4500 230 4535 emitae
246 4501 309 4536 suae
326 4486 417 4536 edesse
435 4487 560 4537 coluerint
577 4495 602 4538 et
620 4489 787 4539 innocentiam
803 4503 874 4538 sama
891 4503 1023 4551 macrae,
1044 4492 1116 4539 intra
1134 4505 1227 4540 mnam
1244 4499 1355 4541 emm

138 4570 245 4620 cationis
262 4571 310 4621 tec
325 4571 433 4634 fodant.
469 4571 499 4621 Si
515 4588 574 4622 uero
593 4575 662 4623 iutro
679 4590 771 4623 annom
788 4589 889 4625 emnam
906 4588 977 4624 suam
991 4589 1107 4639 purpure
1119 4576 1319 4639 empserat,
1332 4582 1355 4618 ⁸¹

139 4666 224 4703 corma
240 4670 292 4704 vore
308 4663 400 4720 postea
415 4658 518 4721 peniteas
536 4659 664 4712 audiatur.

206 4734 288 4801 alte
309 4734 343 4800 Οἳ
362 4734 404 4800 0¹.
438 4737 476 4791 Aa
497 4738 533 4792 D⁸
546 4738 657 4794 ss'TZ
680 4745 802 4794 caucaso
880 4745 1021 4794 videantur.
1062 4737 1153 4805 Quam
1174 4742 1275 4811 postea
1293 4734 1355 4807 mpii

139 4816 264 4873 Gelenius
281 4841 302 4874 a.
322 4825 418 4874 Leonis
434 4829 596 4886 scatentem,
614 4822 715 4879 videsis
732 4822 761 4877 in
778 4822 860 4893 hrains
878 4823 997 4894 epistola
1015 4829 1064 4879 167
1084 4824 1123 4880 nd
1139 4823 1283 4881 Bufieum
1298 4819 1355 4879 litt

139 4918 260 4959 nensem.
