3204 5506
236 340 299 404 298
711 357 738 403 a.
756 355 896 404 asnasu
920 355 1033 401 carras

122 512 219 578 (MSS
236 510 361 593 accepit
383 510 539 592 Ecclesia,
564 509 772 573 intemeratus
795 510 978 593 habeamus,
1002 514 1035 573 ct
1056 533 1119 594 pax
1142 511 1200 574 est.
1234 508 1312 575 Sint
1335 529 1420 595 ergo
1440 507 1522 575 haec

117 583 223 647 —489.)
236 613 320 697 apud
343 635 398 675 vos
421 615 519 695 certa,
543 613 609 675 sint
631 614 705 693 fixa,
729 616 761 675 et
784 612 873 676 nulla
895 612 1053 676 discordia
1076 616 1135 676 est.
1244 663 1258 689 ,

305 715 370 791 ,2st
396 713 484 790 Quae
506 715 533 777 si
556 714 640 798 apud
663 736 718 777 vos
741 736 809 777 esse
831 715 1053 798 praetenditis,
1084 714 1232 800 patimini
1258 713 1521 781 sollicitudinem

234 821 377 882 nostram
393 817 557 900 paulisper
578 817 641 881 ista
656 816 824 899 discutere,
841 817 916 901 quia
937 820 1058 900 quanto
1080 817 1235 884 veriorem
1259 838 1381 901 pacem
1396 815 1520 883 habere

234 920 389 1004 volumus,
416 923 509 983 tanto
533 919 701 983 certiorem
724 941 852 983 causam
879 919 968 1002 pacis
996 919 1211 983 desideramus
1238 940 1440 1005 agnoscere.
1485 919 1519 987 Si

234 1022 314 1087 haec
336 1022 420 1106 apud
443 1044 497 1086 vos
520 1023 712 1086 intemerata
741 1021 926 1105 perdurant,
960 1021 1035 1105 quid
1064 1024 1129 1105 est,
1159 1021 1241 1107 quod
1270 1021 1410 1086 Petrum
1445 1022 1520 1101 als

234 1125 427 1190 xandrinum
448 1124 489 1188 ad
512 1125 606 1188 fidem
629 1124 821 1189 catholicam
843 1135 1013 1215 correctum
1035 1124 1143 1188 dicitis
1165 1127 1198 1188 et
1219 1124 1408 1205 receptum?
1453 1126 1518 1191 Ab·

230 1228 311 1311 jecit
333 1248 410 1311 ergo
434 1230 560 1309 cuncta,
590 1249 671 1311 quae
699 1227 749 1290 his
772 1226 1011 1290 definitionibus
1034 1227 1177 1309 obviant,
1207 1231 1240 1290 et
1268 1226 1302 1290 in
1333 1225 1427 1293 hane
1454 1227 1520 1293 for·

235 1352 318 1393 mam
340 1329 506 1393 doctrinae
530 1329 707 1393 catholicae
730 1332 798 1392 toto
822 1329 915 1392 corde
939 1329 1079 1394 transiit.
1124 1328 1206 1405 Quid
1233 1328 1296 1392 sibi
1325 1329 1384 1393 isti
1415 1329 1519 1415 igitur

232 1431 356 1515 volunt,
380 1453 457 1516 quos
481 1431 565 1515 apml
588 1454 646 1495 nos
669 1431 809 1515 quotidie
831 1431 1045 1496 vociferantes
1067 1431 1281 1517 agnoscimus,
1306 1436 1430 1497 contra
1446 1432 1517 1500 (aa

234 1535 467 1599 chedoneusem
489 1533 656 1616 synodum,
682 1537 794 1598 eontra
817 1534 1011 1616 aposmlieae
1036 1535 1120 1598 sedis
1149 1533 1433 1619 praedicationem
1455 1534 1518 1600 frc-

233 1640 357 1701 meutes
385 1640 480 1720 atque
507 1635 717 1700 frendentes?
749 1637 810 1712 uui
842 1636 869 1699 si
903 1637 1038 1701 correcti
1064 1641 1155 1720 sunt,
1187 1639 1303 1700 tenent
1332 1659 1418 1723 ergo
1447 1637 1515 1723 illa,

233 1762 315 1825 quae
337 1739 481 1822 superius
503 1741 679 1802 memorata
700 1741 791 1821 sunt3
819 1739 845 1802 si
869 1762 906 1802 ea
931 1741 1056 1823 tenent,
1086 1762 1142 1804 cur
1169 1739 1381 1805 vehementer
1412 1741 1516 1827 impu-

233 1842 361 1927 gnant?
384 1841 417 1906 si
440 1842 496 1904 illa
519 1842 719 1924 profitentur,
744 1863 800 1904 cur
823 1864 842 1905 a
865 1841 1043 1925 catholicis,
1072 1842 1127 1926 qui
1152 1840 1264 1905 eadem
1285 1843 1516 1926 perseveranti

232 1948 346 2009 tenent
368 1944 575 2027 professione,
604 1944 809 2007 desciscunt?
831 1947 887 2007 aut
910 1967 965 2009 cur
987 1945 1049 2026 illi,
1078 1945 1131 2028 qui
1155 1965 1264 2008 veram
1285 1944 1389 2009 fidem
1419 1946 1515 2030 proli·

231 2051 352 2129 tentur,
376 2047 418 2110 ab
440 2047 573 2110 istormn
596 2046 749 2110 societate
771 2046 989 2110 dissentiunt?
1026 2046 1059 2112 Si
1083 2068 1136 2110 eos
1159 2068 1257 2110 unam
1279 2046 1381 2112 fidem
1407 2054 1532 2113 secnrn‘

231 2150 371 2213 retinere
393 2152 561 2230 noverunt,
586 2153 721 2232 apparet
735 2149 845 2232 igitur,
869 2148 938 2231 hos,
962 2149 1016 2233 qui
1037 2148 1103 2232 illa,
1127 2171 1209 2233 quae
1231 2147 1273 2213 ad
1285 2148 1387 2214 fidem
1405 2150 1517 2216 catho-

232 2251 328 2316 licam
349 2252 525 2335 pertinent,
548 2252 656 2334 palam
679 2252 870 2336 impugnare
893 2273 958 2315 uon
981 2251 1142 2333 (lutitant,
1165 2251 1219 2334 qui
1240 2249 1515 2319 acatholicorum

232 2355 432 2438 professione
454 2354 659 2436 dissentiunt,
685 2354 858 2418 catholicos
881 2354 1012 2418 omnino
1034 2377 1100 2418 non
1116 2363 1195 2436 ess‘e,
1220 2354 1409 2438 atqrreideo
1423 2355 1516 2421 nulla

232 2457 357 2521 ratione
380 2461 548 2520 correctos.
594 2456 701 2531 Quid?
734 2457 784 2520 his
813 2480 869 2521 cur
897 2457 1112 2521 communicat
1134 2456 1272 2520 Petrus?
1318 2457 1354 2524 Si
1383 2459 1459 2525 istie
1479 2460 1516 2527 in

233 2580 338 2623 errore
361 2559 550 2622 durantibus
579 2559 631 2622 ille
660 2559 734 2622 fidei
763 2581 857 2623 verae
886 2559 1124 2623 examinatione
1149 2559 1306 2642 probatus
1328 2564 1382 2625 est
1410 2566 1448 2627 et
1466 2584 1515 2628 re·

233 2665 355 2744 ceptus,
378 2661 487 2744 utique
509 2661 536 2723 si
560 2663 707 2743 correxit,
732 2662 771 2724 ad
788 2661 843 2724 illa
858 2660 1035 2724 translatus
1055 2663 1115 2743 est,
1139 2683 1221 2744 quae
1236 2660 1314 2726 fidei
1330 2663 1516 2731 catholicae

234 2763 454 2845 convenirent,
477 2784 543 2827 non
567 2763 600 2826 in
623 2762 673 2827 his
696 2763 861 2845 remansit,
890 2784 972 2848 quae
995 2765 1024 2828 ei
1045 2764 1223 2847 probantur
1253 2762 1404 2831 inimica.
1450 2766 1516 2835 Gur

231 2866 350 2929 talibus
373 2887 451 2950 ergo
474 2865 711 2928 communicat?
745 2864 778 2930 Si
801 2865 857 2928 illa
879 2866 1051 2930 manifeste
1072 2866 1250 2950 profitetur,
1279 2866 1322 2930 ad
1351 2886 1516 2953 quae'cr·

232 2990 302 3032 rore
330 2968 474 3052 deposito
502 2990 575 3031 curn
600 2968 755 3031 transisse
779 2969 994 3051 cognoscitur,
1027 2990 1083 3032 cur
1105 2968 1173 3051 ejus
1202 2970 1429 3036 communicat
1454 2972 1515 3039 ini·

231 3070 346 3136 micis?
379 3070 492 3153 ltaque
514 3070 584 3133 lnce
608 3071 723 3134 charius
751 3071 915 3153 probatur,
939 3093 1006 3134 non
1028 3092 1097 3135 esse
1119 3073 1297 3135 correctum
1319 3071 1379 3137 aed
1403 3073 1441 3138 in
1462 3095 1516 3140 ca·

232 3173 303 3237 dem
326 3172 512 3256 pestilentia
539 3194 737 3256 permanere,
768 3172 858 3255 cujus
885 3173 1074 3256 sequacibus
1100 3172 1404 3260 professoribusque
1430 3198 1515 3241 oom-

231 3276 385 3339 municat.
430 3274 516 3338 Ecce
548 3275 664 3358 igitur,
700 3275 797 3338 etiam
831 3274 890 3338 hoe
924 3275 1044 3358 ipsum,
1078 3275 1161 3359 quod
1190 3278 1373 3341 correctum
1402 3278 1515 3363 vultu,

232 3377 331 3441 videri
341 3377 381 3463 ³³)
404 3377 521 3440 falsum
543 3376 780 3440 evidentissime
804 3376 999 3440 confutatur.
1045 3376 1246 3461 Quapropter
1267 3376 1358 3457 licet,
1383 3379 1518 3449 etimnn‘

233 3482 393 3544 correctus
415 3482 509 3559 esset,
534 3478 764 3543 correctoribus
792 3479 858 3543 suis
880 3479 973 3542 subdi
1002 3479 1121 3562 debuit,
1149 3501 1217 3543 non
1238 3481 1417 3565 praeponi,
1444 3484 1517 3569 qui·

232 3582 290 3645 bus
312 3581 354 3644 ab
375 3581 545 3644 haereticis
567 3581 731 3645 ordinatus
760 3580 848 3645 nulla
876 3581 980 3664 potuit
1006 3602 1154 3665 praeesse
1176 3581 1317 3663 ratione;
1351 3582 1458 3650 etiarn
1479 3584 1517 3652 in

233 3683 293 3746 hac
315 3685 407 3766 parte
431 3684 647 3765 convincitur,
677 3706 739 3767 qua
769 3687 930 3747 correctus
952 3683 1153 3748 obtenditur:
1186 3682 1316 3768 quando
1343 3683 1401 3750 his
1429 3708 1517 3753 com-

231 3785 406 3867 municare,
429 3784 483 3881 qui
506 3784 540 3849 in
562 3787 723 3868 pravitate
745 3786 931 3869 perdurant,
955 3786 1025 3850 sine
1048 3786 1199 3870 ambiguo
1213 3785 1392 3872 reperitur,
1416 3793 1516 3876 atquc

232 3910 251 3951 a
273 3889 384 3951 nostra
408 3887 630 3951 communione
652 3889 857 3953 omnifariam
880 3887 994 3952 merito
1013 3888 1161 3973 justeque
1183 3887 1365 3971 repellitur.

240 3968 250 3985 ⁴
315 3990 365 4054 21.
409 3990 493 4054 Ecce
516 4012 613 4073 quarn
641 3991 733 4054 nobis
752 3991 842 4073 justa
865 4012 960 4053 causa
986 3990 1185 4074 suppeditat:
1213 3990 1313 4055 etiam
1336 3992 1516 4081 Acacium,

231 4093 283 4177 qui
308 4091 393 4155 hmrc
416 4095 448 4155 et
467 4093 553 4175 juste
576 4093 688 4156 retulit
715 4096 790 4156 ante
819 4114 887 4156 esse
910 4093 1097 4165 (taurinatum
1124 4096 1156 4157 et
1177 4094 1290 4176 postea
1319 4096 1453 4162 nefarie
1480 4098 1517 4165 in

231 4216 288 4257 sua
311 4195 533 4258 communione
556 4196 706 4277 suscepit,
731 4197 884 4258 anostra
910 4194 1131 4258 communione
1159 4194 1383 4263 discrevimus..
1431 4198 1514 4265 Ourn

230 4296 351 4360 Acacio
375 4297 460 4360 enim
482 4297 575 4360 nobis
597 4297 659 4360 fuit
681 4297 786 4380 prisca
809 4297 1003 4378 communic,
1026 4295 1106 4360 haec
1127 4299 1162 4360 ut
1176 4300 1362 4362 servaretur
1384 4299 1511 4387 illaesa,

230 4419 287 4481 per
312 4398 612 4483 quinquennium³⁴)
638 4398 706 4462 fere
733 4399 929 4482 monuimus,
958 4401 992 4462 ct
1011 4398 1089 4464 licet
1109 4420 1171 4464 nec
1191 4398 1373 4466 rescribere
1396 4402 1512 4490 digna
1542 4440 1557 4457 ·

298 4586 330 4650 ³³)
348 4583 424 4637 Editi
441 4589 541 4638 videtur
556 4590 649 4652 falsum
667 4597 692 4640 el
710 4591 773 4640 eald.
810 4586 916 4640 Deinde
934 4585 1019 4639 iidem
1037 4591 1061 4641 si
1077 4591 1152 4640 edan
1169 4591 1290 4641 sensu
1365 4601 1429 4659 Μ
1444 4608 1506 4645 m.

298 4670 329 4733 ⁸⁸)
348 4667 423 4722 Edit
438 4688 488 4738 per
507 4676 698 4740 qrriaqueanfum
708 4676 901 4740 permissimus.
930 4670 983 4725 Hic
995 4674 1024 4725 ot
1036 4669 1286 4741 apudlrihcratum
1299 4671 1425 4729 breviar.
1439 4692 1464 4729 c.
1478 4680 1508 4730 18

230 4751 348 4805 Aeacius
364 4773 414 4820 per
431 4761 623 4825 quinquennium
640 4774 658 4810 a
675 4756 741 4810 seda
759 4755 914 4826 apostolica
931 4756 1051 4810 monitus
1064 4773 1124 4811 esse
1145 4755 1259 4821 dicitur,
1277 4773 1368 4825 quum
1380 4758 1507 4815 Gelasio

231 4837 312 4906 epist.
326 4844 357 4891 12
370 4856 396 4891 n.
410 4846 434 4904 8,
447 4845 479 4892 ‘26
491 4858 517 4893 n.
531 4848 547 4895 3
563 4846 758 4909 patriensium
774 4846 832 4909 fere
849 4840 879 4895 id
896 4843 999 4896 sctum
1011 4840 1192 4911 perstringat
1222 4841 1422 4900 Differentiam
1433 4844 1505 4899 hm

229 4920 289 4992 ipse
308 4921 436 4978 Gelasius
454 4925 534 4979 tract.
553 4926 566 4979 l
583 4943 610 4978 n.
629 4931 646 4980 8
664 4925 812 4993 dilucidat,
831 4926 880 4981 ubi
898 4926 1053 4982 accuratius
1066 4925 1242 4997 distinguens
1257 4916 1309 4997 per
1323 4933 1409 4996 sm
1425 4934 1503 4987 csen-
