3204 5506
636 349 663 396 S.
680 347 886 398 lloumlsneh
908 347 1023 397 PAPAE

698 535 879 640 Epistola
905 536 960 620 51.

43 703 181 833 (affigam.
375 689 588 758 Hormisdae
611 707 722 776 papae
744 689 787 756 ad
809 689 1045 776 Euphemiam
1070 687 1281 774 Augustam.

274 831 348 882 Illius
365 847 414 896 pro
430 847 496 896 pace
513 832 621 883 studium
639 833 826 890 commendans,
849 839 876 881 ut
894 831 1000 882 libellum
1018 833 1193 883 transuta-rura
1210 831 1242 882 ah
1260 832 1369 897 emaeopr'r

643 916 766 967 subscribi
781 923 864 976 curet,
882 923 1014 983 precatur.

349 1049 560 1114 Hormisda
583 1049 859 1136 Euphemiam)
882 1050 1097 1136 Augustae.

285 1171 314 1235 1.
350 1167 566 1234 Ecclesiamm
589 1192 652 1254 pax
670 1171 740 1254 jam
763 1169 892 1235 coelesti
907 1170 1110 1235 ordinatione
1135 1170 1338 1256 componitur,
1356 1193 1425 1257 quun

195 1293 251 1336 vos
274 1271 314 1335 ad
337 1270 505 1352 imperium
520 1271 607 1336 Deus
631 1272 738 1357 elegit,
764 1272 847 1356 apud
869 1293 946 1357 quos
969 1294 1037 1337 esse
1058 1273 1226 1358 integrum
1248 1295 1360 1359 semper
1376 1274 1426 1338 reli·

94 1453 97 1458 1
196 1373 301 1456 gionis
330 1395 405 1438 suae
434 1375 585 1460 cognovit
612 1375 769 1438 affectum.
814 1373 898 1438 Nam
925 1376 1009 1439 sicut
1041 1374 1076 1439 in
1107 1375 1238 1460 privata
1267 1375 1331 1440 rita
1352 1373 1427 1439 Deum

197 1497 321 1559 semper
342 1479 430 1540 recto
453 1476 602 1562 dogmate
626 1476 784 1560 coluistis,
807 1479 845 1540 ut
866 1475 904 1540 de
926 1476 1092 1560 religionis
1116 1477 1286 1541 concordia
1307 1477 1428 1564 cogitare

197 1577 250 1660 tis,
275 1580 307 1641 ct
328 1577 430 1641 multa
452 1578 580 1662 quidem
602 1581 689 1643 inter
711 1579 781 1662 ipsa
802 1577 927 1662 imperii
951 1579 1049 1643 vestri
1071 1577 1248 1662 primordia
1268 1579 1350 1645 facta
1366 1581 1428 1661 suut,

196 1700 278 1763 quae
305 1700 394 1762 spem
421 1679 513 1744 nobis
543 1680 748 1745 correctionis
777 1680 923 1765 integrae
951 1680 1155 1766 pollicentur.
1207 1679 1300 1746 Unde
1326 1681 1429 1767 quinio

196 1780 286 1845 vobis
309 1802 449 1845 amorem
469 1780 593 1846 fervere
608 1782 681 1846 fidei
704 1782 914 1866 gratulamur,
939 1785 1072 1866 agentes
1088 1781 1157 1846 Deo
1180 1783 1303 1868 gratias
1322 1781 1430 1868 quotidie

197 1903 255 1967 pro
276 1882 366 1946 vobis
388 1883 482 1946 beato
504 1883 600 1948 Petro
623 1883 766 1968 apostolo
795 1883 1030 1968 supplicamus,
1060 1886 1097 1947 ut
1124 1883 1210 1948 votis
1238 1885 1347 1950 vestris
1369 1883 1430 1969 apud

196 1984 370 2049 Dominum
392 1984 602 2069 suffragetur,
633 1989 665 2050 et
693 2008 819 2050 cursum
841 1985 945 2049 bonae
967 1986 1144 2050 voluntatis
1166 1985 1346 2071 adimpleat.
1381 1984 1431 2050 Nec

197 2086 327 2151 dubium
350 2090 399 2151 est
421 2087 537 2151 divinis
559 2109 614 2152 vos
637 2088 763 2153 auxiliis
786 2087 942 2171 adjuvari,
966 2087 1040 2173 quia
1062 2090 1156 2151 tanto
1171 2086 1334 2174 religionis
1352 2086 1431 2152 studio

196 2189 358 2254 mandatis
382 2189 571 2255 coelestibus
594 2189 740 2254 obeditis.
771 2189 858 2254 Hinc
874 2192 932 2273 est,
956 2189 1040 2274 quod
1054 2188 1130 2273 quia
1152 2194 1302 2255 sanctum
1322 2188 1432 2275 conjugii

197 2292 295 2357 vestri
318 2295 446 2356 constat
467 2315 535 2358 esse
557 2291 772 2377 propositum,
802 2290 860 2355 has
889 2290 1082 2356 fiducialiter
1104 2290 1144 2354 ad
1166 2295 1307 2357 vestram
1327 2291 1432 2358 elemen-

197 2394 278 2458 tiam
293 2393 418 2459 litteras
434 2394 641 2477 destinamus,
665 2396 702 2458 ut
717 2415 774 2477 per
788 2415 844 2457 vos
860 2393 899 2457 ad
921 2392 1148 2477 perficiendam
1164 2393 1327 2459 Ecclesiae
1346 2413 1432 2481 pacem

197 2496 305 2560 mariti
327 2496 425 2561 vestri
447 2495 550 2578 pietas
573 2496 708 2580 amplius
730 2495 894 2560 incitetur.

282 2598 312 2662 2.
345 2598 502 2682 Magnum
524 2619 603 2681 opus
626 2597 817 2681 arripuistis,
841 2618 962 2681 magna
983 2596 1073 2662 vobis
1095 2618 1192 2662 causa
1215 2597 1371 2663 commissa
1389 2599 1432 2660 est

197 2699 260 2763 Per
281 2720 337 2763 vos
360 2699 478 2779 enimi)
501 2699 635 2784 populos
651 2698 797 2764 Christus
819 2699 887 2762 vult
909 2699 949 2762 ad
963 2697 1129 2764 Ecclesiae
1150 2699 1281 2764 foedera
1302 2718 1433 2778 reuocare,

198 2822 276 2886 quos
306 2822 363 2885 per
388 2822 422 2865 se
449 2801 550 2866 voluit
578 2824 596 2865 a
623 2804 725 2865 morte
753 2800 918 2865 redimere.
968 2799 1090 2885 Magna
1118 2800 1216 2866 etiam
1242 2806 1343 2867 restro
1367 2800 1435 2866 serui

198 2906 313 2990 parata
335 2906 383 2968 est
403 2903 508 2968 laudis
530 2904 671 2986 occasio,
701 2903 728 2966 si
754 2903 845 2966 vobis
866 2902 1065 2967 instantibus
1087 2902 1255 2968 Ecclesiae
1277 2925 1347 2969 suae
1366 2901 1436 2968 Clu·

198 3011 267 3070 stus
296 3027 376 3091 quae
405 3007 507 3072 divisa
533 3007 664 3071 fuerant
693 3005 835 3071 membra
859 3004 1047 3089 conjungat.
1092 3004 1162 3070 Nec
1185 3006 1272 3070 euim
1292 3006 1436 3090 majorari

200 3108 319 3194 gloria,
354 3130 434 3193 quae
461 3110 620 3174 humanae
648 3107 760 3172 salutis
782 3106 909 3191 lignum
930 3108 1073 3171 scrutata
1095 3109 1159 3188 est,
1184 3110 1217 3171 et
1239 3107 1305 3172 sola
1325 3127 1435 3186 crucem,

200 3233 296 3295 quam
318 3212 423 3276 omnis
445 3215 617 3276 veneratur
637 3209 785 3291 mundus,
801 3208 936 3272 invenit.
968 3207 1167 3291 Superabitis
1183 3208 1352 3293 quinimmo
1370 3207 1437 3273 illius

199 3313 330 3394 merita,
361 3312 435 3397 quia
457 3312 621 3377 Ecclesiae
643 3313 751 3376 unitas
773 3332 831 3396 per
852 3310 941 3373 illam
963 3332 1056 3375 suum
1076 3310 1203 3375 invenit
1229 3310 1367 3397 signum,
1394 3328 1438 3394 per

199 3436 254 3478 vos
277 3418 326 3478 est
347 3415 497 3479 habitura
520 3414 704 3478 remedium.
742 3416 829 3498 Agat
850 3412 950 3496 igitur
968 3411 1089 3497 jugalis
1111 3411 1210 3477 vestri
1231 3413 1373 3500 religiosa
1391 3410 1439 3477 dc·

198 3516 337 3598 mentia,
367 3519 404 3579 ut
424 3515 542 3580 fratres
565 3519 597 3581 et
620 3515 800 3599 coepiscopi
826 3512 929 3578 nostri
951 3514 1009 3578 sub
1032 3535 1069 3578 eo
1091 3512 1193 3578 libelli
1213 3518 1338 3599 tenore,
1364 3533 1437 3600 quen

200 3616 318 3681 dudum
340 3617 499 3700 misimus,
528 3618 622 3681 fidem
646 3639 736 3681 suam
758 3616 933 3701 dignentur
955 3637 1112 3698 asserere,
1141 3620 1299 3701 quatenus
1319 3616 1437 3702 perfecte

162 3745 166 3757 ¹
198 3719 301 3803 possit
322 3741 390 3783 esse
413 3742 493 3803 quae
516 3723 565 3783 est
585 3718 737 3783 inchoata
761 3717 929 3799 correcti03
952 3719 1027 3803 quia
1047 3718 1141 3783 irrita
1171 3726 1222 3783 est
1247 3716 1437 3804 quaelibetiu

200 3822 325 3885 cultura
352 3821 413 3885 Dei
437 3821 609 3902 confessio,
641 3821 691 3885 cui
719 3821 808 3884 deest
828 3819 903 3883 fidei
924 3819 1100 3903 plenitudo
1136 3819 1209 3886 Hoc
1232 3821 1316 3886 enim
1335 3818 1437 3905 quoda

199 3922 329 4007 reliquis
351 3923 420 3986 fieri
443 3923 602 4006 poscimus
611 3924 648 4004 ³),
672 3945 691 3984 a
706 3923 814 3986 multis
826 3923 894 4004 jam
910 3921 1128 3987 sacerdotibus
1152 3926 1280 3987 constat
1300 3922 1437 3998 effectum

200 4030 232 4092 et
253 4026 360 4090 unitas
390 4046 457 4088 esse
481 4025 570 4107 justa
592 4025 626 4088 iu
649 4024 871 4089 commuuione
899 4045 965 4088 non
991 4023 1125 4108 poterit,
1156 4025 1184 4089 si
1210 4046 1278 4090 non
1304 4019 1436 4090 fueritin

198 4129 378 4193 reversione
401 4129 536 4191 servata.

199 4339 228 4385 51
267 4334 286 4398 ί)
305 4332 383 4386 Haec
399 4336 528 4399 lupicina
540 4332 589 4384 aut
600 4336 722 4399 erpr'cr'a,
741 4328 876 4398 Procopio
894 4328 957 4383 hiat.
977 4346 1032 4384 arc.
1053 4335 1143 4400 capu
1161 4331 1191 4386 et
1207 4326 1435 4400 Theophanechm

199 4432 277 4485 nogr.
296 4435 323 4486 p.
344 4422 390 4469 141
411 4415 464 4483 (ed.
483 4415 571 4469 Bonn.
590 4434 617 4484 p.
631 4418 697 4484 254)
715 4413 844 4476 testibus,
868 4414 1029 4469 vocabatur.
1067 4414 1122 4471 Sed
1142 4417 1175 4470 ut
1192 4415 1347 4470 Theodorus
1365 4411 1435 4466 lectu

198 4519 225 4569 p.
239 4507 289 4555 565
307 4502 336 4554 et
347 4501 532 4570 Theophanes
548 4501 566 4554 l.
581 4518 604 4554 c.
622 4499 748 4566 tradunt,
766 4501 865 4569 postea
882 4516 967 4568 quam
984 4502 1112 4569 Augusta
1129 4502 1287 4572 nuncupate
1303 4500 1352 4565 est,
1365 4508 1433 4565 popu

198 4585 241 4639 lus
259 4603 322 4640 eam
339 4586 522 4656 Euphemiam
542 4585 703 4642 nominavit.

265 4673 288 4739 ²)
306 4670 355 4723 Ed.
376 4678 463 4738 ettam,
482 4687 601 4738 moxque
619 4676 674 4724 Nec
692 4676 749 4737 ejus
820 4677 900 4726 solum
917 4691 1023 4725 crucem.

267 4759 287 4823 ³)
305 4756 349 4810 lta
366 4756 400 4811 G¹
414 4758 450 4810 α’.
486 4757 553 4810 bcc
569 4762 738 4826 poposcimus.
