3204 5506
614 371 786 422 arrsronr
810 361 861 420 27.
1064 355 1072 372 '
1309 355 1373 420 199

100 525 247 591 vestrum
269 521 307 588 de
330 524 434 589 alieno
457 545 562 589 errore
584 525 794 609 propositum.
839 524 901 590 Sed
924 524 1130 609 cogitandum
1153 528 1211 607 est,
1237 525 1372 589 clemen·
1386 508 1410 591 a.
1421 539 1478 591 517.

100 627 228 692 tissime
250 626 434 710 imperator,
458 626 485 690 si
508 628 537 690 ei
559 627 643 711 apud
666 626 769 690 Deum
797 627 938 692 sufficiat
961 629 1067 690 errata
1090 627 1236 710 culpasse
1245 628 1292 712 ¹²),
1323 627 1373 691 eui

100 728 192 794 dedit
215 750 308 813 posse
331 729 506 813 corrigere3
538 751 606 792 non
633 731 683 792 est
710 728 885 793 differenda
914 727 1052 792 curatio:
1079 733 1288 793 amoveantur
1309 751 1373 793 mo-

100 830 194 895 dicae
217 829 386 915 profundis
408 829 592 893 vulneribus
621 833 751 894 manus!
799 830 874 896 Sola
901 833 976 894 ante
999 831 1154 894 Acacium
1176 830 1374 895 Alexandria

100 932 257 1016 perfidiae
279 953 354 996 suae
382 930 536 995 foeditate
564 931 777 1017 sordebat¹³):
809 933 974 1016 respicite,
1009 935 1146 1016 quantas
1170 933 1239 1016 jam
1265 936 1374 1017 partes

100 1034 288 1098 emendatio
310 1033 461 1118 neglecta
483 1032 649 1117 polluerit!

188 1137 221 1199 4.
260 1134 428 1219 Quousque
455 1135 592 1219 pateris,
627 1135 754 1199 domine
781 1135 844 1217 fili,
884 1135 1061 1200 Ecclesiam
1092 1136 1151 1200 Dei
1186 1137 1374 1200 divisionem

100 1259 235 1302 suorum
261 1258 402 1301 moerere
431 1236 668 1301 membrorum?
711 1238 904 1322 Anticipent
930 1238 1086 1301 beneficia
1119 1242 1174 1302 tua
1202 1239 1242 1302 ad
1270 1238 1374 1302 Deum

100 1342 298 1423 perventura
318 1339 471 1423 suspiria:
495 1359 619 1402 assume
635 1338 708 1402 fidei
725 1361 844 1423 euram,
868 1342 901 1403 et
916 1339 1067 1403 vexillum
1082 1340 1196 1404 salutis
1211 1339 1372 1423 attollens,

100 1441 143 1504 ad
167 1462 290 1505 errores
314 1441 355 1504 ab
376 1440 495 1503 israele
517 1441 723 1505 removendos
746 1442 833 1505 velut
855 1440 1011 1505 Ezechias
1039 1442 1121 1506 alter
1143 1464 1293 1527 exsurge:
1323 1443 1374 1505 fas

100 1542 163 1607 tibi
192 1543 285 1606 laude
313 1564 467 1606 novorum
495 1564 626 1626 operum
653 1542 764 1607 t'tulos
793 1565 929 1628 aequare
957 1544 1142 1626 priscorum.
1198 1544 1257 1608 Ille
1283 1544 1374 1607 dissi·
1485 1554 1493 1572 ·

100 1645 195 1729 pavit
218 1645 353 1727 excelsa,
376 1647 412 1709 tu
435 1644 618 1727 superbiam
640 1647 765 1708 erectae
781 1645 955 1728 impietatis
971 1645 1108 1728 inelina3
1131 1645 1185 1709 ille
1204 1645 1374 1709 simulacra

100 1747 268 1829 contrivit,
292 1751 328 1810 tu
341 1746 428 1809 dura
450 1746 626 1809 infidelium
649 1746 744 1810 eorda
767 1747 950 1832 confringe,
974 1746 1027 1811 ille
1045 1749 1231 1811 memoriam
1247 1769 1374 1831 serpen-

100 1849 147 1913 tis
171 1849 258 1912 aerei
281 1848 420 1930 sustulit,
444 1851 480 1910 tu
502 1847 589 1911 virus
612 1848 789 1931 praesentis
812 1849 947 1912 effunde.
985 1849 1072 1934 Offer
1094 1848 1162 1912 Deo
1184 1853 1272 1913 rocta
1293 1870 1374 1934 quae

100 1950 193 2033 fecit,
218 1954 251 2014 et
272 1971 364 2034 spera
387 1949 470 2012 dona
493 1971 574 2032 quae
596 1950 722 2013 meruit.
760 1957 875 2014 Fidelis
896 1963 940 2014 esi
961 1959 1038 2014 enim
1057 1956 1207 2028 Dominus,
1232 1957 1286 2029 qui
1304 1957 1372 2014 reei-
1385 1939 1485 2063 {th-

101 2057 150 2116 eit
172 2057 301 2130 sinoulis
322 2058 485 2115 secandum
509 2073 604 2131 opera
627 2073 738 2116 eorum.
772 2051 812 2115 ln
834 2055 945 2136 aperto
968 2055 1032 2135 est,
1057 2056 1178 2136 quanta
1200 2052 1243 2115 sit
1265 2074 1374 2135 exspe·
1420 2047 1473 2074 ’”’

101 2153 206 2217 etatis
228 2153 379 2235 fidelium,
404 2154 525 2236 quanta
546 2153 718 2236 trepidatio
741 2154 942 2237 perfidorum.
988 2154 1040 2217 llli
1066 2155 1213 2218 ambiunt
1234 2154 1374 2239 gaudere

102 2277 177 2318 cum
201 2255 325 2339 angelis
348 2255 387 2318 de
409 2254 563 2337 receptis:
587 2254 641 2317 isti
663 2258 820 2338 metuunt,
850 2278 891 2319 ne
915 2256 956 2319 ab
978 2255 1039 2338 his,
1069 2279 1146 2340 quos
1169 2256 1372 2340 deceperant,

101 2357 251 2420 destituti
273 2357 385 2440 poenis
406 2360 596 2420 remaneant
617 2357 827 2440 praeparatis.

190 2460 220 2523 5.
255 2458 403 2522 Pendent
426 2459 522 2522 anxia
547 2458 642 2522 corda
665 2461 862 2523 cunctorum.
898 2459 950 2522 Ab
971 2459 1093 2523 ultimis
1117 2461 1156 2524 ad
1178 2482 1237 2525 nos
1260 2461 1374 2525 Galliis
1456 2443 1460 2451 ¹

101 2560 227 2624 directa
249 2559 379 2644 legatio,
403 2561 528 2644 siquid
552 2560 591 2624 de
614 2560 748 2624 unitatis
764 2559 1039 2645 redintegratione
1062 2561 1241 2626 sollicitudo
1263 2566 1375 2626 nostra

100 2662 315 2746 promovisset
323 2663 372 2747 ¹⁴),
396 2662 484 2726 fama
499 2665 618 2744 secuta,
643 2661 813 2726 consuluit.
848 2661 917 2726 Nee
938 2662 1069 2726 difficile
1091 2685 1170 2747 opus
1186 2664 1374 2729 clementiae

100 2768 194 2828 tuae:
217 2763 279 2827 seit
300 2762 386 2827 Deus
409 2785 538 2827 suorum
560 2764 723 2827 laboribus
746 2764 925 2828 subvenire.
976 2764 1026 2828 Ex
1049 2787 1107 2828 usu
1130 2771 1195 2849 est,
1226 2766 1265 2829 ad
1287 2768 1374 2851 prin-

101 2867 192 2951 cipes
216 2888 288 2930 suos
313 2868 497 2929 convertere
520 2866 615 2928 corda
637 2866 807 2950 subjectos.
842 2865 908 2928 Dat
929 2867 1035 2950 speeie
1058 2868 1231 2931 maximum
1246 2869 1375 2952 signum

100 2990 216 3033 recens
238 2967 407 3052 religiosae
434 2968 605 3030 memoriae
628 2966 787 3030 Marciani
815 2967 1017 3049 imperatoris
1046 2969 1236 3053 exemplum.
1292 2968 1374 3045 Quid

100 3072 173 3156 egit
194 3073 273 3134 tune
295 3069 409 3153 vulgus
433 3073 488 3132 aut
514 3068 675 3153 populus?
717 3068 791 3132 Non
821 3090 899 3151 opus
931 3073 1008 3133 nota
1035 3070 1207 3134 revolvere.
1253 3071 1374 3134 Adulta

100 3178 154 3239 est
175 3171 310 3256 perfidia
332 3171 395 3234 ista
416 3193 474 3254 per
496 3170 620 3252 devios,
651 3170 755 3253 sopita
778 3192 835 3253 per
852 3171 974 3254 justos3
1006 3172 1133 3236 imitare
1161 3172 1303 3257 religiosi
1327 3173 1374 3236 in-

100 3277 291 3359 tegritatem
306 3273 472 3358 propositi,
497 3296 591 3357 quarn
607 3272 712 3334 studio
728 3272 891 3335 civilitatis
907 3274 1061 3356 aequasti.
1094 3275 1144 3337 Ad
1160 3260 1240 3338 baec
1255 3276 1374 3339 nostris

102 3377 271 3461 lacrymis,
300 3376 419 3439 nostris
440 3376 589 3459 precibus
619 3374 804 3458 alleganda,
835 3373 1019 3439 Ennodium
1047 3379 1141 3459 atque
1163 3376 1374 3461 Peregrinum

102 3479 222 3543 iratres
245 3481 278 3541 et
300 3476 502 3561 coepiscopos
524 3480 651 3540 nostros
674 3475 742 3539 viee
763 3479 874 3539 nostra
896 3498 954 3559 pro
970 3476 1149 3542 exhibenda
1165 3480 1261 3542 etiam
1276 3478 1374 3543 hono-

102 3581 195 3646 rifica
218 3579 412 3643 salutatione
434 3578 622 3661 direximus,
655 3578 725 3641 ideo
753 3577 890 3641 maxime
918 3578 1088 3663 designato
1115 3581 1184 3645 viro
1211 3581 1299 3645 fasce
1327 3605 1374 3645 se-

106 3683 230 3748 eundae
238 3684 277 3768 15)
299 3681 472 3766 legationis
494 3681 658 3765 imposito,
689 3684 726 3743 ut
754 3681 806 3765 qui
835 3681 927 3745 nobis
956 3682 1024 3764 spei
1053 3682 1156 3746 bonae
1178 3682 1293 3747 detulit
1314 3685 1374 3748 ini-

173 3908 205 3973 ¹²)
223 3903 261 3956 Et
277 3902 322 3956 hic
339 3902 452 3972 respicit
469 3901 619 3956 Hormisda
637 3900 674 3955 ad
690 3901 777 3954 verba
794 3903 936 3956 Anastasii
954 3901 1032 3971 epist.
1049 3910 1093 3969 10,
1112 3903 1160 3956 ubi
1178 3902 1284 3958 divinas
1301 3905 1374 3958 litte·

105 4004 147 4046 ras
164 4007 184 4044 a
202 4006 233 4042 se
250 3987 448 4043 Alexandriam
464 3987 607 4042 multoties
631 3986 785 4041 destinatas
803 3989 1014 4054 commemorat,
1037 4009 1086 4056 per
1104 4010 1180 4058 quas,
1202 3989 1307 4057 inquit,
1331 3995 1373 4044 ob·

100 4079 259 4144 imponimus
276 4085 323 4130 ele.
343 4072 501 4127 -Ibidem
519 4072 553 4126 G¹
572 4084 735 4126 anroneontar
751 4078 877 4135 nrodicue,
896 4073 944 4126 ubi
961 4073 1004 4127 ed.
1023 4079 1203 4128 admoneantur
1219 4080 1338 4128 medicae.

172 4163 204 4227 ¹³)
224 4157 348 4212 Primum
365 4158 503 4225 Dioscori,
526 4160 586 4210 tum
604 4157 756 4221 Timothei,
779 4157 892 4211 demum
909 4157 986 4211 Petri
1008 4158 1116 4227 Mongi,
1140 4158 1217 4227 eujus
1239 4158 1373 4214 societate

100 4259 127 4302 se
145 4244 268 4301 Aeacius
286 4243 495 4309 contaminavit,
514 4242 655 4297 haeretica
672 4240 810 4312 pravitate
828 4243 944 4312 polluta.

171 4333 203 4399 ¹⁴)
222 4329 320 4398 Neque
338 4329 382 4383 hic
398 4334 557 4398 promisisset
575 4345 637 4381 cum
649 4327 768 4381 Baronio
785 4327 1000 4396 praeferendum
1012 4343 1083 4394 esse,
1100 4327 1188 4395 liquet
1206 4345 1239 4382 ex
1255 4328 1373 4398 epistola

100 4420 128 4472 ll
149 4436 180 4470 n.
201 4422 229 4481 1,
248 4420 426 4481 quamtotius
444 4418 589 4482 provineine
612 4417 763 4466 Viennensis
781 4419 877 4466 nornine
900 4411 1040 4466 detulerat
1061 4412 1180 4481 legatio,
1202 4413 1280 4482 eujus
1298 4413 1374 4468 dieta

100 4495 144 4558 bic
162 4499 317 4556 Hormisda
333 4498 503 4568 perstringit.
523 4527 556 4535 —
574 4497 638 4551 Mox
657 4497 699 4551 ed.
719 4502 744 4549 in
762 4517 807 4550 iren
878 4504 943 4552 eolla
960 4501 1096 4563 san'ccios.

171 4589 203 4653 1θ)
224 4583 295 4649 Quia
311 4583 442 4636 nimirum
458 4583 533 4636 idem
550 4582 692 4635 Ennodius
705 4581 766 4650 jam
785 4599 840 4635 una
856 4583 965 4635 functus
983 4583 1082 4636 fuerat.
1117 4583 1159 4636 De
1181 4583 1234 4637 hae
1251 4582 1373 4638 secunda

100 4672 253 4744 legatione,
273 4687 357 4737 quum
370 4669 460 4722 adhue
477 4669 506 4720 in
517 4667 662 4737 procinctu
675 4669 754 4732 esset,
772 4666 921 4720 Hormisda
933 4665 1012 4735 epist.
1024 4673 1056 4720 22
1075 4685 1100 4720 n.
1112 4673 1128 4719 5
1142 4669 1170 4722 et
1182 4667 1261 4737 epist.
1274 4675 1306 4722 23
1320 4675 1372 4722 112

100 4757 231 4828 rogitare
250 4771 280 4808 se
298 4752 471 4823 significavit.
508 4753 596 4821 Hrq'us
615 4752 700 4806 etiam
717 4753 793 4805 fama
806 4752 868 4820 jam
886 4751 922 4805 ab
934 4750 1020 4805 initiis
1031 4752 1112 4821 hujus
1124 4751 1189 4806 anni
1201 4759 1249 4807 517
1268 4753 1297 4806 in
1309 4754 1373 4807 Gal·

100 4845 150 4899 ias
169 4841 346 4912 pervaserat,
365 4839 405 4892 uti
423 4839 505 4892 fidem
523 4839 590 4892 facit
608 4837 686 4907 epist.
701 4844 732 4890 21
751 4855 777 4890 n.
794 4843 815 4889 1.
847 4836 943 4890 Plures
961 4835 989 4889 iu
1006 4836 1097 4906 prima
1108 4837 1235 4891 Ennodio
1248 4836 1370 4892 adiunct'

100 4930 168 4984 runt
185 4925 268 4994 socii,
287 4924 353 4993 quia
369 4927 428 4978 tum
447 4923 567 4994 synodus
586 4922 753 4976 celebranda
770 4923 931 4991 putabatur.
