3204 5506
267 344 306 406 10
605 361 739 410 neutra
762 361 913 408 enauvxa
935 362 973 410 m
994 360 1129 410 vnnrcm
1152 361 1188 407 rr.

264 537 333 576 mam
348 524 478 596 pervenit.
491 522 546 593 jam
561 522 642 578 Felici
657 522 771 579 traditae
787 531 862 579 erant
877 541 891 577 a
907 524 997 597 regiae
1012 520 1085 578 urbis
1100 520 1202 577 civibus
1217 523 1378 595 cunctisque
1389 520 1527 576 orientali·

264 605 314 662 bus
335 605 462 663 adversus
483 607 607 664 Acacium
628 610 797 682 constriptae
815 608 920 664 litterae
947 606 1079 681 (adeoque
1100 607 1252 682 Simplicius
1270 605 1325 677 jam
1351 603 1528 677 decesserat).

264 692 340 748 Tune
355 701 448 748 contra
464 693 587 750 eumdem
605 696 762 768 episcopum
776 694 912 750 lohannes
933 691 1052 749 libellum
1074 691 1182 748 obtulit.
1211 692 1240 749 ln
1255 708 1309 766 quo
1325 708 1408 764 quum
1424 690 1528 754 eadem,

264 794 333 851 quae
349 778 502 840 orientales,
523 778 556 835 dc
572 779 618 835 illo
635 779 814 843 denuntiaret,
837 778 911 835 Velix
931 780 958 834 iu
979 778 1080 852 templo
1096 777 1168 834 Petri
1183 778 1370 852 apostolorum
1385 775 1530 850 lxoripbael

264 871 429 938 congregata
443 863 548 938 synodo
570 864 638 920 duos
660 866 803 939 episcopos
824 882 855 921 ac
875 863 1044 920 defensorem
1060 862 1322 937 Constantinopolim
1346 878 1407 918 cum
1428 861 1530 917 litteris

264 948 371 1022 legavit,
393 951 438 1024 qui
460 950 568 1005 Petrum
584 949 712 1024 llongum
737 966 786 1005 eeu
807 951 970 1006 haereticum
985 947 1143 1004 Alexandria
1164 947 1324 1019 ejiciendum
1345 965 1404 1004 esse
1425 946 1529 1003 Zenoni

263 1034 415 1109 dcacioque
429 1034 621 1109 significarent.
639 1034 741 1103 Quibus
753 1033 1054 1108 concinitlivagriuslll,
1065 1034 1112 1097 18,
1130 1042 1262 1108 quatenus
1277 1032 1384 1089 libellos
1398 1031 1530 1088 adversus

264 1120 387 1174 acacium
402 1136 417 1174 a
430 1120 552 1176 Jolvanne
569 1119 659 1182 Velici,
682 1137 736 1176 non
752 1120 903 1194 Simplicio,
925 1127 1063 1194 porrectas
1079 1119 1172 1182 docet,
1195 1125 1276 1193 atque
1297 1119 1338 1173 bis
1359 1116 1531 1174 excutiendis

264 1203 390 1260 indictam
411 1213 440 1260 et
460 1204 618 1261 celebratam
634 1205 776 1279 synodum,
799 1223 830 1260 ex
853 1222 905 1280 qua
919 1204 1011 1261 Vitalis
1027 1204 1190 1260 Troentinus
1211 1212 1238 1259 et
1259 1203 1375 1260 blisenus
1393 1202 1531 1257 Cumanus

264 1291 385 1363 episcopi
402 1307 463 1346 cum
475 1289 564 1346 Felice
582 1289 727 1347 defensore
739 1290 864 1366 delegati,
879 1292 925 1364 qui
940 1290 1043 1346 litteras
1059 1290 1213 1363 imperatori
1228 1288 1363 1345 deierrcut
1378 1297 1406 1343 ct
1417 1286 1531 1343 Romam

264 1383 408 1432 evocarent
423 1377 561 1437 Acacium,
580 1392 687 1438 eorum,
712 1393 780 1451 quae
800 1378 850 1451 ipsi
866 1376 1002 1432 lohannes
1019 1373 1175 1446 objiciebat,
1193 1375 1326 1430 rationem
1347 1372 1529 1429 redditurum.

264 1458 366 1528 Quibus
382 1460 470 1516 verbis
485 1458 615 1534 Euagrius
630 1469 799 1536 postremum
814 1478 847 1518 ex
862 1463 903 1517 bis
921 1469 1038 1535 quatuor
1058 1461 1166 1534 scriptis
1188 1458 1259 1514 haud
1282 1457 1396 1515 obscure
1417 1457 1531 1514 indicat.

264 1544 381 1601 l’rimum
402 1562 466 1601 vero
488 1544 610 1601 Gelasius
632 1546 732 1602 diserte
754 1545 844 1602 laudat
865 1546 915 1602 sub
937 1552 1067 1602 tractatus
1081 1545 1104 1600 ll
1125 1545 1246 1607 initium,
1266 1543 1415 1600 seeundum
1437 1543 1533 1599 Victor

265 1630 481 1705 Cartlvaginensis
503 1632 647 1705 episcopus
675 1641 703 1688 et
723 1631 851 1688 blartinus
867 1649 935 1706 papa
951 1630 971 1688 l.

349 1715 378 1772 3.
418 1715 470 1772 Pro
493 1724 568 1772 textu
590 1716 706 1791 denique
727 1717 902 1791 epistolarum
920 1718 935 1772 1
953 1717 1010 1772 et2
1033 1716 1173 1790 permultis
1195 1732 1226 1771 ex
1247 1713 1367 1789 partibus
1389 1712 1533 1770 laborante

264 1802 436 1857 coustantius
458 1800 562 1857 nullum
582 1801 701 1858 codicem
728 1800 854 1858 adbibere
870 1803 968 1876 potuit,
990 1800 1135 1865 {iurandus
1151 1808 1241 1857 autem
1262 1798 1345 1856 semel
1363 1807 1468 1855 tanturn
1491 1797 1534 1871 (ac

264 1888 355 1943 nescio
371 1904 404 1942 an
420 1885 543 1959 erronee)
559 1885 744 1962 Remigianum
756 1904 806 1943 ms.
823 1886 922 1943 laudat.
954 1885 1036 1943 Nobis
1057 1903 1118 1942 eum
1141 1885 1173 1941 ad
1196 1894 1312 1960 quatuor
1331 1885 1534 1958 praestantissi-

264 1989 369 2028 morum
385 1973 574 2046 exemplarium
591 1974 719 2029 trutinam
735 1968 830 2029 voraie
846 1973 931 2034 licuit,
959 1972 1081 2028 videlicet
1096 1970 1269 2028 barberinum
1286 1970 1377 2034 2888,
1403 1969 1534 2025 Vaticana

267 2056 347 2114 1342
368 2066 396 2114 et
416 2057 498 2114 5845
528 2066 554 2113 et
576 2058 775 2114 vallicellanum
797 2057 854 2115 aa.
885 2057 960 2114 Unde
981 2058 1088 2113 ‹lemum
1110 2056 1168 2127 ejus
1189 2057 1373 2131 integritatem
1395 2054 1427 2110 ab
1452 2056 1534 2111 innu-

265 2144 344 2199 meris
366 2142 469 2200 mendis
492 2144 634 2200 teterrimis
651 2146 802 2200 restitutam
819 2160 888 2206 esse,
910 2144 1024 2217 quisque
1045 2142 1078 2198 ad
1098 2142 1233 2198 editorum
1252 2142 1365 2198 sormam
1385 2141 1534 2198 conserens

265 2228 342 2286 lacile
357 2230 499 2285 invenerit.

409 2361 447 2421 In
468 2361 584 2422 Felicis
606 2361 752 2439 epistolas
774 2361 794 2422 8
816 2366 847 2422 et
868 2363 888 2421 4
911 2357 1136 2440 (‚‚Episcopati“
1158 2373 1185 2420 et
1200 2364 1315 2436 „Quaem
1330 2355 1429 2439 sibi‘).

165 2479 251 2548 [linc]
348 2481 423 2537 Licet
436 2499 485 2556 per
502 2483 612 2538 Vitalem
627 2492 655 2539 et
670 2483 799 2538 blisenuur
822 2485 991 2539 transmissae
1007 2482 1127 2557 adeoque
1143 2500 1204 2539 cum
1227 2482 1330 2539 duabus
1346 2482 1470 2556 epistolis
1486 2501 1535 2538 su·

264 2566 416 2641 perioribus
438 2570 615 2642 conscriptae,
642 2568 711 2623 lraud
735 2576 858 2624 tamena
881 2568 976 2642 legatis
1002 2576 1079 2623 erant
1100 2576 1162 2624 ante
1186 2568 1339 2630 tradendae,
1366 2584 1445 2641 quam
1469 2585 1536 2641 pro·

265 2652 382 2715 bassent,
399 2653 522 2708 Acacium
538 2670 640 2709 morem
661 2653 734 2709 nolle
750 2653 838 2709 lacere
859 2654 899 2715 iis,
921 2653 952 2708 ad
976 2670 1044 2726 quae
1065 2655 1153 2727 ipsum
1171 2653 1244 2710 Velix
1260 2653 1374 2728 epistola
1390 2654 1535 2726 superiore

265 2738 434 2794 adhortatur.

544 2872 582 2932 In
602 2871 715 2932 Felicis
739 2871 902 2951 epistolam
922 2872 941 2932 5
964 2870 1091 2953 (June
1108 2868 1252 2954 noster“).

200 2991 252 3059 [ni]
350 2993 444 3050 Exstat
459 2995 486 3050 in
502 2992 595 3050 iisdem
612 2997 721 3051 oxnnino
738 2995 943 3069 exemplaribus,
960 2998 987 3052 in
1004 2996 1101 3069 quibus
1116 3004 1254 3071 postrema
1266 2995 1394 3069 Simplicii
1409 2994 1441 3048 ad
1458 3011 1537 3050 earni-

266 3079 328 3135 dexu
343 3079 477 3135 Zenonem
493 3080 616 3154 epistola.
648 3080 711 3136 ideo
727 3098 791 3136 vero
807 3081 932 3136 buccam
949 3081 1105 3145 relerinvus,
1130 3081 1203 3155 quod
1224 3082 1298 3154 prius
1315 3079 1385 3135 lraud
1401 3078 1483 3136 tlxrlrie
1499 3081 1535 3136 sit

266 3163 376 3220 aVelice
392 3166 553 3238 conscripta,
572 3183 650 3239 quarn
657 3166 772 3221 Zenonis
788 3165 885 3222 litteris
901 3175 1063 3241 praeventus
1079 3175 1160 3229 esset,
1178 3183 1227 3222 nec
1242 3164 1381 3240 probabile
1393 3173 1444 3228 est,
1461 3182 1535 3229 eum,

266 3252 309 3305 cui
325 3249 420 3306 Felicis
436 3249 564 3307 decessor
579 3252 661 3307 vicem
677 3268 753 3307 suam
768 3250 820 3306 illis
837 3253 864 3306 in
880 3251 1037 3327 regionibus
1052 3253 1238 3327 delegaverat,
1259 3251 1305 3306 diu
1321 3250 1453 3307 salutandi
1470 3253 1535 3307 novi

267 3334 402 3409 pontilicis
418 3334 509 3392 oilvcio
525 3335 653 3392 doluisse,

567 3470 605 3531 In
625 3469 738 3531 Felicis
762 3469 925 3547 epistolam
946 3469 966 3529 6
989 3466 1229 3552 („d1ultnrnm“).

165 3587 170 3653 Ι
177 3586 254 3655 iiviri
352 3591 379 3646 1.
411 3590 587 3648 Celeberrima
608 3593 673 3648 baec
694 3591 809 3666 epistola
829 3593 855 3651 in
877 3593 995 3649 editione
1016 3592 1133 3649 Romana
1154 3600 1264 3649 notatur
1285 3609 1325 3649 eac
1346 3594 1503 3649 Craseorrio
1515 3586 1537 3665 ¹)

265 3676 410 3749 descripta.
453 3676 507 3733 Nos
534 3694 591 3733 eam
617 3679 766 3752 reperimus
792 3678 818 3733 in
843 3676 979 3734 veteribus
1001 3695 1066 3734 mss.
1090 3678 1258 3735 collectionis
1280 3676 1484 3744 Quesnellianae
1508 3687 1537 3734 ct

266 3761 398 3835 llispanae
412 3761 563 3836 isidorique
577 3761 781 3835 exemplaribus.
812 3762 954 3820 Praeterea
975 3771 1031 3820 tota
1052 3765 1154 3819 inserta
1169 3771 1211 3818 est
1227 3765 1311 3818 veteri
1327 3778 1460 3818 canonum
1477 3763 1536 3820 col·

265 3846 376 3902 lectioni
396 3854 458 3902 ante
472 3847 568 3904 isidori
591 3865 683 3904 aevum
706 3850 894 3912 concinnatae,
917 3848 994 3919 cujus
1016 3848 1122 3923 quidem
1144 3847 1266 3923 exempla
1287 3849 1313 3904 in
1330 3846 1487 3903 Colbertina
1508 3857 1538 3904 ct

266 3931 427 3988 Coisliniana
441 3931 611 3989 bibliothecis
626 3935 756 3990 asservari
768 3933 823 4005 jam
841 3933 1056 3997 observavimus,
1088 3929 1153 4011 [nec
1174 3950 1228 3989 nen
1251 3934 1439 3989 vetustissimis
1460 3933 1537 3990 eodi-

266 4016 341 4075 cibus
357 4016 500 4074 Barberiuo
513 4018 604 4082 2888,
626 4019 756 4075 Vaticanis
775 4018 855 4076 1342
871 4028 898 4076 et
914 4019 996 4077 5845
1012 4027 1093 4093 atque
1110 4019 1258 4075 Veronensi
1273 4012 1340 4094 46].
1376 4017 1439 4073 Eam
1456 4017 1538 4074 Libe·

265 4112 340 4160 ratus
355 4102 467 4160 breviar.
485 4121 508 4160 c.
519 4104 558 4161 18
575 4108 751 4177 scripturam
772 4121 821 4161 seu
837 4108 970 4162 chartam
989 4108 1181 4162 damnationis
1196 4113 1283 4161 vocat.
1320 4103 1350 4159 iu
1370 4102 1538 4160 collectione

267 4187 404 4256 Quesnelli
419 4191 442 4245 is
458 4191 482 4244 ei
503 4189 598 4245 titulus
613 4189 788 4265 praefigitur:
809 4191 845 4248 Ia
862 4193 1045 4248 damnatione
1062 4193 1166 4247 Aeacii
1185 4189 1222 4264 (in
1239 4189 1257 4244 2
1271 4206 1334 4245 mss.
1351 4189 1398 4245 De
1413 4190 1536 4245 damna-

267 4278 342 4331 tione
358 4273 443 4346 ejus),
460 4276 537 4348 qaod
550 4277 706 4332 haereticis
727 4292 818 4333 artavis
840 4279 876 4332 sit
892 4280 1114 4333 commonicare.
1146 4277 1234 4349 Atque
1251 4275 1316 4330 baec
1331 4273 1440 4347 quidem
1456 4291 1538 4348 prac-

266 4361 344 4432 cipua
360 4358 501 4416 (lamnandi
517 4362 604 4416 Aeacii
619 4378 698 4417 causa
718 4362 779 4417 luit.
817 4365 851 4418 nt
866 4361 930 4416 alias
946 4363 1025 4418 ctiam
1041 4360 1116 4417 l'elix
1132 4362 1194 4416 huic
1208 4361 1357 4435 praemittit
1373 4361 1536 4423 sententiae,

267 4461 346 4518 quam
363 4442 490 4502 adversus
506 4462 567 4501 eum
582 4447 750 4520 pronuntiat.
781 4447 838 4502 lam
854 4448 938 4520 prima
954 4446 1013 4516 ejus
1032 4445 1125 4502 verba:
1149 4446 1309 4502 Medorum
1325 4449 1536 4517 transgressio-

267 4547 334 4585 num
350 4535 491 4601 reperiris
506 4533 657 4603 obnoxias,
675 4549 730 4588 non
746 4531 933 4587 unumdcacio
944 4530 1046 4587 crimen
1062 4531 1197 4602 objectum
1213 4547 1273 4586 esse
1289 4529 1415 4586 indicant.
1434 4528 1538 4587 Deinde

267 4630 351 4687 quum
366 4614 470 4672 subdit:
485 4621 514 4674 in
531 4619 704 4675 averrerabilis
719 4620 835 4674 concilii
850 4618 975 4674 Nicaeni
989 4610 1159 4675 contumelia
1175 4632 1264 4689 saepe
1277 4622 1410 4672 versatas
1422 4617 1537 4672 aliena·

266 4718 331 4755 rum
351 4702 400 4755 tibi
416 4706 635 4774 provinciaram
649 4707 726 4777 jura
748 4707 900 4759 temerarie
921 4706 1088 4773 vindicasti,
1113 4701 1246 4763 ostendit,
1270 4703 1393 4757 Acacium
1411 4701 1457 4771 jus
1484 4700 1537 4758 sibi

337 4867 356 4932 ¹)
374 4864 425 4919 usa
436 4865 588 4920 Vaticanus
602 4871 676 4931 1353,
695 4867 726 4918 ul
739 4866 800 4932 jam
818 4865 928 4935 saepius
946 4865 1159 4942 observavimus,
1170 4864 1256 4932 ,eujus
1268 4862 1439 4934 exemplaria
1449 4862 1537 4934 longe

267 4933 423 4990 vetustiora
439 4933 651 4990 anlieallenum
668 4935 721 4988 At>
740 4935 769 4988 ci
785 4932 953 4989 Vaticanum
971 4940 1039 4990 5845
1056 4933 1227 4989 contulimus.
