3204 5506
641 371 841 420 rnnorsrus
866 374 915 419 111.
1350 358 1414 424 553

152 517 194 582 sed
214 522 340 610 videte,
364 526 447 611 quod
470 525 590 590 dictum
614 529 677 610 est3
704 526 815 590 intulit
837 527 938 591 enim:
961 540 990 592 et
1012 532 1160 592 habitauit
1174 534 1204 591 in
1226 535 1319 593 nobis.
1343 528 1413 594 Hoo

153 621 204 683 est:
229 622 313 693 illud
335 629 488 709 Verbum,
512 629 595 712 quod
619 650 748 691 earnem
771 629 954 713 assumpsit,
983 630 1043 695 hoe
1065 630 1224 695 habitavit
1251 631 1286 694 in
1308 631 1412 714 nobie,

154 720 201 783 h00
232 734 286 794 est
305 732 338 795 in
367 753 464 796 earne
486 730 645 794 habitavit
679 732 829 794 humana.
875 732 1002 796 Miraris
1030 734 1136 817 itaque
1164 733 1196 795 in
1231 733 1301 815 hoc,
1330 734 1424 816 quod*

156 822 303 907 scriptum
324 837 387 896 est:
417 837 545 897 Verbum
568 854 643 896 caro
662 837 783 909 suctum
806 845 860 915 est,
886 856 981 898 carue
997 838 1161 919 assumpta
1177 857 1196 898 a
1211 834 1279 898 Deo
1294 833 1412 916 Verbo,

155 932 279 1006 quando
299 939 331 999 et
352 935 392 999 de
414 938 557 1019 peccato,
587 934 670 1018 quod
699 957 766 998 non
789 934 911 1018 habuit,
936 935 1056 1000 dietum
1079 940 1144 1001 est:
1172 944 1225 1015 qui
1241 941 1348 1014 sectus
1370 920 1512 1043 ‘miscell'

148 1045 323 1112 peccatum
345 1060 413 1101 nou
434 1040 552 1100 natura
575 1039 607 1099 et
629 1037 814 1120 operatione
836 1041 1004 1120 peceatum
1026 1039 1131 1102 faetus
1148 1041 1205 1121 est,
1230 1038 1285 1102 sed
1308 1042 1344 1102 ut
1359 1062 1413 1102 no·
1450 1030 1456 1054 ’
1496 1030 1502 1042 ’

149 1129 255 1202 Situm
273 1142 439 1224 peceatum
462 1140 496 1203 iu
519 1161 576 1202 sua
599 1138 801 1223 crucifigeret
824 1162 929 1203 carne.
961 1140 1157 1205 Abstineant
1179 1141 1286 1224 itaque
1308 1140 1413 1204 dicere

150 1226 252 1305 Verbi
272 1245 420 1306 naturam
441 1241 476 1305 iu
501 1241 605 1305 carnis
634 1245 785 1305 naturam
813 1263 881 1306 esse
904 1264 1104 1325 eonversam3
1135 1242 1220 1305 aliud
1252 1245 1301 1305 est
1328 1243 1414 1306 enim

141 1338 232 1414 quod
256 1344 438 1428 assumpsit,
462 1347 494 1407 et
516 1344 601 1407 aliud
623 1344 705 1428 quod
731 1348 929 1428 assumptum
952 1347 1009 1408 est.

231 1446 283 1511 31.
307 1450 459 1511 Johuuuis
474 1450 610 1527 episcopi
626 1451 960 1530 constantinopolitani
979 1450 1014 1511 iu
1035 1450 1228 1529 evangelium
1248 1452 1415 1513 seeundum

131 1539 329 1613 Johuuuem.
359 1548 561 1632 Quapropter
576 1571 673 1632 quum
696 1548 843 1633 audieris,
868 1550 942 1633 quia
972 1555 1099 1614 Verbum
1121 1571 1197 1615 cero
1215 1553 1337 1626 [netum
1360 1563 1414 1634 est,

129 1659 205 1709 11011
236 1650 436 1715 conturberis
459 1671 519 1714 nec
543 1652 702 1716 concidas.
732 1651 807 1715 Non
829 1651 914 1715 eninr
937 1651 1118 1714 substantia
1134 1652 1168 1714 in
1185 1672 1313 1715 carnem
1328 1655 1415 1716 tran·

126 1741 211 1832 siit,
242 1752 302 1818 hoe
325 1752 411 1818 enim
434 1752 609 1835 impietatis
637 1756 685 1817 est
712 1754 853 1835 ultimae,
883 1752 938 1816 sed
968 1775 1101 1816 manens
1129 1754 1212 1837 quod
1240 1759 1304 1836 est,
1334 1754 1416 1818 servi

123 1842 283 1918 f⁰rmam
306 1855 489 1939 assumpsit.

231 1961 376 2041 Ejusdem
396 1964 465 2038 post
485 1977 594 2038 pauca.
640 1957 735 2039 Audi,
764 1961 874 2040 iuquit,
904 1957 1151 2041 evangelistam
1180 1957 1292 2021 intulit
1314 1957 1416 2022 euim:

121 2062 372 2124 etenensium
394 2064 424 2122 in
447 2065 541 2141 nobis,
565 2058 626 2124 hoo
648 2059 748 2122 solum
772 2082 857 2123 nunc
880 2059 999 2140 dicens,
1029 2058 1109 2122 nihil
1130 2060 1343 2143 incongruum
1366 2083 1416 2123 su-

121 2154 281 2234 spieeris
302 2162 338 2225 in
361 2181 408 2242 eo,
438 2161 522 2244 quod
545 2161 592 2225 ait
608 2165 726 2239 saelum
748 2174 801 2226 est.
847 2160 920 2224 Non
954 2160 1040 2224 enim
1069 2162 1308 2225 conversionem
1336 2162 1417 2225 dixit

121 2251 236 2326 illius
256 2262 510 2328 inconvertibilis
532 2267 679 2346 naturae,
708 2263 762 2327 sed
792 2263 1060 2327 inhabitationem
1088 2267 1120 2326 et
1147 2264 1414 2348 permansionem.

122 2352 240 2429 Quod
264 2368 371 2429 autem
393 2364 568 2447 inhabitat,
592 2388 657 2429 non
680 2366 763 2429 idem
786 2370 834 2429 est
856 2365 940 2449 quod
956 2364 1184 2448 habitaculum,
1208 2365 1264 2429 sed
1281 2367 1417 2430 alterum

122 2453 161 2520 ln
195 2466 309 2531 altero
332 2466 505 2549 inhabitat,
531 2467 672 2551 alioquin
680 2467 719 2550 64)
741 2490 806 2530 nou
830 2467 890 2530 crit
912 2466 1080 2530 habitatio.

237 2569 287 2633 32.
331 2573 488 2635 Euetuthii
510 2573 647 2650 episcopi
671 2574 854 2634 lubecheui
875 2579 984 2635 eontra
1005 2573 1148 2635 Amanus.
1194 2570 1292 2653 Deus,
1315 2573 1420 2652 inquit

125 2657 293 2735 Verbum
316 2671 459 2736 eamdem
482 2693 578 2755 quam
600 2671 729 2756 genitor
751 2674 858 2755 portat
880 2672 1066 2757 imaginem.
1090 2672 1203 2757 Imago
1226 2673 1344 2757 quippe
1366 2695 1417 2736 ex·

127 2762 268 2838 Sistens
295 2774 423 2839 divinae
451 2773 661 2856 substantiae,
692 2796 801 2836 verum
829 2777 936 2838 autem
964 2775 1032 2857 ejus
1061 2776 1215 2859 templum
1244 2775 1338 2838 homo
1367 2798 1418 2837 ex·

130 2865 279 2960 sistens,
312 2898 377 2942 non
407 2876 491 2940 idem
519 2877 602 2959 quod
635 2876 747 2960 templi
776 2876 952 2940 fabricator
985 2881 1048 2959 est,
1085 2877 1231 2941 dissimili
1264 2881 1352 2941 ortus
1380 2898 1418 2941 ex
1468 2943 1470 2945 ,

134 2987 280 3050 genere.
673 3039 679 3052 ,

240 3084 350 3146 Rursus
366 3084 504 3163 ejusdem
518 3089 716 3162 postpauca:
740 3080 799 3145 Sed
816 3081 985 3164 potestatis
1001 3081 1203 3164 majestatem
1218 3081 1419 3145 introducere

141 3174 273 3265 γ018113,
297 3183 451 3266 elipeum
467 3204 580 3266 corpus
603 3183 830 3248 mortificatum
852 3183 905 3246 hic
920 3183 1036 3247 Filium
1051 3183 1141 3265 dixit,
1166 3184 1270 3266 ipsum
1293 3183 1419 3266 quidem

146 3273 360 3350 sublimitatis
375 3307 493 3350 nomen
508 3285 688 3368 imponens,
712 3285 744 3348 id
768 3291 826 3368 cst,
850 3284 1028 3349 habitantis
1044 3286 1078 3348 in
1094 3308 1130 3350 eo
1147 3286 1206 3350 Dei
1229 3285 1418 3348 decibiliter.

239 3387 274 3452 Et
294 3395 366 3469 post
387 3407 499 3469 pauca:
521 3386 604 3451 Puto
628 3391 745 3470 autem,
773 3393 882 3469 iuquit,
904 3409 964 3451 nec
987 3387 1100 3450 insane
1123 3389 1291 3471 quisquam
1319 3390 1350 3450 et
1371 3386 1420 3450 fu-

149 3472 236 3545 riose
256 3488 471 3554 debacchatus
493 3489 609 3553 dixerit
632 3490 813 3575 aliquando,
838 3490 912 3573 quia
935 3489 1112 3553 divinitatis
1128 3489 1294 3575 plenitudo
1309 3490 1421 3553 mortis

147 3591 246 3678 lma
269 3591 472 3676 dispendium
500 3595 559 3655 est.
605 3591 693 3677 Ergo
722 3593 892 3656 vesaniunt
914 3596 947 3656 et
968 3591 1167 3655 bacchantur
1196 3595 1228 3655 et
1249 3592 1362 3656 furunt
1389 3596 1421 3655 et

146 3690 319 3758 1118alliunt
342 3697 375 3757 et
403 3693 468 3756 suis
497 3692 658 3758 mentibus
682 3698 896 3778 excesserunt,
925 3694 980 3778 qui
1007 3694 1075 3757 Deo
1104 3693 1211 3758 Verbo
1239 3695 1421 3778 passionem

145 3782 314 3861 ”reboare
336 3799 555 3880 praesumunt.

143 3974 149 3985 ο
230 3895 276 3964 Et
296 3909 369 3981 post
389 3900 551 3985 pauca⁶⁵):
574 3898 607 3963 Si
631 3900 768 3963 enimin
795 3904 920 3977 Christo,
945 3904 1052 3981 inquit,
1072 3905 1232 3980 plenitudo
1256 3906 1554 3974 revertententes.

138 3979 311 4079 libabam,
336 4001 474 4085 primum
497 4001 625 4085 quidem
648 4002 734 4064 aliud
757 4002 902 4086 estquod
918 4001 1091 4083 inhabitat,
1116 4002 1201 4065 aliud
1217 4005 1323 4064 autem
1338 4001 1421 4084 quod

135 4073 365 4166 lllhabit-atur.
405 4101 438 4166 Si
462 4108 570 4167 autem
592 4108 727 4167 naturae
750 4104 901 4167 differunt
923 4105 964 4167 ab
988 4104 1160 4184 alterutris
1184 4125 1287 4186 neque
1310 4102 1421 4165 mortis

132 4187 337 4268 passionem
360 4225 463 4288 neque
487 4205 549 4269 cibi
573 4206 751 4290 appetitum
780 4228 883 4289 neque
914 4205 1099 4288 poculorum
1128 4204 1326 4285 desiderium,
1356 4224 1422 4265 non

129 4288 309 4383 ΒοῙῙΠΙιιιῐι,
334 4328 400 4369 non
423 4306 599 4392 tristitiam,
623 4331 690 4372 non
712 4307 948 4392 fatigationem,
978 4329 1043 4372 non
1072 4308 1285 4390 lacrymarum
1307 4305 1420 4386 fluxus,

127 4403 457 4455 N.—

204 4498 256 4575 ⁸⁴)
273 4511 314 4564 lh(
332 4526 435 4579 graeco
453 4513 600 4566 revocatur
618 4529 670 4566 vor
688 4518 800 4583 alioquin
818 4511 894 4581 prius
913 4510 1021 4564 omissa.

121 4636 158 4694 ad
202 4583 256 4660 ⁶³)
273 4594 474 4650 Testimonium
492 4596 557 4663 hoc,
582 4598 612 4649 ut
626 4597 687 4664 jam
705 4616 731 4650 n.
747 4604 777 4652 18
796 4595 990 4667 praemissum,
1019 4593 1190 4664 supprimere
1208 4593 1251 4646 las
1270 4593 1344 4658 erat,
1374 4591 1424 4645 sed

158 4663 330 4758 *Praestos
348 4680 378 4734 in
395 4697 450 4734 uno
469 4688 636 4750 lncrprnnrum
651 4687 738 4749 duales
761 4684 790 4736 et
807 4681 835 4734 i11
853 4682 942 4735 altero
961 4687 1127 4749 laerymarum
1146 4683 1293 4747 effusiones,
1317 4678 1345 4731 in
1368 4695 1423 4731 uno

132 4740 246 4853 emm?
264 4769 324 4820 haee
342 4771 499 4835 applicanda
516 4773 621 4821 seorsim
638 4779 704 4828 ureret,
729 4769 757 4821 et
774 4767 801 4819 in
820 4767 908 4820 altero
927 4770 1019 4819 honuni
1035 4785 1095 4819 vero
1113 4769 1176 4817 baec
1193 4769 1349 4832 applicanda
1366 4773 1425 4816 earet

117 4819 132 4865 p
152 4832 263 4903 ⁰9²1}
287 4850 356 4921 legi,
383 4867 416 4904 ac
433 4853 581 4920 praeterea
599 4851 672 4906 istud
690 4853 775 4922 paulo
793 4851 904 4913 brevius
928 4867 986 4905 esse
1004 4849 1105 4917 altero,
1130 4851 1161 4903 ut
1178 4849 1248 4905 haec
1266 4846 1424 4903 differentia

116 4899 300 5004 appa»reat
318 4936 495 4991 retinendum
513 4936 647 4991 duximus.
