3204 5506
585 373 755 423 arrsroai
781 365 809 421 1.
1271 359 1335 425 289

132 531 210 604 pratri
218 523 310 589 dicitnr
329 532 517 604 constitutus,
548 530 583 590 ut
605 527 708 590 eidem
730 528 968 612 subrogaretur,
993 529 1043 591 eui
1065 550 1229 612 nunquam
1253 553 1334 594 corn·
1348 534 1455 599 (tt-488¹

130 625 257 709 nuncarit,
271 631 307 690 et
328 650 348 690 a
370 651 432 713 quo
453 629 665 714 postulatus⁵)
689 633 738 693 est
759 630 887 714 lougius
909 631 1023 694 debere
1045 632 1194 715 relegari.
1346 605 1453 669 -489.)

183 729 205 791 3.
229 727 254 794 si
273 729 438 812 juraverat
446 733 473 818 6)
501 731 668 795 Johannes
700 754 766 795 non
795 754 828 796 se
856 733 999 796 futurum
1032 733 1225 818 episcopum,
1261 758 1335 818 quo-

127 829 187 892 modo
202 833 227 894 tu
244 832 396 896 mandasti
425 839 549 912 dippum
572 856 644 909 esse,
667 841 719 898 eui
743 842 866 915 majora
893 843 1157 909 committerentur,
1188 858 1268 916 quae
1294 844 1337 901 ud

124 935 311 1008 idemtiouem
338 941 486 1000 ecclesiae
504 943 714 1015 pertinerent?
743 936 846 1020 Supra
868 938 1089 1021 presbyterum
1112 939 1188 1022 quid
1205 941 1254 1003 est
1268 962 1335 1002 ma-

121 1032 155 1112 ju
169 1034 196 1131 ad
213 1035 352 1099 ecclesiae
373 1038 640 1121 gubernationem
662 1038 725 1101 nisi
748 1039 974 1123 episcopatus?
997 1039 1030 1103 Si
1060 1040 1235 1124 jiuaverat,
1260 1064 1335 1124 quo-

123 1134 181 1198 modo
200 1135 248 1201 boc
271 1139 430 1202 mandas?
455 1139 500 1202 nt
521 1141 546 1204 si
568 1141 749 1223 juraverat,
779 1164 834 1204 cur
856 1141 945 1204 illum
969 1143 1153 1225 exposuisti,
1186 1147 1223 1206 ut
1245 1143 1336 1206 fieret

122 1240 193 1299 contra
210 1240 283 1322 quod
301 1242 491 1324 juraverat?
512 1243 581 1305 Aut
603 1244 629 1305 si
651 1243 774 1306 factum
797 1244 950 1326 estquod
972 1245 1144 1327 mandasti,
1174 1245 1248 1328 quid
1273 1246 1335 1308 ira-

120 1338 187 1421 sceris,
205 1341 270 1424 quid
293 1342 384 1406 illum
405 1345 464 1407 tibi
488 1344 568 1408 dicis
589 1345 760 1428 pejerasse,
784 1368 881 1428 quum
895 1347 1017 1409 factum
1040 1346 1092 1428 sit,
1117 1347 1201 1430 quod
1216 1369 1250 1410 se
1269 1370 1336 1410 uon

116 1438 229 1520 jusserat
249 1465 316 1508 esse
338 1445 513 1529 factumm3
537 1469 632 1529 quum
655 1451 690 1510 tu
713 1469 784 1511 euru
806 1447 867 1510 hoe
888 1449 958 1511 fieri
980 1449 1094 1512 debere
1109 1449 1336 1514 mandaveris?

118 1541 288 1625 ipocrisarius
310 1551 390 1630 erat,
414 1549 522 1611 omnia
543 1547 704 1631 adipsum
726 1550 943 1634 pertinebant,
967 1551 1075 1614 omnia
1092 1550 1245 1614 ecclesiae
1268 1553 1335 1635 ipse

118 1648 205 1728 merit,
232 1649 338 1732 potior
369 1650 426 1713 illo
458 1651 543 1713 inter
576 1651 707 1714 clericos
742 1651 977 1716 Alexandrinos
1006 1654 1112 1716 nullus
1142 1652 1335 1717 habebatur:

117 1742 192 1812 baare
213 1752 379 1835 presbyter
406 1757 490 1834 erat3
518 1774 615 1835 supra
641 1754 717 1837 quid
745 1755 773 1818 ei
802 1754 971 1817 adderetur
999 1755 1040 1817 ad
1068 1755 1337 1839 gubernationem
1434 1735 1438 1752 .

117 1849 234 1935 alaim,
269 1853 346 1938 quid
373 1855 403 1918 ei
430 1855 566 1938 amplius
594 1856 786 1938 adjiceretur
813 1857 875 1919 nisi
904 1857 1128 1940 episcopatus?
1161 1857 1209 1920 'l'u
1237 1858 1337 1942 igitur

117 1969 160 2014 tum
175 1954 344 2039 episcopum
367 1979 435 2021 esse
463 1958 601 2040 voluisti,
626 1958 775 2042 quicum
803 1981 900 2043 supra
928 1982 1023 2042 quam
1051 1962 1120 2022 erat
1149 1958 1223 2041 (trec
1250 1960 1336 2023 alind
1367 1947 1369 1950 ’

117 2055 221 2139 mabit,
241 2058 305 2121 nisi
327 2062 364 2122 ut
387 2062 471 2122 esset
493 2060 674 2144 episeopus)
697 2082 766 2124 esse
788 2060 902 2123 debere
925 2061 1096 2124 mandasti.

168 2158 190 2221 i.
215 2158 313 2223 Miror
337 2164 462 2244 autem,
492 2162 519 2224 si
548 2170 753 2226 necessitatem
761 2164 786 2248 ⁷)
809 2171 931 2242 potitur
953 2163 1136 2247 imperator,
1166 2186 1207 2226 ue
1236 2164 1337 2248 pellat

119 2252 212 2340 Petam,
231 2265 264 2324 et
285 2284 384 2325 unum
399 2263 561 2327 hominem
577 2266 802 2329 necessitatem
818 2266 942 2349 perpeti
960 2289 1025 2328 nou
1043 2266 1183 2348 potuisse
1207 2269 1336 2329 eonten-

120 2355 158 2439 ut,
173 2364 200 2424 ut
216 2363 303 2427 fieret
326 2366 409 2448 quod
431 2366 562 2429 nolebat
583 2367 713 2431 invitus.
759 2366 841 2430 Nam
872 2370 904 2430 et
930 2368 999 2451 ipse
1021 2369 1209 2451 imperator,
1240 2391 1337 2452 qurum

120 2462 291 2529 numinum
312 2468 506 2551 praetendit,
529 2469 649 2532 malum
672 2492 740 2533 esse
763 2469 885 2551 definit,
915 2471 998 2553 quod
1026 2469 1217 2533 necessitate
1245 2470 1335 2553 facit,

121 2556 194 2628 locem
212 2589 241 2630 se
261 2567 323 2632 hoc
345 2570 431 2633 nolle
454 2571 560 2634 facere
584 2573 757 2654 voluntate,
783 2574 815 2635 ot
837 2572 907 2655 pati
930 2576 1067 2636 testatur
1088 2571 1219 2636 invitus.

171 2666 193 2730 t.
221 2668 253 2733 si
273 2693 444 2754 personam
472 2673 561 2737 Petri
584 2675 798 2737 excusandam
827 2674 964 2756 putatia,
995 2674 1166 2756 probamus
1194 2675 1335 2757 noxiam,

123 2758 264 2835 maiam
295 2778 391 2858 atque
423 2775 618 2839 damnatam.
664 2775 697 2840 Si
730 2784 762 2840 iu
794 2783 954 2854 sequestris
986 2775 1084 2839 fuisse
1112 2777 1335 2860 praetenditis

123 2873 206 2950 Propter
223 2875 406 2939 scandalum
428 2876 596 2941 Timotheo
612 2879 770 2941 catholico
786 2877 1040 2961 subrogandum,
1063 2899 1123 2939 uec
1142 2879 1253 2941 Aeacii
1276 2878 1337 2941 hoc

124 2968 224 3060 eaput)
244 2980 415 3062 testantur,
439 2980 493 3063 qui
516 2979 594 3043 dicit
617 2979 790 3062 evidenter,
817 3002 872 3043 eur
893 2980 992 3042 fuerit
1014 2979 1168 3061 exclusae,
1199 3002 1258 3041 uec
1280 2979 1337 3041 im-

124 3118 370 3145 *KQ——n—

125 3221 166 3276 (σε
178 3224 219 3282 Ubi
230 3248 312 3300 quum
325 3248 466 3287 successor
480 3234 541 3302 jam
560 3237 683 3288 exactius
700 3255 779 3302 super
797 3239 912 3301 destructi
929 3254 1023 3301 corpus
1042 3253 1118 3301 apere
1137 3232 1253 3296 dicatur,
1271 3234 1337 3286 aute

126 3303 264 3395 ‘imbutum
282 3317 387 3371 electus
400 3317 486 3372 inisse
505 3320 562 3373 sere
580 3318 698 3373 videtur.
729 3317 904 3385 Quamquam
922 3318 983 3371 aliis
999 3317 1028 3370 in
1047 3316 1167 3369 ecclesiis
1185 3318 1266 3382 (conf.
1280 3334 1337 3369 mo-

125 3389 227 3460 lturam.
240 3402 268 3454 in
278 3401 368 3456 Hilari
381 3402 461 3472 epist.
477 3411 508 3457 15
520 3422 545 3456 n.
560 3408 587 3472 a)
600 3406 629 3456 et
639 3403 805 3472 praesertim
817 3403 846 3455 in
858 3405 986 3457 Romana
998 3401 1134 3470 ejusmodi
1152 3402 1263 3466 electio,
1283 3420 1339 3470 qua

125 3472 247 3551 timmtm
259 3487 337 3554 quasi
349 3492 548 3542 ltuereditarium
561 3496 731 3557 conrpeudium
743 3501 887 3559 perterretur,
907 3487 1060 3555 antiquitus
1074 3486 1168 3551 vetita,
1188 3488 1273 3540 etiam
1286 3488 1336 3540 sub

126 3551 183 3644 Qu
192 3572 421 3645 synodoltomana
433 3590 505 3626 anuo
515 3580 566 3628 too
577 3573 727 3627 interdicta
740 3575 801 3626 erat
813 3573 877 3641 (ΗΠ.
890 3574 969 3641 epist.
984 3578 1013 3625 15
1024 3590 1045 3624 c.
1054 3576 1088 3639 3).
1109 3569 1200 3635 Quare
1212 3571 1338 3625 Gelasius

124 3640 219 3707 utram
233 3658 307 3711 reete
330 3659 555 3726 argumentatur:
579 3680 626 3713 nec
648 3664 697 3712 sibi
718 3665 853 3727 superstiti
870 3658 1053 3725 (Timotlstus)
1071 3663 1230 3711 sacerdotem
1248 3678 1338 3726 super·

126 3731 205 3790 riam
215 3748 300 3809 parsu.

164 3817 178 3884 ⁵)
193 3824 319 3880 moriem
337 3813 412 3881 enim
428 3835 533 3896 scripsit
550 3834 586 3882 cd
603 3849 695 3896 papum
709 3832 874 3897 Simplicium,
893 3836 979 3882 dicens
993 3833 1095 3881 Petrum
1109 3835 1164 3881 oiim
1183 3835 1207 3880 in
1220 3833 1338 3880 diaconio

126 3909 295 3974 trimatum,
369 3919 492 3966 mundans
509 3934 558 3982 per
576 3918 682 3966 Eritium
700 3920 856 3982 episcopum,
880 3934 989 3982 ropuns,
1013 3924 1040 3965 ut
1057 3917 1213 3965 scriberetur
1231 3918 1338 3979 impera·

127 3986 188 4042 ’Μ
202 3998 280 4063 Petro,
303 4004 364 4067 quia
380 4002 477 4052 latebat
495 4005 520 4051 in
539 4004 721 4052 Alexandrum
738 4005 839 4052 civitate
862 4012 886 4052 et
908 4003 1078 4051 insidiabatur
1095 4005 1232 4064 ecciesiae,
1256 4008 1281 4048 ut
1304 4003 1339 4048 ud

70 4094 72 4099 ’
127 4064 232 4142 *diutim
247 4087 428 4151 deportaretur
445 4089 560 4137 rusilium
579 4083 680 4149 (Getas.
700 4085 774 4136 tract
791 4085 803 4135 l
821 4102 847 4136 u.
862 4086 896 4153 8).

70 4182 73 4187 '
137 4229 141 4240 ¹
166 4157 248 4223 ‘iTue
264 4167 456 4243 juramentum
474 4167 594 4221 Jobauni
610 4169 733 4220 fautores
751 4167 827 4221 Petri
845 4168 1040 4237 imponebant,
1064 4169 1095 4220 ut
1113 4185 1146 4220 ex
1165 4166 1218 4218 fide
1236 4165 1337 4218 Zacha-

128 4240 282 4319 ”Mflvegrius
298 4254 350 4320 III,
369 4261 385 4307 2
403 4255 495 4308 refert.
533 4252 622 4316 Quam
639 4251 840 4306 incusationem
858 4255 963 4306 temere
987 4253 1121 4320 jactitem
1140 4249 1265 4304 Gelasius
1283 4250 1336 4318 epi-

129 4315 175 4376 ttlfl
187 4336 244 4390 ltu.
261 4344 289 4407 o,
306 4344 339 4392 at
357 4357 384 4392 n.
404 4346 420 4392 2
442 4337 554 4392 Graecis
577 4338 721 4406 exprobat.
743 4336 870 4401 -Quae
892 4340 1046 4406 sequuntur
1068 4337 1166 4402 verba,
1191 4353 1223 4386 ex
1246 4334 1340 4401 aliqua

128 4400 187 4464 Μ
198 4407 354 4489 epumu‘ao
372 4424 528 4477 iohannem
545 4423 589 4476 vel
608 4423 644 4476 ad
661 4423 823 4492 pontificem
836 4423 992 4476 Romanurn
1011 4423 1079 4475 data
1096 4421 1207 4489 sumpta
1225 4436 1284 4472 esse
1302 4418 1340 4472 vi-

128 4480 200 4564 mi,
212 4505 256 4560 nisi
271 4508 344 4564 forte
362 4509 398 4562 ad
417 4508 563 4578 epistolam
580 4492 758 4577 imperatorii
775 4509 858 4562 modo
878 4509 1020 4562 laudatam
1038 4506 1187 4576 pertinent.

169 4581 268 4662 'lflflepe
289 4595 440 4649 necessitas
463 4593 602 4662 quaedam
624 4593 787 4663 imperatori
809 4593 916 4662 imponi
937 4592 1187 4662 praetendebatur,
1211 4589 1276 4658 quia
1292 4610 1341 4658 per

127 4668 505 4789 fflmmtmttmopotituietni
524 4699 611 4733 nomeu
631 4683 723 4732 Aeacii
740 4685 863 4731 remoueri
881 4698 930 4731 riou
947 4686 1049 4735 liceret·
1068 4677 1138 4731 conf.
1153 4675 1242 4728 Gelas.
1260 4674 1339 4744 epist.

150 4757 209 4820 ³¹⁵.
223 4768 249 4816 u
264 4783 291 4818 n.
313 4768 353 4819 ιο.

70 4878 72 4901 i
171 4835 278 4902 troas
295 4849 407 4905 saeua
423 4848 519 4903 saca
540 4849 576 4903 aa
598 4848 771 4918 smpuaum
793 4848 911 4917 aptium
929 4847 1035 4915 (simpl.
1055 4864 1098 4916 ep.
1118 4851 1154 4914 s).
1174 4877 1206 4886 .-
1223 4846 1288 4898 uox
1305 4844 1342 4897 u³

70 4930 73 4945 '
128 4927 208 4978 “remu
217 4934 327 4990 Proterio
345 4941 468 4993 diacono.
488 4933 642 5002 quodcum
661 4934 735 4986 Matt'.
755 4933 930 4986 ruutavimus.
961 4928 1075 4985 Petruin
1093 4941 1119 4986 in
1137 4939 1254 4986 diaconio
1273 4936 1340 4983 dam

149 5017 262 5072 ”utam
276 5038 378 5076 sosas.
392 5038 507 5076 nosris.
526 5024 548 5077 1.
1100 5027 1138 5083 19
