3204 5506
500 355 695 406 urrsrouan
721 345 791 404 140.
822 345 892 420 141.
1256 340 1315 406 971

47 511 101 579 deu
122 512 200 597 περὶ
221 509 284 596 τὴν
306 510 446 596 εἰρήνην
463 514 522 594 τῆς
537 508 658 593 ἐκκλη-
710 511 793 595 quod
827 510 911 575 circa
939 496 1103 575 Ecclesiae
1136 532 1249 594 pacem
1289 513 1427 575 eison.

48 619 124 693 σίας
146 614 202 679 καὶ
217 618 279 679 τοῦ
294 611 482 696 ἁγιωτάτου
494 611 659 695 βασιλέως
710 613 905 678 sanctissimi
940 612 1143 697 imperatoris
1176 614 1209 676 et
1244 610 1321 676 dile-

48 717 106 784 καδ
142 722 200 801 τῆς
235 719 296 799 σῆς
332 713 462 798 α’γιίπης
497 711 658 796 τοιαύτην
710 715 826 785 ctionis
848 718 923 780 tuae
945 714 1011 779 tale
1034 714 1192 797 studium,
1226 713 1320 800 quale

49 817 205 904 σπουδὴν
231 817 309 882 οἵαν
337 815 393 881 διὰ
413 820 483 881 τῶν
504 813 658 899 γραμμέ-
707 816 826 882 litteris
841 817 1003 902 indicasti,
1015 816 1229 903 legatorum²)
1245 838 1319 900 quo·
1332 780 1435 898 {iffi

49 945 120 987 των
143 920 329 1006 ἐμήνυσας,
358 919 414 983 καί
436 913 492 982 διὰ
513 919 572 1001 τῆς
592 920 662 982 τῶν
714 941 774 1004 qus
803 942 945 985 meorum
973 920 1150 985 assertione
1175 919 1321 1004 cognovi.

51 1025 145 1109 ἐμῶν
167 1021 343 1106 πρέσβεων
370 1018 583 1096 καταθέσεως
605 1021 662 1101 ἐγ·
713 1021 888 1089 Manifesta
932 1023 1018 1088 enim
1052 1021 1129 1085 hinc
1166 1041 1324 1105 supernae

51 1149 134 1191 νων.
183 1122 303 1208 Σαφης
330 1121 395 1206 γὰρ
419 1122 583 1188 ἐντεῦθεν
604 1125 663 1204 τῆς
713 1124 949 1190 misericordiae
972 1125 1163 1190 documenta
1185 1122 1323 1206 produn-

51 1227 218 1312 οὐρανίου
233 1223 480 1308 εὐσπλαγχνίας
494 1219 663 1300 ἀπόδειξις
713 1229 783 1310 tur,
813 1227 940 1311 quando
968 1230 1001 1291 et
1028 1224 1217 1308 munduni³)
1238 1224 1324 1309 prin-

52 1329 220 1414 ιιρόεισιν,
240 1327 321 1393 ὅταν
336 1326 394 1392 καὶ
409 1327 445 1391 οί
455 1329 517 1391 τοῦ
534 1324 663 1409 κόσμον
716 1329 802 1413 cipes
826 1351 955 1393 causam
984 1329 1058 1394 fidei
1081 1348 1153 1394 cum
1174 1326 1325 1411 reipubli-

51 1435 204 1518 βασιλεῖς
225 1426 283 1505 τὰς
304 1425 485 1505 ὑποθέσεις
505 1424 565 1503 τοὶς
586 1424 664 1509 περὶ
717 1453 771 1495 cae
804 1431 1005 1496 ordinatione
1039 1430 1258 1514 conjungunt,
1293 1432 1326 1492 et

53 1539 112 1620 τῆς
134 1536 276 1607 πίστεως
296 1527 378 1617 μετὰ
395 1534 454 1614 τῆς
469 1528 665 1612 διοικήσεως
716 1533 923 1599 ecclesiarum
956 1532 1135 1618 praesules,
1167 1531 1250 1617 qnod
1286 1531 1326 1594 ad

52 1641 112 1722 τῆς
134 1637 304 1710 πολιτείας
332 1630 580 1715 συζευγνύωσι,
608 1628 665 1694 καὶ
716 1635 988 1720 dispensationem
1037 1657 1127 1700 snam
1173 1633 1325 1718 pertinet,

53 1739 91 1803 οί
110 1741 180 1802 τῶν
203 1736 393 1820 ἐκκλησιῶν
420 1731 603 1818 ἡγούμενοι
624 1722 665 1795 τὰ
718 1738 816 1803 officii
837 1759 992 1803 memores
1008 1739 1235 1823 exsequuntur.
1266 1735 1327 1800 Ta-

55 1841 276 1906 ννννὲίννντν
306 1837 353 1913 εἰς
373 1833 435 1919 νῆν
458 1836 549 1900 ἰδίαν
570 1834 666 1898 Otto·
718 1841 800 1905 libus
837 1840 1006 1926 indigebat
1043 1843 1117 1923 post
1152 1838 1327 1903 discordiae

54 1944 179 2028 νομίαν
197 1936 401 2026 μεμνημένοι
416 1940 478 2002 τοῦ
494 1935 666 2020 καδήκον-
718 1942 873 2027 procellas
896 1942 1010 2027 religio
1025 1941 1209 2008 Christiana
1228 1942 1328 2004 recto·

55 2069 113 2120 τος
136 2044 307 2110 ἐκτελῶσι.
353 2039 525 2104 Τοιούτων
546 2040 666 2122 ἔχρησε
718 2045 822 2127 ribus,
865 2045 920 2129 qui
964 2043 1152 2128 compressis
1195 2041 1329 2126 provida

55 2143 139 2232 μετὰ
161 2141 220 2221 τίς
241 2148 299 2227 τῆς
322 2143 492 2224 διχονοίας
514 2141 666 2222 navarri·
719 2146 926 2231 dispositione
934 2147 961 2231 4)
983 2144 1167 2210 turbinibus
1189 2143 1244 2208 diu
1258 2164 1328 2227 per-

55 2250 118 2325 δας
133 2240 552 2331 ἡΧριστιανικηθρησκεία
565 2243 667 2306 ίθυν-
719 2251 900 2333 egrinatam
936 2269 1049 2332 pacem
1086 2246 1218 2330 depulsa
1249 2249 1328 2309 tem.

56 2351 182 2435 νήννν,
206 2348 240 2413 νῖ
259 2369 348 2423 τινες
370 2348 668 2410 νννδνννσθννῶν
719 2354 844 2437 pestate
865 2351 1071 2432 reducerent,
1104 2351 1137 2412 et
1163 2349 1198 2412 in
1219 2347 1330 2412 futura

57 2448 354 2536 προνοητικωτιίτη
371 2445 577 2512 διατυπώσει
598 2449 668 2511 τῶν
719 2457 794 2539 post
815 2453 942 2518 saecula
970 2451 1126 2537 propositi
1154 2450 1203 2514 sni
1226 2470 1329 2513 exem.

57 2557 230 2634 θνέδδνῖν,
252 2548 315 2635 τὴν
338 2547 484 2616 ἕννῑνλῦ
510 2547 670 2626 ἒέννθὲῑ-
720 2557 775 2641 pla
797 2556 977 2637 tendentes,
1002 2553 1062 2618 sibi
1086 2549 1330 2617 adscribendum

58 2675 124 2723 ννν
147 2653 287 2738 εἰρήνην
303 2650 509 2729 ἕένσθὲνννς
522 2653 584 2715 τοῦ
602 2672 668 2732 λεν·
721 2659 943 2724 indubitanter
952 2656 1168 2738 ostenderent,
1177 2653 1330 2739 quidquid

58 2762 172 2843 Θῶνος
195 2753 403 2837 ἕννννῖξνσνι
433 2752 488 2817 καὶ
518 2752 564 2828 νίς
591 2748 671 2826 τούς
721 2760 790 2824 Deo
827 2760 982 2844 placitum
1024 2757 1144 2841 posteri
1179 2778 1237 2841 pro
1274 2777 1332 2819 sua

59 2861 244 2946 μέλλοντας
280 2855 363 2941 μετὰ
401 2858 507 2920 ταῦτα
545 2854 671 2929 αἰῶνας
721 2862 902 2927 imitatione
923 2860 1086 2925 fecissent.

59 2967 119 3046 τῆς
158 2961 245 3036 ίδίας
280 2958 474 3042 προθέσεως
510 2951 550 3020 τὰ
586 2951 672 3019 ὑπο-

61 3066 223 3147 δείγματα
246 3060 513 3140 ἐπεκτείνοντες,
542 3055 673 3131 ἑαυτοῖς

62 3162 313 3248 ἐπιγεγράφθαι
335 3158 575 3246 ἀναμφιβόλως
599 3158 672 3222 ἐπι-

62 3266 246 3349 δείξουσιν,
270 3270 304 3329 εί
320 3288 353 3329 τι
375 3267 421 3349 τῷ
438 3266 512 3347 Θεῷ
528 3257 673 3344 ἀρέσκον

61 3369 97 3434 οί
117 3367 391 3453 μεταγενέστεροι
406 3362 472 3429 ἀπὸ
488 3366 546 3447 τῆς
561 3358 673 3426 αὐτῶν

61 3471 232 3557 μιμήσεως
254 3469 466 3553 ποιήσουσιν.

106 3574 138 3637 2.
189 3568 440 3654 Εὐλογήσωμεν
475 3563 536 3632 τδν
573 3562 674 3648 Θεὸν,
767 3553 1333 3636 2.Benedica1nusD0ninun,frs-

64 3675 224 3758 αδελροὶ,
258 3683 330 3749 ταῖς
351 3668 448 3757 ἡμῶν
469 3674 570 3734 τοῦτο
593 3664 674 3752 ἡμέ-
723 3666 774 3727 ter
797 3659 974 3741 carissime,
992 3658 1116 3722 'nostris
1142 3656 1202 3720 hoc
1223 3655 1334 3720 diebus

65 3801 139 3862 ραις
162 3771 464 3858 συγκεχωρημένον
486 3768 674 3854 γεγονέναι,
725 3766 824 3830 δαίετο
858 3782 1058 3843 eoncessum,
1093 3762 1126 3824 et
1157 3758 1233 3822 totis
1266 3779 1334 3821 ora-

64 3878 122 3945 καί
144 3877 266 3953 πάσαις
289 3872 398 3959 εὐχῶν
426 3872 482 3939 καί
503 3875 676 3956 μεριμνῶν
726 3868 851 3932 tionum
885 3867 917 3927 et
950 3884 1098 3927 curarum
1130 3860 1250 3925 viribus
1278 3882 1335 3923 an·

64 3980 255 4065 δννοίμεσιν
299 3978 570 4059 έπερεισδῶμεν,
619 3972 676 4037 ἵνα
726 3971 885 4050 nitamur,
930 3969 967 4029 ut
1008 3986 1088 4049 quae
1132 3962 1228 4046 Der)
1276 3984 1335 4046 ope

65 4082 153 4166 ἅπερ
186 4078 242 4145 διὰ
276 4084 335 4163 τῆς
365 4081 427 4142 τοῦ
458 4080 548 4142 Θεοῦ
581 4072 676 4160 ἡμῶν
727 4072 809 4136 bene
833 4071 945 4152 coepta
960 4069 1052 4150 sunt,
1075 4067 1145 4150 ipso
1163 4065 1336 4148 adjuvante

134 4322 155 4387 ²)
174 4317 306 4373 Germani
324 4315 429 4370 scilicet
447 4314 620 4381 aliorumque
638 4311 685 4381 qui
704 4308 829 4380 proxime
846 4304 996 4360 redierant.
1028 4301 1150 4356 Subinde
1167 4301 1197 4355 in
1208 4300 1225 4355 J
1237 4300 1259 4355 0
1273 4302 1297 4355 c¹
1311 4303 1337 4354 οι

64 4405 204 4473 sequitur:
227 4407 392 4470 Manifestum
415 4406 478 4455 eru'ru
496 4404 554 4452 tine
572 4398 598 4465 (J
602 4401 608 4432 ¹
623 4396 692 4452 Γίέ
711 4400 843 4461 manifeste
860 4397 900 4446 tic
919 4389 949 4458 (i²
966 4391 1034 4456 hinc)
1053 4390 1127 4455 euim)
1147 4406 1275 4456 supernae
1293 4392 1335 4438 mi-

64 4496 225 4545 sericordiae
244 4493 415 4542 documentum
431 4490 588 4554 perdocetur
606 4481 637 4549 (i²
656 4488 802 4535 documento
820 4477 994 4546 perdocetur).

136 4578 156 4643 ³)
174 4575 218 4628 Ira
230 4562 264 4626 (δι1
278 4572 294 4625 J
307 4571 338 4625 0.
368 4571 444 4624 Asu
458 4569 477 4622 b
491 4585 526 4622 cc
543 4573 643 4621 ditmari
654 4571 794 4635 principes.
820 4563 882 4617 Jam
901 4561 930 4615 in
949 4559 1125 4630 epistolare,
1143 4573 1214 4624 quae
1231 4554 1338 4624 puriter

66 4676 170 4731 graece
189 4659 292 4724 exstat,
310 4674 336 4710 n.
356 4661 372 4709 8
389 4654 521 4725 legimus:
541 4657 571 4706 Si
587 4657 650 4706 euim
669 4656 712 4721 qui
728 4654 847 4703 mundant
863 4659 929 4702 suut.

136 4745 157 4811 4)
177 4743 247 4797 Oec
265 4745 468 4810 dispensatione,
487 4754 607 4805 moxque
626 4737 684 4791 a¹b
704 4752 762 4805 seq.
782 4732 871 4788 omitt.
888 4743 956 4802 porr.

137 4830 158 4895 ⁵)
177 4827 211 4882 (δ’
226 4833 252 4881 a¹
272 4843 329 4896 seq.
347 4846 397 4894 per
415 4829 465 4877 Dei
482 4829 564 4878 nostri
581 4842 653 4892 opem
670 4826 732 4876 bene
749 4831 868 4876 correcta
885 4818 930 4890 (G¹
950 4817 1090 4886 compre).
1128 4811 1275 4882 Sequimur
1286 4809 1338 4867 JO

68 4916 93 4970 οΙ
109 4917 135 4969 0²
146 4913 167 4966 i²
186 4912 374 4968 consentiente
393 4924 503 4981 graec-o.
