3204 5506
540 389 712 439 srrsrons
736 381 765 439 1.
1223 376 1283 444 601

103 543 290 609 Adeodatus
313 544 478 627 episcopus
500 542 653 608 ecclesiae
674 541 869 610 Formiensis
892 545 1076 631 subscripsi.
1300 554 1393 602 ἱ0499·

102 644 206 710 Ursus
229 646 395 730 episcopus
418 644 570 710 ecclesiae
593 644 767 710 Stabianae
790 647 974 732 subscripsi.

100 745 299 812 Saturninus
322 748 489 832 episcopus
512 748 665 812 ecclesiae
687 746 977 837 Herdonitanaell’)
999 751 1184 836 subscripsi.

100 850 132 914 9.
175 849 349 935 Coeliusffl)
377 850 568 915 Laurentius
576 850 616 935 82)
644 850 901 935 archipresbyter
933 853 1021 918 tituli
1049 852 1206 919 Praxidae
1233 853 1284 919 his

100 952 193 1038 cripsi
215 956 249 1017 00
271 953 417 1017 consensi
440 951 645 1036 synodalibus
666 952 859 1036 constitutis,
883 956 979 1039 01000
1001 954 1036 1019 10
1058 953 1119 1020 hac
1141 978 1192 1021 me
1214 978 1285 1041 pro-

99 1076 108 1115 ,·
130 1076 264 1118 manere
287 1055 458 1119 sententia.
979 1050 981 1054 ’

100 1154 231 1221 Coelius
253 1155 427 1221 Januarius
449 1156 617 1240 presbyter
639 1156 725 1220 tituli
741 1155 894 1222 Vestinae
916 1158 966 1222 his
990 1158 1138 1225 consensi
1160 1162 1192 1223 et
1213 1159 1285 1223 sub

102 1259 131 1323 si
155 1258 362 1343 synodalibus
390 1258 590 1342 constitutis,
625 1260 721 1343 atque
747 1258 783 1323 in
809 1257 871 1325 hac
898 1281 949 1325 me
976 1281 1107 1325 manere
1135 1261 1285 1344 profiteor

100 1360 189 1425 entia.

100 1455 283 1527 Martianus
304 1463 472 1547 presbyter
492 1462 583 1535 tituli¹
603 1484 628 1526 a.
646 1461 802 1528 Caeciliae
824 1464 999 1550 subscripsi
1020 1468 1057 1530 ut
1078 1485 1189 1549 supra.-

102 1565 285 1630 Gordianus
307 1565 475 1649 presbyter
496 1565 583 1628 bibuli
605 1564 790 1629 Pammachi
813 1566 996 1652 subscripsi.

101 1666 217 1730 Petrus
241 1666 407 1751 presbyter
428 1667 516 1731 tituli
538 1688 564 1730 s.
589 1665 762 1739 Clementis
784 1667 969 1754 subscripsi.

101 1767 241 1833 Urbicus
263 1768 432 1852 presbyter
452 1767 540 1832 tituli
561 1790 587 1832 s.
612 1768 786 1834 Clementis
808 1771 994 1856 subscripsi.

100 1868 257 1934 Paulinus
279 1870 445 1955 presbyter
466 1870 554 1935 tituli
575 1870 654 1936 Julii
676 1872 850 1958 subscripsi
871 1876 909 1936 ut
930 1894 1037 1957 supra.

100 1971 224 2036 Valens
245 1973 412 2056 presbyter
433 1972 521 2037 tituli
542 1994 567 2036 s.
592 1971 730 2038 Sabinae
753 1974 936 2058 subscripsi.

100 2073 216 2138 Petrus
239 2074 406 2158 presbyter
427 2074 512 2139 tituli
537 2073 737 2160 Chrysogoni
760 2075 943 2159 subscripsi.

100 2316 117 2381 ³)
136 2311 181 2366 Ita
198 2312 230 2365 Β1
244 2311 338 2366 11οΚΙΙ
350 2312 427 2366 H⁶h¹
442 2314 465 2366 01
481 2315 506 2366 c⁹
519 2316 564 2367 c¹⁰.
595 2311 649 2366 Alii
665 2317 848 2379 Erdons'tcnus,
868 2315 893 2367 0ε
903 2329 960 2383 000.
979 2317 1175 2372 Terdonirume.
1197 2312 1285 2369 Porro

100 2404 135 2450 u'a
152 2414 201 2451 seu
220 2401 355 2453 Herdonia
374 2398 503 2466 (utroque
522 2397 595 2452 enim
613 2397 697 2451 modo
713 2397 743 2450 in
760 2396 862 2453 nostris
880 2415 943 2452 msa.
961 2397 1100 2466 scribitur)
1127 2397 1193 2453 urbs
1210 2401 1284 2469 Apu·

99 2481 148 2548 010,
167 2481 234 2536 olim
253 2481 407 2551 episcopali
423 2481 489 2537 sede
506 2482 647 2552 insignita.
667 2512 701 2521 ·-
721 2483 790 2536 Post
806 2482 879 2538 hunc
896 2482 1009 2538 additur
1026 2482 1055 2536 in
1072 2483 1098 2537 Η
1111 2482 1175 2538 011¹
1189 2486 1212 2538 c¹
1226 2500 1283 2553 seq.

100 2572 229 2635 ripscruat
250 2572 365 2636 episcopi
382 2587 483 2621 numero
501 2571 633 2620 LXXIII
651 2567 695 2634 (Ei
713 2571 882 2636 LXXIIII).

100 2653 116 2720 l)
135 2651 157 2704 Ε
174 2651 289 2721 regione
307 2652 406 2705 horum
424 2652 456 2705 B¹
470 2651 507 2706 ad
520 2668 609 2721 marg.
624 2654 784 2721 Subscriptio
800 2657 1016 2722 presbyterorum,
1036 2656 1061 2708 0⁰
1075 2657 1285 2724 Subscripserunt

100 2743 163 2806 pleri
180 2757 280 2791 numero
299 2741 412 2791 LXVII
431 2736 516 2803 (idem
534 2736 562 2789 1]ι
576 2736 606 2789 h²
623 2735 652 2789 in
670 2737 723 2791 fine
741 2737 840 2791 harum
859 2737 1104 2808 subscriptionum,
1132 2741 1170 2793 0¹⁰
1187 2739 1285 2795 eodem

103 2821 151 2876 sed
169 2841 270 2875 cassem
291 2825 421 2875 LXVIII
444 2821 549 2890 habet).
589 2821 621 2874 In
642 2821 717 2875 nullo
741 2838 838 2876 eorum
859 2825 955 2878 tamen
976 2825 1019 2878 000
1041 2823 1139 2879 stricta
1162 2825 1292 2902 recensio·

100 2908 139 2960 ot.
160 2909 210 2973 24).

100 2993 116 3057 ²)
134 2992 160 3044 Is
179 2992 223 3045 est
238 2991 416 3057 Laurentius,
439 3008 522 3059 quem
539 2991 637 3045 Festus
660 2993 771 3047 senator
790 2992 915 3063 pluribus
937 2974 1056 3062 pecunia
1078 2993 1214 3065 corruptis
1232 2995 1285 3048 Ro·

100 3091 117 3128 0
134 3076 265 3130 ecclesiae
282 3076 499 3146 praeficiendum
517 3078 671 3131 curaverat.
702 3076 757 3130 Sed
774 3077 846 3132 hanc
864 3076 1032 3147 dignitatem
1043 3080 1108 3157 post
1120 3078 1286 3134 Theoderici

100 3158 149 3214 ium
175 3178 259 3229 quam
286 3160 392 3216 sincero
421 3161 513 3216 animo
540 3162 690 3228 abdicarit,
721 3162 801 3216 testis
830 3162 872 3216 000
898 3162 968 3216 haec
995 3162 1054 3234 ejus
1081 3163 1198 3234 simplex
1224 3164 1285 3218 sub-

100 3243 138 3299 tio.
180 3245 251 3298 Eum
274 3262 291 3300 a
309 3244 474 3315 Symmacho
496 3245 592 3301 statim
612 3246 767 3300 Nucerinae
797 3245 916 3300 civitatis
942 3245 1104 3316 episcopum
1126 3246 1285 3303 institutum
1345 3307 1347 3311 ,

100 3348 110 3393 ι,
126 3334 226 3385 000000
243 3330 313 3386 haec
330 3330 395 3384 libri
411 3331 578 3400 pontificalis
595 3331 695 3386 verba:
714 3335 811 3385 Eodem
823 3341 936 3399 tempore
949 3334 1015 3403 (quo
1027 3332 1169 3387 10000000
1181 3331 1284 3404 episco-

100 3431 102 3460 1
117 3413 282 3484 Symmacho
301 3415 504 3471 aTheodoricc
523 3416 698 3486 adjudicatus
716 3419 767 3485 cst)
784 3436 857 3485 papa
869 3422 1035 3486 concrepabit
1044 3423 1167 3487 synodum
1184 3430 1209 3472 cc
1226 3439 1284 3473 cou-

109 3504 273 3555 humentium
291 3508 317 3554 10
330 3506 459 3555 Nucerina
477 3509 579 3556 ciuitate
596 3507 740 3569 episcopum
757 3507 847 3555 irrucitu
858 3506 1057 3557 misericordiae.
1084 3503 1146 3558 Huc
1157 3505 1285 3574 spectant

100 3597 117 3636 a
134 3584 275 3639 Theodori
293 3585 403 3640 lectoris
421 3603 487 3656 pag.
501 3592 559 3652 560,
586 3603 657 3660 quae
676 3586 860 3656 Theophanes
878 3588 907 3641 et
923 3585 1097 3657 Nicephorus
1116 3587 1222 3643 Callisti
1240 3605 1284 3643 ex-

100 3671 151 3724 00οε
180 3675 352 3724 Theodericus
373 3678 479 3725 collecta
501 3677 598 3740 synodo
617 3675 764 3739 Symmacho
787 3677 886 3742 quidem
908 3677 1081 3741 episcopatum
1102 3676 1173 3727 urbis
1189 3677 1285 3729 Romae

100 3763 182 3817 aucit,
208 3760 372 3809 Laurentium
388 3776 449 3811 cero
466 3762 598 3824 cujusdam
616 3760 697 3817 urhis,
721 3777 786 3825 quac
804 3761 916 3810 Nuceria
934 3762 1038 3819 dicitur,
1062 3763 1206 3826 episcopum
1223 3779 1284 3814 cou-

130 3838 222 3894 Sentit
239 3840 351 3908 quidem
368 3840 504 3895 Antonius
521 3840 631 3910 Pegius,
649 3841 703 3896 hoc
720 3840 916 3910 Symmachum
933 3841 962 3896 in
980 3841 1069 3897 altera
1087 3843 1192 3913 synodo
1210 3859 1283 3898 anno

100 3924 186 3979 abita
208 3925 388 3995 praestitisse.
434 3925 490 3979 Sed
512 3926 571 3995 ejus
595 3927 733 3981 sententia
759 3927 837 3981 nulla
857 3927 902 3981 vel
924 3926 1091 3982 auctoritate
1114 3927 1212 3982 nititur
1239 3928 1284 3983 001

119 4009 237 4064 ratione.
267 4011 363 4079 Longe
382 4011 456 4065 enim
473 4011 562 4080 magis
579 4010 682 4065 rationi
700 4013 915 4067 consentaneum
932 4014 982 4077 est,
1001 4011 1197 4082 Symmachum
1214 4013 1284 4068 Lau·

100 4117 114 4159 ·,
131 4095 165 4149 ut
181 4094 268 4149 levius
285 4096 372 4149 ferret
384 4095 551 4151 Theoderici
564 4095 708 4165 judicium,
726 4097 804 4152 nulla
820 4113 900 4152 mora
916 4095 1090 4167 interposita,
1107 4099 1180 4153 forte
1198 4097 1283 4153 ctiam

100 4179 154 4234 sius
172 4179 340 4234 Theudorici
359 4180 471 4234 consilio
490 4181 519 4235 00
536 4197 682 4248 consensu,
705 4181 872 4237 Nucerinum
894 4182 988 4236 sedem
1011 4181 1170 4237 attribuisse
1188 4185 1283 4252 (quam

101 4279 201 4319 acasse
213 4264 344 4319 Nucerini
357 4265 480 4336 episcopi
496 4267 525 4318 in
541 4265 789 4334 subscriptionibus
807 4267 947 4321 silentum
963 4266 1065 4321 indicio
1084 4268 1145 4335 000),
1163 4267 1283 4322 maxims

100 4363 165 4404 uam
182 4350 339 4405 Romanum
357 4350 549 4420 pontificatum
567 4353 596 4405 et
614 4351 808 4421 cpiscoporum
819 4352 919 4406 1001100
937 4353 966 4406 00
983 4352 1050 4406 cleri
1060 4351 1180 4406 Romani
1197 4353 1283 4407 nomi·

100 4451 158 4504 000
179 4433 266 4504 ipsius
283 4436 426 4489 Laurentii
447 4435 695 4505 subscriptionibus
718 4436 772 4490 sibi
795 4438 929 4491 assertum
952 4437 1084 4491 cerneret.
1125 4438 1167 4493 Ea
1188 4439 1283 4493 autem

100 4535 147 4587 aa,
170 4537 227 4588 qua
245 4520 421 4589 episcopatus
439 4521 587 4576 Laurentio
607 4536 752 4576 concessus
770 4522 823 4588 000,
846 4521 952 4575 nullum
970 4521 996 4576 ei
1013 4520 1175 4591 suspicioni,
1198 4540 1283 4592 quam
1304 4563 1309 4582 .

100 4601 158 4659 dori
174 4605 288 4659 lectoris
307 4607 393 4660 verba
410 4606 548 4675 injiciunt,
572 4605 704 4672 relinquit
725 4607 824 4661 locum.
864 4607 921 4660 Aut
939 4608 1013 4662 certe
1030 4607 1055 4659 si
1072 4623 1188 4677 operam
1205 4608 1284 4664 dedit

100 4703 115 4740 s
131 4691 251 4756 senator,
269 4691 301 4743 00
312 4689 477 4745 Laurentius
489 4691 607 4745 Zenonis
624 4691 752 4745 henotico
770 4690 965 4759 subscriberet,
983 4691 1063 4761 eique
1075 4708 1182 4747 morem
1196 4693 1283 4762 gessit

100 4773 187 4840 00100,
205 4776 266 4828 tum
283 4774 358 4828 istud
374 4775 489 4830 latebat.
520 4777 592 4830 Eum
610 4780 674 4831 ante
693 4775 792 4846 synodi
805 4776 949 4831 Romanae
967 4792 1040 4832 anno
1053 4783 1101 4832 502
1120 4776 1282 4833 celebratio·

100 4857 255 4929 depositum
273 4860 367 4925 luisse,
395 4878 429 4915 ex
447 4868 549 4929 Aprilis
567 4867 690 4918 Nucerini
711 4861 834 4933 episcopi
851 4860 1065 4932 subscriptione,
1088 4878 1160 4933 quae
1181 4862 1211 4917 10
1232 4862 1282 4920 illa

100 4939 123 4995 lo
138 4943 249 5013 legitur,
266 4945 443 5015 perspicuum
461 4946 516 5000 fiet.
