3224 5506
245 108 307 173 712
697 122 923 172 s.sYMs1ACH1
945 120 1060 168 eneas

136 309 161 344 a.
172 296 229 346 512.
244 278 393 363 discipuli
412 278 652 362 imitatoresque
675 278 753 362 ejus,
777 277 831 362 qui
846 277 984 361 figuram
999 277 1082 340 servi
1099 279 1285 364 assumpsit,
1308 282 1343 343 ut
1355 300 1403 344 uos
1417 234 1539 344 [iffi.

244 404 296 445 ros
317 379 465 444 redderet
486 401 505 443 a
527 382 659 465 peceato
681 381 764 465 quod
786 380 947 464 regnabat
967 380 1003 445 in
1024 379 1134 464 nobis,
1164 380 1312 447 videntes
1331 342 1547 468 uppigasm

244 505 303 547 nos
327 486 360 546 et
381 482 577 564 mortificari,
602 505 668 546 nou
690 483 774 546 sicut
790 480 989 546 Gabaonitus
1004 482 1257 567 incircumcisos,
1281 484 1335 548 sed
1350 443 1576 591 νοθίεῡικῖχ

246 585 448 650 circumcisos
476 585 511 648 in
539 583 658 649 Christi
693 584 933 666 cicumcisione,
972 606 1075 669 neque
1102 585 1260 649 idolorum
1288 587 1442 651 servitores
1457 572 1530 670 ss
1551 574 1565 646 ’ζ

246 687 402 770 aemulos,
433 687 491 750 etsi
514 690 714 770 peccatores,
743 688 854 749 tamen
876 685 1076 751 t.3h1istianos
1105 690 1139 751 et
1165 688 1330 752 vobiscum
1351 689 1448 753 omnia
1464 676 1533 752 β
1561 656 1602 783 m·

247 789 373 855 Christo
389 789 561 872 sapientes,
586 811 651 851 non
667 787 851 871 despiciatis
867 811 969 872 neque
985 790 1200 854 contemnatis
1216 790 1313 873 ultra,
1333 791 1378 875 pii
1391 765 1604 875 paaffffl·

247 892 302 954 sed
325 892 408 954 sicut
430 890 633 955 beatissimus
656 891 838 973 praedic-tus
860 891 955 954 lesus
977 889 1069 955 Nave
1097 914 1163 956 non
1191 892 1264 957 illos
1290 895 1431 975 tantum,
1455 876 1604 957 sev&

247 998 280 1057 et
301 992 393 1055 Raab
422 992 622 1056 meretricem
648 992 712 1055 illis
741 992 925 1076 anteposuit
956 996 1087 1077 propter
1119 994 1254 1058 ducrum
1282 991 1604 1078 exploratorum

247 1095 498 1177 susceptionem,
521 1095 568 1158 ita
591 1099 624 1157 et
646 1117 700 1157 vos
723 1118 782 1159 uos
805 1095 977 1179 vigilanter
1000 1096 1151 1160 assumite
1178 1118 1251 1160 cum
1273 1096 1333 1160 Dei
1353 1097 1533 1181 juvamini,
1548 1103 1604 1151 ss

247 1200 378 1282 propter
399 1197 532 1259 duarum
553 1200 742 1260 naturarum
763 1197 987 1280 traditionem,
1011 1220 1092 1282 quae
1114 1222 1134 1262 a
1155 1199 1246 1263 vobis
1269 1220 1328 1284 per
1350 1199 1603 1283 epistolam

246 1300 333 1362 inter
355 1301 483 1362 sanctos
507 1299 672 1362 eonstItuti
696 1322 798 1384 papae
821 1299 937 1363 Leonis
960 1303 1072 1363 contra
1092 1299 1285 1384 Eutychetis
1307 1300 1604 1367 deliramenta}

116 1413 235 1481 Jusao.
248 1401 370 1465 directa
392 1402 450 1464 est.
483 1387 539 1464 ‘Et
561 1401 617 1464 illa
639 1402 767 1485 quidem
789 1402 966 1486 suscipiens
989 1402 1205 1486 explorantes,
1228 1403 1265 1467 in
1286 1406 1439 1487 stuppam
1462 1403 1604 1475 lin'ru

102 1504 104 1508 ’
248 1525 323 1569 suae
352 1502 462 1566 domus
491 1503 673 1586 abscondit3
699 1525 768 1593 ,nos
797 1508 904 1567 autern
932 1507 1038 1567 rectae
1060 1504 1135 1569 fidei
1156 1508 1282 1568 vestrae
1304 1506 1604 1591 suscipienteaes

250 1605 492 1688 confessionem,
517 1605 551 1668 in
575 1604 673 1669 corde'
689 1609 799 1669 nostro
821 1628 888 1669 nou
911 1606 1146 1689 abscondimus,
1177 1605 1232 1669 sed
1255 1607 1291 1670 in
1314 1608 1604 1692 ecclesiarum]J

248 1706 477 1793 domaubusw)
493 1707 553 1771 Dei
576 1707 792 1771 misericordia
815 1729 885 1771 eam
908 1730 980 1772 cum
1002 1708 1194 1773 auctoritate
1209 1708 1445 1793 praedicamus.
1477 1710 1604 1799 EQ

163 1880 167 1887 ,
249 1809 306 1899 illa
328 1810 455 1894 quidem
477 1814 591 1894 rogata
619 1832 676 1894 per
703 1813 824 1874 metum
852 1833 904 1875 eos
933 1833 966 1874 se
995 1809 1114 1874 habere
1141 1812 1290 1897 negavit:
1324 1834 1387 1876 nos
1416 1816 1604 1903 autent-5

249 1935 386 1996 oramus,
410 1935 452 1976 ne
474 1935 614 1997 unquam
636 1912 775 1976 humano
797 1917 885 1977 metu
907 1934 1061 1999 negemus
1083 1916 1190 1978 rectae
1206 1913 1376 1979 doctrinae
1393 1919 1604 2006 nosmf,

248 2015 433 2098 veritatem3
456 2016 489 2078 et
509 2037 610 2099 usque
633 2015 672 2078 ad
696 2016 888 2100 sanguinem
910 2038 967 2100 pro
989 2038 1026 2079 ea
1041 2015 1207 2100 stabimus,
1231 2016 1260 2081 si
1276 2016 1324 2080 ita
1340 2018 1604 2110 contingaQ,

333 2119 364 2181 5.
399 2100 496 2181 llnde
517 2139 583 2183 uon
606 2118 733 2181 taedeat
755 2140 814 2181 nos
837 2118 998 2202 adjuvare,
1022 2140 1125 2202 neque
1139 2116 1212 2183 odio
1227 2118 1376 2183 habeatis
1391 2124 1604 2210 propte&

250 2219 488 2283 adversantium
504 2219 823 2300 communionem¹¹):
846 2243 944 2304 quum
963 2208 1054 2285 se'ab
1077 2220 1137 2284 hac
1158 2220 1289 2304 plurimi
1312 2220 1595 2308 facultatibQffl

249 2321 395 2404 impediti
417 2325 449 2383 et
471 2343 536 2384 non
559 2321 714 2385 habentes
738 2321 986 2386 sollicitudinem
1000 2323 1174 2386 multarum
1194 2321 1376 2386 animarum
1390 2345 1585 2409 suspQ.

250 2423 366 2506 derint,
390 2422 504 2507 quibus
527 2445 600 2487 vero
622 2423 796 2487 multarum
819 2424 997 2488 animarum
1021 2446 1096 2488 eura
1119 2423 1289 2488 commissa
1311 2427 1371 2507 est,
1398 2426 1434 2489 in
1454 2447 1577 2500 uda

250 2525 325 2589 ditis
347 2524 408 2588 sibi
432 2526 667 2589 communicent
690 2526 847 2610 ecelesiis,
877 2526 999 2590 nullum
1028 2526 1224 2590 contrarium
1251 2525 1409 2592 habentes
1437 2548 1521 2591 ct»
1538 2556 1571 2597 u-

249 2626 469 2690 municantem
492 2627 568 2709 sibi,
598 2631 631 2690 et
651 2630 831 2692 metuentes
853 2628 1034 2712 relinquere
1055 2627 1140 2715 lupis
1161 2649 1237 2693 oves
1258 2632 1391 2715 propter
1412 2650 1479 2693 voc
1496 2654 1565 2695 cn

152 2693 237 2829 ligi}
251 2728 381 2792 Domini
403 2729 577 2793 dicentem:
602 2736 813 2795 Mercenurius
836 2740 934 2794 autern
956 2741 985 2794 et
1007 2737 1060 2809 qui
1080 2750 1140 2794 non
1155 2740 1199 2794 ert
1208 2741 1330 2811 pastor,
1354 2736 1445 2809 cique
1457 2752 1561 2794 non

250 2842 319 2896 sunt
340 2853 408 2896 oves
424 2839 583 2911 propriae,
609 2837 690 2896 uidet
710 2841 813 2912 lupum
836 2839 1007 2910 uenientem,
1032 2844 1062 2895 et
1082 2838 1227 2911 relinquit
1248 2853 1318 2897 oues
1334 2836 1480 2911 etfacit,
1539 2843 1562 2890 ct

250 2941 340 3013 lupus
369 2939 453 3013 rupit
479 2956 531 2997 eus
558 2946 649 3013 utque
677 2942 840 3015 disperpib
875 2942 946 3012 quia
973 2940 1179 2998 mercenarius
1210 2945 1254 2998 est
1286 2946 1317 2998 et
1344 2955 1404 2999 nan
1430 2933 1562 2997 aaron

251 3044 348 3101 ovium
370 3056 487 3099 curum.
523 3035 604 3111 Quia
627 3058 703 3122 ergo
725 3059 791 3100 nou
815 3057 921 3100 amore
943 3036 1029 3099 vitae
1052 3035 1154 3119 capti,
1178 3035 1234 3099 sed
1256 3036 1365 3099 ovium
1385 3035 1565 3100 salut-⁴³¹⁰

252 3143 400 3203 curantes
422 3138 552 3223 plurimi
574 3139 775 3202 sacerdotum
797 3138 858 3202 hoc
879 3137 1020 3221 faciunt,
1051 3136 1139 3223 dest)
1161 3136 1407 3221 insequentibus
1427 3133 1566 3201 mist*

251 3244 344 3305 rante
366 3240 435 3304 Dec
458 3262 651 3324 cognoscere
673 3240 792 3324 poterit
813 3244 870 3304 tua
891 3239 1082 3324 paternitas.

336 3341 472 3417 Quidam
494 3343 580 3407 enim
602 3342 641 3406 de
662 3343 714 3425 iis,
738 3342 850 3426 quiin
872 3340 1050 3405 sacerdotio
1073 3341 1241 3405 constituti
1263 3344 1352 3424 sunt,
1375 3345 1571 3426 spectfiss·

251 3448 300 3508 tes
310 3445 348 3528 13)
370 3444 405 3507 in
428 3444 539 3507 exsilic
562 3444 648 3507 mitti
670 3445 873 3528 presbyteros
895 3441 1087 3506 orthodoxos
1102 3445 1136 3507 et
1149 3444 1280 3507 sanctos
1295 3443 1392 3526 viros,
1414 3441 1572 3507 volan·

321 3667 351 3733 ¹⁰)
369 3666 401 3718 ln
422 3664 498 3733 prius
522 3664 643 3733 vulgatis
665 3665 834 3731 domatibus.
871 3661 1085 3717 Restituendum
1108 3662 1236 3717 duximus
1252 3667 1401 3721 damaim
1434 3655 1573 3731 APffl'

251 3753 311 3806 tum
329 3749 403 3805 eninr
421 3750 476 3815 est,
500 3765 547 3803 eos
564 3748 702 3818 respicere
725 3751 786 3804 tum
804 3749 841 3803 ad
858 3750 963 3803 factum
980 3748 1074 3813 Raab,
1096 3767 1160 3817 quus
1179 3752 1244 3815 fecit
1268 3754 1427 3804 adsoendm
1450 3739 1572 3800 virm

251 3841 423 3891 adiutorium
441 3841 527 3889 domus
544 3854 617 3897 suae,
637 3836 697 3887 tum
714 3834 833 3889 maxime
851 3833 889 3888 ad
905 3833 1088 3903 praeceptum
1104 3831 1230 3899 Domini,
1249 3833 1298 3901 qui
1313 3833 1413 3889 nstra
1427 3838 1491 3895 1⁰,
1525 3812 1570 3868 ²7·

252 3921 327 3990 quod
343 3920 372 3973 in
390 3919 514 3973 tenebris
532 3919 677 3986 docuerat,
700 3917 856 3988 praedicari
874 3918 958 3987 jussit
974 3938 1054 3987 super
1070 3928 1138 3973 tectu
1155 3918 1268 3987 (graece
1286 3914 1347 3973 aa
1369 3919 1433 3973 suis
1453 3909 1568 3967 δ’·

250 4026 376 4076 putav.

320 4093 351 4158 ¹¹)
369 4091 429 4144 Huc
446 4089 499 4144 est:
523 4090 674 4159 propterca
696 4088 771 4157 quod
788 4106 844 4144 uon
862 4087 973 4141 omnine
992 4087 1157 4155 abjiciamus
1175 4087 1398 4143 communionem
1414 4078 1560 4143 aarum

252 4177 300 4245 qui
312 4174 405 4230 Aeacii
419 4173 590 4228 damnationi
608 4173 789 4227 adversantur
802 4173 882 4242 eique
899 4173 999 4226 nolunt
1008 4172 1192 4227 subscribere.
1219 4171 1329 4229 Deinde
1339 4172 1411 4228 forte
1425 4164 1557 4237 13⁰³

253 4261 318 4315 dum
336 4283 408 4331 quum
425 4281 453 4314 se
471 4264 502 4313 ub
520 4264 568 4312 buc
583 4265 687 4327 plurimi
702 4265 855 4314 sacerdotiis
873 4264 998 4326 expediti.
1377 4268 1381 4277 “

321 4349 351 4414 ¹²)
370 4346 430 4398 Hoc
448 4346 491 4399 est
508 4365 543 4398 er
560 4348 777 4413 consequentibus.
813 4345 832 4398 b
852 4341 997 4397 substituit
1014 4348 1144 4412 deinceps.
1515 4410 1522 4423 ¹

322 4432 352 4496 ¹³)
369 4429 442 4483 Edit.
461 4429 544 4482 Basil.
570 4429 695 4485 etitem.
714 4441 864 4497 sperantes:
887 4444 920 4482 ac
937 4426 1054 4481 subinde
1071 4431 1116 4482 sub
1135 4432 1247 4496 arbitro,
1272 4444 1326 4500 pro
1342 4448 1388 4485 suu
1402 4421 1539 4481 stim

251 4513 438 4569 Praefcrenda
456 4514 515 4567 visa
533 4518 574 4568 est
591 4512 704 4568 Barouii
722 4512 864 4568 correctio.
900 4512 961 4566 Hoc
979 4511 1052 4566 enim
1070 4511 1124 4567 sibi
1142 4513 1215 4568 vult:
1234 4532 1292 4579 eos,
1310 4520 1354 4585 qui
1363 4530 1429 4584 qm
1442 4496 1531 4561 Μ’*

252 4610 310 4652 rent
332 4608 357 4651 tn
379 4605 481 4652 exitium
502 4604 567 4652 mitti
591 4603 756 4668 presbyteros
778 4602 939 4652 orthodoxos
961 4608 987 4652 et
1003 4608 1106 4652 sunem
1128 4603 1210 4661 uirus,
1233 4602 1352 4653 calebunt
1365 4616 1393 4653 sc
1409 4588 1526 4664 W

253 4689 427 4738 necessitatene
444 4688 476 4736 ab
495 4689 609 4738 ee‹·lesiis
625 4703 671 4738 suc
690 4687 797 4738 arbitrio
814 4687 954 4737 subducere
972 4702 1065 4752 easque
1082 4688 1163 4753 sequi,
1183 4702 1234 4739 nun
1243 4676 1513 4749 sivmttoefflffi
1602 4726 1604 4731 .
