3224 5506
663 381 833 429 narsaeus
859 373 909 429 13.
972 445 977 455 ι
1356 367 1414 431 261
1449 330 1452 335 ¹

136 533 167 594 ul
195 556 279 626 uon
298 528 396 601 modo¹
409 536 523 621 vulgus
545 536 711 599 incautum
734 535 789 598 sed
812 534 897 618 ipsos
920 557 1044 620 quoque
1067 535 1101 598 in
1123 536 1236 599 mortis
1258 537 1418 620 profunda
1439 554 1524 603 alat

149 631 336 703 demerserit
356 638 547 719 sacerdotes,
571 637 678 701 nullus
700 659 766 700 uon
789 637 873 701 orbis
897 637 1029 722 gemuit,
1054 636 1143 700 nulla
1165 641 1251 702 terra
1271 639 1359 702 nesci
1384 639 1417 704 t.
1432 617 1530 671 ‘MSS‘

155 730 250 803 Unde
273 741 302 804 in
327 739 443 824 grandi
471 760 615 804 moerore
643 739 749 823 positi,
785 738 983 802 dissimulare
1008 761 1073 802 non
1096 760 1263 822 possumus
1285 762 1418 824 pereun-

165 834 235 904 tium
259 844 348 927 etque
371 865 389 905 a
411 842 505 906 nobis
535 841 765 926 exigendarum
789 841 959 905 discrimen
983 840 1172 905 animarum.
1218 840 1418 927 Quapropter

173 947 333 1026 conpetens
362 942 546 1008 adhibenda
573 947 623 1007 est
650 942 767 1006 talibus
795 942 918 1005 medela
944 943 1145 1027 vulneribus,
1179 966 1220 1008 ue
1247 943 1418 1009 immatura

180 1042 286 1109 curandi
304 1045 445 1110 facilites
467 1045 633 1109 mortifere
656 1044 870 1138 captispeste
893 1044 973 1108 nihil
995 1046 1107 1129 prosit,
1132 1047 1187 1110 sed
1208 1047 1339 1131 segnius
1353 1051 1417 1111 tra-

180 1145 286 1232 cuns)
306 1146 465 1231 pernicies
487 1150 577 1211 reatu
599 1169 664 1211 non
680 1146 844 1231 legitimae
860 1148 1034 1211 curationis
1049 1147 1192 1212 involvat
1208 1149 1330 1232 pariter
1344 1171 1417 1226 sau-

77 1308 83 1325 ,
182 1245 232 1310 cios
248 1252 274 1313 ct
291 1248 465 1314 medentes.

719 1402 800 1467 Gar.
823 1402 848 1466 l.

243 1520 268 1585 4.
306 1520 468 1605 Imprimis
496 1523 604 1605 itaque
635 1521 793 1585 venientis
823 1522 861 1584 ad
892 1543 946 1584 vos
974 1525 1007 1585 et
1028 1522 1202 1585 remedium
1225 1523 1417 1606 postulantis

164 1621 285 1687 sollicite
304 1622 505 1688 discutienda
528 1627 586 1688 est·
599 1623 755 1707 professio
771 1628 804 1687 et
819 1645 956 1707 persona
972 1623 1108 1707 decepti,
1132 1627 1169 1687 ut
1183 1624 1306 1689 medela
1316 1627 1418 1709 possit

159 1747 326 1810 congruens
354 1725 508 1789 exhiberi.
554 1724 598 1789 Et
627 1725 680 1809 qui
703 1725 927 1789 satisfacturus
949 1725 1018 1789 Deo
1041 1747 1098 1808 per
1120 1726 1363 1814 poenitentiam,
1384 1750 1417 1791 se

154 1826 379 1910 rebaptizatum
402 1826 547 1912 legitime
575 1826 722 1909 doluerit,
751 1829 857 1890 utrum
885 1826 924 1889 ad
947 1827 1007 1890 hoc
1030 1827 1157 1890 facinus
1181 1829 1414 1914 caenatum),

150 1951 194 1992 an
219 1927 364 2011 impulsus
387 1929 567 2011 accesserit,
598 1927 793 2012 requiratur:
822 1929 925 1992 sciens
952 1935 1034 2006 quoa
1053 1950 1085 1992 sc
1107 1934 1239 2009 decipiat
1261 1937 1334 2009 ipse,
1363 1939 1567 2013 qntSa.p.1‚11.

140 2034 244 2107 fatttt,
267 2029 407 2114 nihilque
429 2052 486 2114 per
508 2034 652 2094 nostram
674 2028 865 2094 facilitatem
888 2029 1059 2094 tribunalis
1085 2031 1201 2094 excelsi
1219 2032 1341 2114 judicic
1364 2034 1416 2097 de-

141 2129 268 2215 rogari,
291 2131 339 2194 cui
361 2131 417 2195 illa
440 2135 516 2196 sunt
537 2133 668 2216 ratast),
698 2153 779 2215 quae
802 2133 865 2221 pia,
895 2153 1083 2216 quaerere,
1112 2155 1192 2215 quae
1211 2133 1300 2216 justa
1323 2137 1416 2216 sunt3
1452 2176 1456 2185 ι

140 2238 177 2297 et-
204 2231 296 2296 aliter
316 2234 527 2317 necessitatis,
553 2233 646 2298 aliter
667 2234 839 2298 tractanda
862 2238 911 2297 est
932 2235 1014 2297 ratio
1036 2235 1221 2299 voluntatis.
1267 2235 1415 2299 Deterior

137 2340 196 2400 est
223 2336 328 2398 autem
356 2356 452 2400 causa
479 2335 576 2418 illius,
605 2337 659 2420 qui
685 2336 769 2400 forte
796 2336 898 2420 pretio
927 2336 1117 2401 sollicitatus
1145 2339 1195 2400 est
1221 2340 1257 2400 ut
1284 2337 1413 2420 periret.

135 2435 236 2501 Nihil
260 2436 344 2501 enim
366 2437 563 2501 intentatum
584 2437 761 2523 reliquit¹⁸)
785 2437 951 2520 inimicus3
975 2438 1025 2501 cui
1042 2459 1083 2501 ne
1099 2439 1137 2502 de
1153 2461 1210 2502 sua
1226 2438 1322 2502 liceat
1337 2460 1413 2524 gau-

133 2539 219 2602 ‹lcre
249 2541 390 2622 captura,
420 2539 667 2603 succurrendum
694 2542 743 2602 est
771 2539 919 2621 irretitis,
951 2544 984 2602 et
1006 2540 1265 2619 conterenduslll
1293 2543 1342 2604 est
1364 2562 1414 2604 ve
1427 2520 1527 2642 ¹1³3}ss-

1485 2630 1491 2655 ,
1516 2631 1521 2641 .

131 2639 255 2706 nantis
277 2639 464 2727 laqueat),
493 2644 530 2704 ut
557 2640 728 2704 infucatim
758 2640 1011 2704 lamentantibus
1034 2641 1159 2725 lapsum
1180 2644 1248 2705 tam
1268 2642 1414 2725 justitiae

130 2742 362 2808 moderatione
389 2764 484 2826 quam
512 2742 913 2826 compunctione‘pietatis
943 2743 982 2805 ad
1012 2743 1126 2825 aulam,
1157 2766 1252 2827 quam
1280 2744 1414 2828 relique·
1456 2772 1459 2778 ·

129 2848 227 2927 rant,
253 2843 296 2908 sit
311 2865 485 2928 regressus.
516 2842 585 2907 Nee
600 2844 719 2927 pudeat
740 2844 850 2908 forsan
873 2847 929 2907 aut
942 2845 1053 2929 pigeat
1069 2846 1198 2909 indictis
1217 2845 1414 2927 jejuniorum

128 2949 382 3033 gemituumque
404 2946 600 3030 temporibus
627 2946 765 3028 obedire,
800 2949 856 3009 aut
880 2944 952 3009 aliis
977 2946 1200 3010 observantiae
1229 2946 1414 3011 salubrioris

127 3051 364 3132 obtemperare
385 3047 579 3130 praeceptis:
608 3048 683 3132 quia
711 3047 883 3111 humilibus
905 3047 999 3125 detur
1021 3049 1138 3132 gratia,
1168 3070 1234 3111 uon
1256 3048 1412 3131 superbis.
1426 3065 1547 3134 tecua.

127 3152 186 3216 Sit
220 3171 302 3235 ergo
330 3148 440 3213 ruinae
476 3170 552 3213 suae
588 3149 696 3213 dolore
723 3153 920 3232 prostratus,
955 3149 1097 3233 quisquis
1124 3150 1159 3212 in
1188 3149 1315 3214 Christo
1343 3150 1412 3214 fieri
1500 3201 1523 3219 ,-

206 3408 240 3471 ¹⁵)
260 3405 306 3458 lia
322 3420 387 3457 mas.
407 3402 483 3457 ΗΙΟ
496 3403 529 3470 1²3
548 3403 616 3457 editi
635 3414 729 3460 tracta.

207 3494 240 3559 ¹⁶)
259 3488 336 3543 Editi
353 3494 521 3553 concurrerit,
540 3488 717 3557 corrigrmtur
735 3505 768 3542 er
785 3506 848 3542 mss.
878 3535 885 3553 ,

147 3594 153 3601 ·
206 3578 240 3643 ¹⁷)
259 3574 324 3628 Mes.
344 3572 367 3626 0
385 3584 470 3638 rectu,
494 3572 574 3627 valde
593 3577 731 3643 corrupte.
768 3573 985 3643 Perpendendus
1010 3575 1051 3628 est
1078 3573 1123 3626 hic
1144 3574 1219 3627 locus
1244 3573 1300 3628 sive
1318 3575 1412 3644 poeni-

126 3660 278 3724 tentibus,
303 3658 350 3725 qui
373 3657 407 3712 de
429 3657 605 3712 sacerdotum
620 3657 758 3722 facilitate
782 3659 810 3711 et
827 3657 1003 3727 indulgentia
1024 3657 1076 3711 sibi
1100 3659 1202 3713 frustra
1224 3659 1412 3725 blandiuntur,

127 3747 194 3799 sire
217 3741 290 3813 ipsis
313 3740 517 3805 sacerdotibus,
544 3741 590 3810 qui
614 3741 733 3796 molliori
757 3741 902 3811 disciplina
929 3743 994 3797 dum
1017 3743 1225 3813 poenitentibus
1246 3761 1360 3813 parcere
1383 3761 1411 3798 se
1516 3771 1519 3777 ν

127 3830 251 3902 putant,
270 3829 300 3881 et
316 3827 369 3880 eibi
388 3827 417 3879 et
432 3825 486 3879 illis
503 3826 659 3895 imponunt.
687 3827 790 3881 Eorum
809 3828 912 3897 quippe
926 3827 1034 3897 judicia
1051 3846 1136 3896 quum
1155 3828 1267 3882 minime
1286 3830 1322 3882 ad
1331 3828 1412 3897 justi·

126 3916 192 3970 tiae
211 3911 328 3981 regulas
346 3911 445 3965 exacta
461 3910 528 3977 sint,
555 3928 607 3966 nec
629 3929 758 3981 supremo
781 3911 913 3967 tribunali
936 3914 1092 3976 anteeant,
1119 3912 1239 3981 ideoque
1261 3913 1314 3981 ipsi
1336 3913 1413 3968 velut

127 4015 239 4056 causae
258 3995 312 4050 Dei
329 3996 483 4051 desertores
501 3995 591 4050 eidem
610 3996 743 4051 tribunali
761 3997 873 4052 obnoxii
891 3998 968 4051 fiunt.

207 4085 240 4150 ¹⁸)
260 4080 336 4135 Editi
353 4086 481 4151 relinquit,
500 4080 602 4135 rectius
615 4067 679 4135 nise.
694 4084 723 4136 et
733 4082 763 4134 ht
778 4086 803 4136 cl
814 4082 835 4135 i*
852 4088 963 4152 reliquit,
980 4101 1065 4150 quum
1084 4082 1128 4136 hic
1140 4083 1318 4147 memoretur,
1337 4082 1412 4150 quod

128 4170 187 4223 snb
206 4164 352 4221 Hauerico
370 4181 438 4235 rege
454 4164 483 4218 in
501 4165 597 4220 Africa
615 4167 724 4236 gestum
743 4169 792 4220 est.

205 4254 239 4320 ¹⁸)
258 4250 304 4304 lta
320 4248 347 4304 H
358 4249 422 4311 'fb'
437 4252 462 4303 θ’
473 4249 506 4315 i²;
531 4252 557 4304 a'
571 4267 606 4305 cc
624 4256 822 4306 contendendus.
846 4252 890 4306 Ad
902 4252 1087 4306 imitationem
1099 4251 1201 4305 Psalmi
1216 4258 1294 4315 123st
1308 4258 1411 4321 taqrrcus

128 4343 265 4394 contritus
283 4345 323 4390 eet
339 4334 386 4389 hie
402 4334 479 4389 locus
497 4334 667 4405 exprimitur.

202 4425 239 4490 ¹⁰)
259 4420 304 4474 lta
324 4418 437 4489 plurimi
459 4428 521 4473 mss.
557 4419 632 4473 Editi
654 4432 681 4474 at
704 4422 741 4488 (0⁷
754 4424 791 4475 0¹⁰
810 4420 898 4474 omitt.
917 4424 954 4489 nt)
977 4427 1114 4488 infucatum
1138 4425 1328 4475 lamentantibus
1351 4433 1410 4479 taur.

127 4509 184 4566 ΗΝ
194 4507 218 4560 i·
238 4516 266 4558 ut
282 4507 420 4569 {marasan
437 4509 655 4560 tmnentatr’om'bas
673 4512 768 4573 lapsum
786 4505 845 4572 (Hm
862 4506 953 4574 prime
970 4522 1054 4559 manu
1072 4508 1196 4573 taqueum)
1263 4512 1298 4560 ad
1314 4515 1411 4562 cautam

128 4592 165 4661 β’
184 4595 223 4644 ad
241 4591 345 4654 aaran).
380 4587 501 4643 ΗθΙῦΚ8
518 4593 662 4657 infucatim,
689 4588 726 4643 Hs
744 4595 895 4658 instipatum,
922 4590 950 4643 in
968 4588 1029 4645 aliis
1047 4591 1158 4644 nostrae
1176 4589 1289 4645 lectioni
1305 4591 1408 4647 favent.

127 4677 201 4732 211⁵
219 4677 361 4740 insacratis
378 4673 459 4739 (alter
475 4673 513 4728 H⁵
525 4676 657 4743 infucatis)
676 4679 902 4729 lamentationibus.
926 4674 961 4728 0⁷
974 4685 1000 4728 ut
1012 4680 1164 4742 infuscatam
1180 4680 1234 4729 sine
1246 4681 1305 4730 doto
1318 4684 1410 4730 tamen·

127 4762 286 4819 amnone.
306 4756 381 4812 haud
398 4757 481 4812 dubie
499 4774 533 4812 ex
550 4758 691 4829 imperitia
707 4758 823 4824 librarii,
841 4764 889 4827 qui
908 4762 936 4812 et
952 4777 1048 4814 vocem
1061 4764 1198 4827 infucatim,
1219 4777 1303 4828 quarn
1320 4760 1410 4830 petio·

127 4863 178 4901 ree
197 4859 267 4897 mss.
287 4839 423 4908 retinent,
446 4841 581 4911 eorrupit,
610 4845 638 4897 et
656 4843 780 4912 desdam
797 4843 873 4897 vocis
896 4844 1108 4914 explicationem
1127 4843 1154 4911 (i.
1167 4861 1191 4899 e.
1209 4851 1263 4901 rnre
1282 4839 1409 4912 dotofad

129 4927 301 4999 marginem
320 4924 489 4997 ademptam
506 4928 611 4982 temere
629 4928 657 4982 in
675 4928 784 4984 textum
801 4927 952 4984 transtulit.
