3204 5506
591 373 785 423 EPISTOLAE
810 364 859 421 17.
886 365 934 422 18.

633 527 816 631 Epistola
843 527 896 610 18.

286 698 499 766 llormisdae
523 715 632 782 papae
655 697 698 763 ad
720 697 894 778 synodum
916 697 1022 780 Epiri
1045 697 1192 764 veteris.
1413 698 1537 824 {filiii

76 839 116 891 14.
165 841 309 908 Episcopir
323 840 399 904 Epiri
415 840 508 889 veteris
526 840 558 889 de
575 854 660 888 coriam
677 839 714 887 art
723 837 855 887 Ecclesiae
873 837 993 887 unitatem
1009 839 1094 888 redita
1110 839 1264 901 pratatatur,
1283 844 1366 888 osteu-

163 928 253 992 aitque
269 928 413 991 pene-arem
431 924 614 975 haereticorum
631 925 815 974 damnationem
839 939 889 989 pro
913 923 1034 987 temporis
1054 923 1154 973 ratione
1172 938 1222 972 aon
1238 922 1365 987 sufficere,

529 1010 579 1059 nisi
596 1010 670 1060 etiam
689 1009 832 1059 nominatim
850 1009 1007 1061 damnentur.

286 1141 499 1207 Hormisda
535 1141 682 1226 synodo
712 1140 831 1224 Epiri
867 1140 1028 1205 veteris.
1087 1140 1192 1226 Par³)
1222 1145 1401 1206 Rufinum

380 1249 592 1310 diaconum.

223 1366 250 1428 1.
289 1363 482 1429 Benedictus
504 1362 591 1427 Deus
612 1362 776 1427 Ecclesiae
799 1384 874 1427 suae
897 1363 1040 1427 membra
1062 1363 1265 1428 consocians!
1300 1362 1398 1427 Bene-

127 1467 238 1531 dictus
261 1466 348 1529 Deus
355 1517 364 1546 ,
398 1466 452 1549 qui
480 1465 623 1550 maligno
651 1465 830 1549 instigante
853 1465 970 1529 divisos
999 1466 1058 1530 sub
1080 1466 1206 1548 eadem,
1241 1489 1304 1551 qua
1326 1466 1402 1529 olim

126 1570 282 1650 fuerunt,
317 1568 397 1631 facit
419 1567 580 1631 soliditate
604 1568 806 1650 conjunctos!
851 1567 924 1631 Etsi
952 1568 1038 1631 enim
1065 1567 1119 1630 diu
1146 1568 1282 1651 perdicis
1310 1568 1402 1631 modo

128 1669 324 1734 vociferavit
346 1669 510 1751 inimicus,
539 1674 572 1733 et
599 1690 668 1751 eos,
699 1690 777 1752 quos
798 1691 864 1733 non
893 1669 1022 1754 genuit,
1055 1669 1139 1733 sicut
1166 1671 1302 1734 asseruit
1329 1654 1514 1777 [πο-111ΞΙ11111111·

128 1772 248 1856 pheta,
274 1771 419 1856 collegit,
443 1775 553 1835 tamen
576 1772 649 1856 ab2)
672 1770 723 1834 his
739 1771 808 1834 sine
823 1772 1034 1856 ambiguitate
1049 1770 1254 1836 desolabitur.
1291 1772 1402 1856 Neque
1456 1765 1462 1789 '
1504 1765 1510 1776 ’

129 1874 221 1938 enim
243 1895 317 1937 oves
339 1873 517 1937 dominicae
540 1876 717 1957 sequnntur
739 1871 889 1955 alienum,
913 1875 971 1937 ant
992 1873 1122 1937 alterius
1138 1895 1247 1937 vocem
1264 1875 1402 1958 pesteris

129 1975 319 2040 exaudiunt.
363 1974 457 2040 Unde
479 1961 616 2040 nec‘vos
645 1975 685 2037 ad
713 1975 825 2038 salutis
855 1975 917 2039 iter
944 1975 1075 2039 rediisse
1101 1975 1255 2038 miramur
1262 2025 1270 2058 ,
1305 1998 1403 2060 quum

129 2078 320 2142 tarditatem
342 2077 446 2162 magis
468 2078 502 2141 in
524 2077 585 2141 hac
608 2077 881 2160 redintegratione
904 2077 1077 2162 culpemus
1380 2066 1387 2077 ’

218 2179 249 2244 2.
286 2178 456 2262 Debemus,
482 2180 636 2243 carissimi
658 2179 786 2260 fratres,
816 2180 997 2244 domesticis
1020 2179 1068 2243 uti
1077 2180 1103 2265 1)
1126 2180 1166 2244 ad
1188 2179 1283 2263 hanc,
1307 2203 1403 2265 quam

129 2281 327 2366 quaerimus,
351 2281 562 2345 stabilitatem
585 2281 793 2345 documentis.
833 2281 996 2365 Siquidem
1011 2285 1090 2346 tunc
1105 2282 1291 2346 Timotheus
1307 2282 1403 2348 Cher-

130 2383 289 2465 sonensis,
313 2383 422 2467 gravis
445 2404 543 2466 quum
565 2383 747 2467 disceret⁴),
779 2384 908 2467 gravior
930 2405 1026 2467 quum
1049 2382 1187 2466 doceret,
1217 2385 1307 2470 (nam
1328 2384 1403 2449 Dio-

129 2485 217 2550 scori
240 2488 389 2568 sectabor,
414 2488 448 2549 et
467 2484 551 2549 idem
567 2484 654 2548 Petri
677 2484 886 2548 nihilominus
902 2485 1094 2571 institutor,)
1118 2487 1267 2551 adversus
1290 2487 1404 2551 beatae

128 2587 364 2652 recordationis
399 2585 579 2650 Proterium
613 2587 779 2650 saevitiam
788 2588 814 2672 1)
847 2608 922 2650 suae
955 2589 1146 2652 temeritatis
1179 2589 1334 2671 exseruit,
1372 2592 1405 2653 et

129 2689 234 2754 totius
255 2688 353 2752 finem
375 2688 573 2752 crudelitatis
588 2689 738 2772 excessit,
762 2689 905 2773 religiosi
921 2689 981 2752 viri
997 2688 1126 2754 caedem
1146 2690 1232 2754 inter
1246 2691 1317 2774 ipsa
1331 2712 1404 2774 ope-

127 2795 225 2856 ratus
248 2790 377 2873 altaria,
409 2790 462 2853 vix
483 2790 631 2855 faucibus
653 2791 719 2855 suis
747 2792 787 2854 ab
810 2792 864 2855 illo
887 2791 940 2874 pio
963 2813 1072 2855 cruore
1095 2792 1267 2876 suspensis.
1312 2792 1404 2856 Tunc

126 2892 309 2978 excitarat)
332 2892 521 2956 universalis
537 2891 683 2956 Ecclesia
704 2893 738 2956 in
761 2893 869 2957 odium
891 2876 1081 2976 parricidale,
1106 2894 1302 2974 auctorem)
1326 2894 1404 2958 faci-

125 2995 222 3062 noris
245 2994 330 3059 tanti
352 3017 417 3058 non
440 2994 542 3058 solum
565 2995 787 3059 communione
810 2995 837 3078 ’1,
867 3017 977 3059 verum
1005 2995 1101 3060 etiam
1129 2994 1251 3079 ipsaess)
1281 3017 1403 3079 quoque
1415 2985 1537 3124 811)ξῖὶέεῇ

126 3154 257 3164 -————

127 3239 163 3289 18
205 3235 224 3299 ¹)
242 3231 338 3286 Verba
358 3236 412 3286 Per
430 3236 543 3299 Rufinam
565 3237 696 3285 diaconam
719 3248 753 3285 cn
776 3232 901 3299 generali
924 3231 1103 3301 epistolarum
1125 3232 1229 3298 indice,
1252 3232 1299 3298 qui
1321 3232 1351 3285 in
1369 3232 1402 3285 G'

123 3318 201 3390 ipsis
213 3316 337 3386 epistolis
353 3318 555 3386 praemittitur,
575 3334 743 3372 revocamus.
774 3317 845 3371 Hinc
855 3318 1035 3371 confirmatur
1047 3316 1209 3384 conjectura
1222 3317 1330 3384 nostra,
1350 3335 1405 3385 qua

122 3402 307 3474 superiorem
325 3402 471 3472 epistolam
490 3408 521 3455 17
539 3419 595 3457 non
614 3405 704 3455 XVII
719 3402 767 3457 sed
787 3406 864 3455 XIII
877 3406 931 3456 Cat.
951 3401 1169 3469 consignandam
1188 3401 1402 3456 observavimus.

202 3491 224 3555 ²)
243 3488 286 3541 lta
304 3486 348 3541 G¹.
384 3485 460 3540 Editi
477 3491 605 3554 abyssina.

202 3575 225 3637 1)
243 3571 276 3626 G¹
291 3573 318 3625 a¹
337 3583 365 3625 ut
382 3576 429 3624 dac
447 3591 519 3639 picam
538 3579 680 3640 potuerimus
698 3577 846 3630 stabilitate.

203 3659 225 3724 ⁴)
244 3657 280 3709 Et
296 3655 342 3710 hio
359 3655 517 3710 emendatio
536 3656 641 3724 placuit
652 3657 778 3725 Beronii,
797 3675 882 3727 quum
892 3656 970 3727 prius
984 3656 1123 3711 obtineret
1136 3662 1310 3711 descenderet.
1340 3656 1405 3710 Pos-

121 3746 179 3804 set
191 3744 222 3797 et
232 3742 290 3811 legi
306 3759 401 3811 pravas
413 3762 486 3810 picam
495 3747 617 3803 disceret,
635 3742 688 3796 hoo
707 3743 755 3809 est,
775 3760 860 3812 quum
872 3742 998 3797 Dioscori
1016 3741 1165 3811 discipulus
1177 3740 1334 3795 Proterium
1349 3741 1405 3810 epi-

120 3846 250 3899 scopum
267 3844 347 3881 suum
364 3825 516 3891 interfecit,
539 3833 645 3895 praor'or
667 3849 738 3896 quium
756 3833 873 3887 (taceret,
896 3827 949 3880 hoc
972 3829 1026 3893 est,
1050 3845 1135 3896 quum
1153 3825 1299 3898 episcopus
1317 3828 1405 3880 factus

120 3912 227 3977 Petri,
245 3911 292 3980 qui
309 3911 362 3981 ipsi
379 3911 521 3975 successit,
540 3911 682 3966 institutor
700 3929 733 3966 ac
744 3912 879 3980 magister
891 3911 987 3967 evasit.
1023 3911 1066 3965 Ab
1084 3910 1233 3965 Hormisda
1251 3913 1344 3965 autem
1364 3917 1406 3964 Τι’-

119 4003 247 4056 mortens
272 3996 336 4051 ideo
358 4001 540 4051 Chersonesus
567 3998 740 4066 nuncupatus
766 3997 888 4064 videtur,
917 3995 984 4065 quia
1008 3996 1037 4048 in
1065 3994 1184 4065 epistola
1207 4003 1223 4050 8
1250 3995 1343 4050 Aeacii
1369 3996 1406 4050 ad

120 4083 310 4153 Simplicium
324 4089 379 4135 Μ
397 4081 510 4149 legerit,
533 4085 682 4135 Timotheum
700 4088 732 4134 de
751 4087 878 4136 Chersone
897 4085 956 4149 (seu
976 4083 1097 4150 Centone)
1115 4087 1256 4149 spirantem
1277 4089 1406 4149 procellas

119 4172 210 4228 vitae
229 4168 366 4221 humanae
384 4166 566 4220 subtractum.
600 4166 704 4219 Verum
724 4166 763 4219 ibi
782 4166 944 4220 Timotheus
962 4183 1017 4220 non
1036 4165 1071 4219 dc
1090 4165 1229 4220 Chersone
1248 4167 1337 4232 ortus,
1357 4166 1405 4220 scd

119 4259 167 4313 de
187 4254 341 4318 Chersone,
359 4251 408 4304 ubi
426 4251 502 4304 exsul
519 4251 655 4319 degebat,
674 4251 782 4320 spirans
800 4251 937 4319 procellas
955 4238 1133 4304 memoratur.

203 4340 225 4406 1)
244 4338 262 4392 b
280 4342 409 4391 scientiam
420 4356 483 4389 suae
496 4342 644 4390 teineritatis
657 4345 786 4396 exercuit,
805 4337 943 4403 corrupta.
973 4335 1039 4387 Mox
1052 4341 1128 4402 fidem
1146 4335 1303 4401 mallemus,
1322 4351 1405 4402 quam

115 4436 217 4498 fiuent,
236 4422 315 4492 quasi
333 4421 449 4475 diceret:
469 4432 493 4474 et
511 4427 692 4483 arridetitatem,
712 4441 776 4489 quac
795 4441 888 4474 ornnem
903 4426 978 4487 fidem
997 4427 1116 4476 excedat,
1153 4420 1242 4484 Quam
1255 4419 1406 4474 crudeliter

118 4507 279 4571 Proterius
301 4508 414 4561 necatus
437 4509 465 4560 ct
486 4507 552 4575 post
573 4508 692 4560 mortem
715 4506 850 4560 tractatus
873 4522 890 4559 a
912 4504 1061 4560 Timotheo
1089 4505 1187 4572 fuerit,
1210 4505 1272 4572 jam
1295 4504 1405 4574 saepius

120 4591 302 4655 audivimus.

201 4682 225 4747 ⁶)
243 4675 382 4731 Videlicet
398 4676 498 4731 Leonis
515 4677 634 4746 Augusti
651 4676 752 4731 litteris
771 4693 821 4745 per
840 4675 981 4730 universas
998 4673 1156 4745 provincias
1175 4674 1329 4730 destinatis.

202 4768 224 4831 ⁷)
244 4764 263 4817 b
282 4768 419 4818 ductores.

202 4853 223 4917 s)
243 4849 288 4902 lta
306 4847 339 4902 G¹
354 4849 390 4900 a¹.
422 4847 699 4913 Resarcitursensus,
718 4847 741 4900 si
754 4848 1148 4914 anteacommuatonespotiaoit
1165 4846 1283 4914 legatur.
1312 4845 1403 4900 Coust.

120 4933 325 5010 supplendum
346 4932 446 4986 suadet
467 4937 525 5000 ipsa
549 4954 646 5002 quaque
670 4937 817 4987 Christiana
840 4937 1011 5000 appellatione
1036 4938 1154 5001 priuauit.
1200 4936 1274 4987 Adeo
1301 4936 1406 4984 omniura
