3204 5506
231 324 294 389 366
705 342 732 388 s.
751 341 891 389 animan
914 341 1027 387 aaran

121 508 216 559 a.494.
230 496 398 560 diaconum
420 498 478 560 aut
501 493 683 579 acolythum
702 495 756 578 jus
778 495 896 560 habere
917 494 1073 577 faciendi,
1095 514 1157 557 nce
1178 513 1311 576 prorsus
1327 490 1454 556 addubil

230 601 257 664 si
289 600 461 683 quidquam
495 597 535 661 ad
569 596 749 681 episcopale
781 598 995 661 ministerium
1028 588 1212 681 specialiter
1245 594 1418 678 pertinens
1446 615 1454 657 r

229 705 318 765 motu
339 701 501 785 putaverit
523 700 769 784 exsequendum,
794 700 994 784 continuae)
1017 721 1051 762 se
1070 697 1263 782 presbyterii
1286 696 1450 783 dignitate

230 825 320 867 sacra
348 804 569 867 communione
598 802 728 886 privari.
784 800 874 876 Quod
900 801 969 865 fieri
997 821 1127 865 necesse
1154 803 1206 863 est
1234 818 1442 883 censeamus,

231 907 299 989 ejus
328 904 474 990 praesule
502 905 666 968 deferente
694 903 876 987 hujusmodi
904 904 1002 967 fuerit
1024 901 1258 986 praevaricatio
1282 901 1454 987 comproba

230 1030 289 1072 nee
311 1009 381 1092 ipso
403 1008 471 1091 ejus
494 1007 643 1090 episcopo
671 1029 690 1070 a
718 1006 812 1090 culpa
834 1006 1058 1070 conniventiae
1082 1008 1115 1069 et
1136 1003 1259 1068 ultione
1283 1008 1447 1087 vacaturo,

230 1110 441 1174 immoderata
463 1109 638 1173 facientem
660 1108 909 1173 dissimulaverit
930 1108 1083 1172 indicare.

143 1210 217 1278 Vll.
316 1215 346 1277 7.
362 1210 522 1275 Diaconos
534 1232 658 1295 quoque
672 1213 835 1295 propriam
852 1211 1075 1275 constituimus
1090 1233 1218 1278 servare
1230 1231 1426 1293 mensuram,

231 1314 315 1378 ultra
336 1317 480 1379 tenorem
502 1314 646 1397 paternis
670 1314 846 1377 canonibus
874 1314 1062 1397 deputatum
1089 1314 1255 1398 quidpiam
1284 1316 1412 1376 tentare
1433 1337 1454 1351 “

229 1416 404 1479 mittimus:
428 1415 509 1479 nihil
532 1438 641 1479 conam
663 1437 720 1480 suo
742 1416 921 1479 ministerio
942 1416 1072 1499 penitus
1088 1415 1263 1500 applicare,
1288 1436 1370 1500 quac
1391 1426 1454 1498 pn'

230 1518 394 1581 ordinibus
417 1519 545 1602 proprie
568 1518 709 1582 decrevit
736 1519 922 1602 antiquitas
971 1518 1103 1602 Absque
1126 1519 1278 1603 episcopo
1300 1516 1351 1582 vel
1373 1538 1454 1601 pres

230 1624 299 1683 tero
321 1620 485 1703 baptizare
507 1643 573 1685 non
595 1621 749 1703 audeaut,
779 1620 841 1683 nisi
869 1621 1041 1705 praedictis
1063 1620 1211 1685 fortassis
1234 1619 1351 1684 officiis
1372 1618 1454 1711 long

232 1723 416 1787 constitutis
437 1723 613 1787 necessitas
637 1726 779 1787 extrema
807 1722 995 1807 compellat:
1024 1723 1108 1807 quod
1135 1727 1168 1787 et
1195 1721 1288 1787 laicis
1310 1721 1454 1792 Christian

229 1825 337 1889 facere
359 1824 545 1910 plerumque
569 1826 820 1911 conceditur⁵³);

127 1926 218 1992 Vlll.
315 1927 345 1991 8.
384 1926 458 1991 Nou
480 1929 513 1991 iu
534 1928 779 2013 presbyterio⁵⁴)
802 1928 949 2011 residere,
977 1924 1074 2012 quim
1095 1927 1205 1992 dimna
1227 1927 1418 1992 celebrantur
1432 1948 1454 1991 u

231 2029 466 2094 ecclesiasticus
488 2029 626 2094 habetur
652 2030 834 2114 quicunque
861 2034 1030 2094 tractatus.
1085 2030 1176 2095 Sacri
1206 2030 1347 2115 corporis
1371 2048 1454 2114 praere

230 2133 442 2219 gationem55)
466 2133 525 2196 sub
549 2136 722 2216 conspectu
743 2132 905 2216 pontilicis
928 2155 983 2196 seu
1004 2132 1201 2218 presbyteri,
1230 2133 1295 2198 nisi
1316 2131 1364 2197 his
1383 2131 1454 2195 absen

180 2248 183 2252 '
229 2234 327 2318 tibus,
347 2235 401 2317 jus
423 2257 489 2299 non
511 2234 653 2299 habeant
675 2235 854 2299 exercendi.

220 2395 221 2399 ,
306 2337 418 2413 Quum
434 2338 519 2402 enim
534 2338 662 2402 decreta
678 2336 908 2402 venerabilium
931 2338 1135 2402 sanctionum
1156 2359 1216 2402 nas
1231 2359 1353 2424 quoque
1366 2351 1454 2420 nagal

230 2461 305 2524 pere
329 2441 487 2504 custodire
509 2441 662 2524 nitamur,
687 2463 724 2504 ac
746 2441 815 2504 sine
838 2461 946 2504 eorum
961 2441 1128 2525 dispendio
1144 2440 1242 2506 etiam
1257 2440 1323 2523 illa,
1345 2459 1414 2525 quse
1424 2453 1454 2522 pl

231 2541 366 2626 alicujus
389 2541 539 2606 utilitatis
561 2543 697 2607 fortasse
720 2543 908 2628 compendio
929 2541 1099 2607 videantur
1114 2543 1263 2628 laxanda,
1288 2535 1454 2607 cedamus*

230 2864 317 2919 verba
334 2865 538 2935 expendantur,
560 2866 601 2920 ita
620 2866 661 2920 ibi
683 2866 854 2936 presbyteris
872 2867 1037 2937 prohibetur
1054 2866 1284 2937 presbyterorum
1302 2869 1384 2935 atquc
1398 2863 1454 2919 d'nc

230 2967 328 3004 uorum
347 2952 533 3017 consecratio,
556 2952 587 3004 ut
605 2951 791 3006 subdiaconos
810 2954 840 3005 et
857 2952 1000 3021 acolythos
1017 2952 1138 3007 faciendi
1154 2955 1282 3022 potestas
1298 2969 1354 3008 nan
1369 2950 1454 3020 aaa

217 3100 220 3107 .
297 3037 329 3105 ⁵¹)
348 3036 375 3088 d¹
399 3037 486 3091 addit.
505 3043 546 3090 siu
568 3042 640 3090 alias.
676 3037 783 3091 Deinde
801 3037 837 3090 D⁶
850 3037 880 3090 d'
897 3042 1036 3104 referente.
1072 3038 1192 3106 Moxque
1209 3036 1239 3091 dc
1252 3037 1282 3091 d'
1298 3058 1316 3092 a
1333 3043 1403 3106 alpe
1418 3033 1454 3089 eei

229 3125 303 3175 beate
321 3132 346 3176 et
368 3127 404 3176 ad
425 3129 542 3177 melonem
559 3133 691 3183 cacaliae.
719 3124 844 3180 nostram
861 3123 1010 3177 lectionem
1027 3124 1087 3176 tum
1109 3122 1252 3192 plerisque
1269 3139 1332 3178 mss.
1350 3119 1434 3190 (etin
1452 3160 1454 3165 -

229 3206 264 3259 Ει
275 3206 324 3272 H⁸3
342 3207 391 3260 He
403 3207 437 3261 Fr
456 3209 636 3276 cohibentiae),
654 3210 714 3261 tum
732 3207 852 3282 vulgatis
869 3209 1022 3263 tuentibus.
1037 3239 1068 3249 -
1080 3207 1187 3263 Deinde
1199 3207 1236 3262 D·
1252 3214 1277 3263 si
1291 3213 1319 3262 s‘s
1335 3210 1454 3262 innam

227 3296 363 3358 sumentem
376 3299 571 3348 dissimulaverit
586 3297 728 3360 uindicare;
747 3310 780 3347 uc
797 3299 928 3348 uindicare
940 3293 1047 3348 hebent
1058 3293 1143 3347 etiam
1160 3293 1289 3362 plerique
1300 3291 1349 3348 alii
1358 3307 1415 3346 m
1424 3301 1454 3344 ω

229 3376 310 3431 editis
323 3378 419 3445 (etiam
432 3378 480 3447 (Ρ).
512 3378 567 3433 Sed
585 3378 675 3447 magis
687 3379 782 3448 placet
793 3396 854 3433 eum
867 3379 898 3431 ΒΙ
914 3376 944 3431 0¹
959 3378 999 3432 F¹¹¹
1013 3384 1137 3432 inficere.
1164 3378 1319 3447 Postquam
1331 3367 1454 3431 eumad

229 3460 285 3514 sius
308 3463 504 3531 presbyterum
525 3471 645 3531 praeside
668 3468 801 3530 deserente
825 3466 884 3531 (seu
906 3465 1047 3532 referente)
1070 3479 1089 3517 a
1105 3480 1134 3518 sc
1156 3463 1329 3533 puniendum
1345 3456 1454 3533 praefi

230 3548 305 3599 reete
323 3549 417 3614 cavet,
439 3561 473 3602 nc
492 3548 602 3617 praesul
618 3548 779 3617 hujusmodi
798 3549 892 3618 culpas
911 3555 1026 3603 ludim
1044 3565 1093 3602 seu
1111 3548 1220 3602 deferre
1237 3547 1291 3604 sibi
1305 3546 1423 3618 negligat
1433 3554 1454 3597 Ι

229 3630 392 3685 dissimulet.
420 3632 499 3687 Unde
514 3633 568 3687 hoe
580 3633 724 3688 decretum
742 3633 776 3688 ad
797 3651 865 3688 rinae
882 3633 981 3688 Italiae
998 3632 1155 3703 provincias
1172 3633 1294 3688 abducre
1311 3627 1454 3687 aarum

297 3719 330 3785 ⁵³)
353 3715 487 3773 Similiter
509 3719 570 3788 jam
593 3718 780 3772 Tertullianus
803 3718 837 3771 dc
860 3709 938 3788 bapt.
962 3735 1023 3788 cap.
1045 3725 1075 3772 17
1098 3716 1261 3788 scripserat:
1290 3723 1377 3772 Danda·
1393 3713 1454 3786 qd!

230 3800 384 3871 (baptismi)
402 3804 477 3858 habet
493 3809 541 3872 jas
558 3823 665 3858 mamus
681 3808 817 3867 scandas,
840 3810 884 3874 qai
901 3816 941 3858 est
957 3810 1105 3874 episcopum
1127 3807 1218 3859 dehinc
1233 3806 1380 3873 pretim
1392 3800 1454 3881 djl

229 3894 298 3951 coni,
316 3907 366 3942 uon
384 3900 465 3943 tamea
483 3896 537 3944 elue
555 3895 671 3957 episcopi
687 3894 842 3943 auctoritate
860 3900 971 3959 propter
983 3893 1265 3954 Scelstissimum,
1284 3884 1454 3982 queteb&

246 3983 348 4027 hese.
425 3980 560 3993 '''
647 3980 812 4031 ‘''.

167 4039 176 4051 ⁸
226 3992 245 4041 p
263 3992 284 4027 x
297 4060 329 4126 Μ)
348 3978 508 4130 aiiiiiihi
524 3981 830 4129 iiiiiriiniinitaseiahsdqiiid
848 4062 956 4116 veteres
971 4062 1081 4115 coetum
1098 4059 1219 4131 intelligi
1231 4059 1312 4123 cleri,
1328 4059 1358 4115 in
1373 4070 1454 4130 quoq

230 4143 306 4213 scopi
324 4161 387 4198 curn
404 4144 588 4215 presbyteris,
607 4143 730 4198 diaconis
748 4147 832 4213 atque
850 4145 990 4199 interim
1008 4163 1071 4200 cum
1082 4144 1189 4213 reliquo
1201 4145 1277 4200 clero
1289 4142 1454 4201 aaronem

229 4227 388 4299 saepissime
407 4230 519 4285 obviam
536 4231 578 4297 fit3
598 4229 668 4284 conf.
688 4228 795 4284 Cornel.
816 4230 1008 4303 episteme,
1026 4230 1103 4285 Sirio.
1119 4229 1200 4301 epist.
1214 4236 1269 4286 ln.
1282 4237 1308 4287 8.
1338 4230 1388 4286 ffis
1402 4228 1454 4285 aas

228 4314 256 4366 iu
275 4315 400 4370 coetibus
419 4315 564 4386 episcopos
582 4332 615 4369 ac
631 4314 811 4384 presbyteros
830 4316 991 4384 consedere,
1011 4316 1143 4372 ffiacoum
1160 4316 1274 4371 adstare
1290 4332 1354 4372 mes
1370 4316 1454 4382 ml

229 4416 288 4467 syn.
302 4400 415 4456 Nicaea.
431 4419 453 4456 c.
469 4405 519 4470 18).
534 4431 566 4441 —
578 4400 643 4454 Mox
660 4399 697 4453 D⁹
710 4399 740 4453 <1²
757 4404 800 4455 abi
816 4406 909 4458 diviua.

296 4489 327 4553 ⁵⁵)
347 4485 477 4556 Corporis
499 4484 601 4541 Christi
627 4487 693 4556 post
712 4502 855 4541 sacrarum
875 4474 1072 4556 mysteriorum
1094 4486 1316 4543 celebnationem
1342 4504 1454 4546 reserves

228 4585 292 4623 usus
313 4569 379 4624 hinc
405 4571 552 4625 manifeste
575 4570 781 4640 comprobatur.
822 4572 953 4640 Alioquin
971 4572 1107 4639 diaconis,
1134 4573 1237 4640 quibus
1255 4575 1384 4645 corporis
1400 4574 1454 4631 (hl

229 4654 392 4708 conficiendi
408 4656 532 4725 potestas
551 4671 606 4708 non
624 4659 697 4724 erut,
715 4658 818 4711 hristus
835 4658 1058 4727 permitteretur,
1076 4659 1108 4712 ut
1124 4657 1193 4712 illud
1205 4659 1349 4731 episeopis
1365 4661 1413 4717 vel
1426 4678 1454 4734 ps

229 4737 333 4806 layteris
351 4740 511 4794 absentibus
529 4740 726 4796 ministrarent.

296 4827 328 4893 Μ’)
347 4825 389 4880 lta
407 4824 442 4878 Dl
461 4842 522 4879 curu
546 4825 607 4881 aliis
626 4833 653 4880 11
675 4845 738 4882 mss.
759 4844 791 4882 ac
810 4826 877 4881 F'Fl
890 4827 930 4881 Fe
944 4828 981 4883 (1².
1007 4830 1044 4883 ht
1061 4828 1099 4882 11⁵
1116 4834 1253 4895 dacem,
1271 4829 1324 4886 Η15
1335 4832 1367 4888 h·
1384 4838 1454 4891 dte·

228 4911 255 4962 τι*
269 4925 284 4961 c
296 4907 316 4961 i*
334 4915 475 4966 credamus.
