3204 5506
727 338 755 386 Β.
773 336 908 386 FELICIS
931 337 957 383 11
979 334 1093 384 PAPAE

779 524 962 628 Epistola
989 524 1043 607 15.

131 669 260 802 (siffis
497 677 631 743 Felicis
652 693 762 760 papae
783 676 829 742 ad
851 677 1026 743 Zenonem
1047 675 1319 759 imperatorem.

307 819 427 869 Laudato
445 820 503 881 ejas
519 818 603 867 stadio
620 819 647 866 ia
665 818 826 877 ordinatione
844 819 902 867 nori
918 819 1035 882 episcopi
1051 817 1177 873 nazara,
1196 822 1225 864 a!
1241 816 1268 863 ia
1285 813 1361 864 Petri
1371 814 1439 862 Acen

309 907 431 955 nomisma
448 904 618 963 damnatione,
637 903 670 950 de
688 919 737 964 qno
756 903 833 968 legati
850 903 1009 967 episcopales
1028 902 1089 950 niti!
1104 900 1153 950 eibi
1169 900 1315 949 mandatura
1331 912 1386 948 esee
1400 912 1439 963 req

488 989 590 1050 derant,
608 1002 754 1037 ecmannum
772 1002 826 1037 cum
843 988 951 1037 ecclesia
969 985 1083 1037 Itorrrnna
1100 986 1201 1036 tandem
1218 984 1326 1048 efficiat.

425 1119 536 1184 Felix
559 1118 707 1184 Zenoni
729 1118 972 1202 imperatori.

361 1240 389 1304 1.
427 1238 552 1323 Dignas
574 1239 694 1303 referre
715 1238 784 1303 Deo
806 1241 917 1303 nostro
939 1238 1061 1324 gratias
1083 1238 1189 1304 fateor
1209 1262 1301 1305 mens
1323 1239 1439 1306 human

274 1341 405 1424 sufficit,
434 1342 517 1423 quod
549 1344 677 1405 tantam
704 1340 869 1425 religionis
898 1363 1006 1404 curam
1034 1341 1069 1405 in
1097 1343 1222 1407 vestrae
1243 1342 1376 1426 pietatis
1397 1365 1439 1408 ser

274 1444 436 1508 miseratio
464 1444 574 1507 dianna
602 1443 785 1525 constituit,
814 1446 851 1507 ut
879 1464 948 1507 eam
977 1446 1010 1507 et
1037 1443 1194 1508 universis
1222 1445 1363 1529 negotiis
1391 1448 1439 1510 ant

274 1549 307 1609 et
334 1544 496 1609 soliditate
523 1545 718 1630 reipublicae
746 1545 919 1627 contineri,
956 1567 1052 1628 quam
1078 1546 1237 1610 veraciter
1258 1544 1439 1613 Christiano

275 1650 412 1732 augusto
436 1647 559 1729 judicio
590 1648 773 1729 censeretis,
805 1647 880 1730 quia
902 1667 1013 1710 revera
1033 1647 1264 1730 propitiatione
1287 1648 1439 1715 coelestii

274 1749 421 1813 subsistit
447 1748 649 1813 universitas.
693 1747 742 1812 Ex
766 1770 829 1832 qua
855 1747 994 1812 mirabili
1018 1747 1184 1813 devotione
1207 1752 1334 1815 vestrae
1357 1750 1439 1817 clema

273 1849 465 1934 processisse
488 1872 656 1935 cognosco,
680 1850 832 1934 quidquid
854 1872 913 1933 pro
935 1849 1035 1914 (livini
1051 1850 1155 1914 cultus
1170 1853 1351 1917 reverentia
1367 1853 1439 1918 celel

273 1952 520 2036 tranquillitatis
548 1956 673 2016 vestrae
701 1974 804 2015 sermo
831 1951 1043 2036 deprompsit:
1071 1955 1107 2016 ut
1134 1952 1258 2018 scilicet
1284 1953 1439 2020 firmare«

274 2053 356 2118 licae
383 2054 455 2118 fidei
479 2054 645 2137 cupientes
667 2054 825 2117 unitatem
848 2053 1115 2138 ecclesiarumque
1142 2062 1256 2139 pac'em
1278 2077 1438 2142 magnope

274 2156 396 2239 borari,
432 2156 530 2220 talem
557 2154 728 2220 studeretis
755 2155 885 2239 praefici
915 2155 1281 2240 dinsanunopolitanis
1319 2159 1439 2223 antistit

274 2259 329 2342 qui
357 2280 496 2342 superno
522 2278 655 2321 munere.
688 2260 901 2342 prosequente
935 2261 968 2321 et
1001 2278 1125 2321 morum
1151 2258 1314 2342 probitate
1340 2259 1439 2347 fiilger

274 2380 352 2444 prae
374 2359 521 2424 omnibus
543 2358 738 2422 orthodoxae
760 2359 906 2424 veritatis
928 2358 1063 2444 polleret
1085 2359 1210 2424 affectu.
1254 2358 1413 2448 Magnam
1432 2362 1439 2426 i

275 2462 405 2547 egregie
427 2461 587 2545 princepe,
613 2461 758 2544 capio—de
781 2464 915 2545 utroque
937 2461 1110 2526 laetitiam:
1132 2484 1231 2547 quum
1252 2466 1287 2527 ct
1308 2464 1345 2528 in
1366 2469 1439 2530 tuae

275 2563 389 2627 nitatis
417 2563 524 2626 auimo
549 2564 636 2627 sicut
662 2563 697 2626 in
720 2563 838 2626 saeculi
868 2564 1001 2647 fastigio
1024 2564 1235 2628 constitutum
1261 2565 1310 2629 ita
1336 2550 1439 2651 praec

275 2664 421 2729 Ecclesia
442 2664 544 2728 filium
566 2664 635 2728 Deo
656 2665 779 2728 factore
792 2665 952 2748 suscepit,
976 2670 1009 2728 et
1030 2687 1103 2729 eum
1124 2666 1241 2749 ipsum,
1265 2666 1305 2730 de
1328 2669 1422 2753 cujus

274 2766 348 2830 ficio
370 2766 565 2852 gloriamini,
595 2767 670 2830 dum
698 2767 738 2830 ad
766 2767 852 2831 beati
874 2766 962 2831 Petri
991 2767 1127 2851 apostoli
1150 2768 1257 2832 sedem
1280 2790 1360 2834 suae
1381 2770 1439 2835 refe

222 2863 225 2867 ’
275 2868 411 2952 gnitatis
434 2866 642 2955 exordium2),
662 2869 731 2952 jam
753 2891 828 2932 suae
851 2869 974 2934 dedisse.
997 2870 1122 2954 gaudeo
1136 2869 1368 2936 moderationis
1381 2872 1440 2937 ind

275 2969 338 3034 Ubi
361 2969 456 3035 sunni
478 2974 511 3035 et
532 2971 784 3055 magnanimitas
806 2974 912 3035 vestra
934 2972 1126 3055 resplendet,
1149 2971 1278 3057 quando
1293 2971 1439 3039 Ecclesia

274 3094 354 3156 sam,
378 3073 462 3137 sicut
484 3073 637 3136 divinitus
659 3074 845 3137 institutum
865 3077 924 3156 est,
948 3072 1138 3157 pontificum
1160 3073 1321 3139 desiderat
1342 3076 1439 3141 ordin

276 3175 423 3258 componi
431 3175 467 3260 ³),
497 3178 530 3238 et
551 3176 606 3258 qui
627 3175 662 3238 in
685 3174 854 3240 sacerdotii
877 3174 1064 3260 perhibetur
1084 3179 1254 3259 provectus
1276 3176 1436 3263 officium,

274 3276 349 3340 inde
371 3276 490 3360 fulciri,
520 3278 603 3341 unde
627 3276 754 3342 Christo
783 3278 931 3361 cupiente
956 3277 1086 3360 profluit
1109 3266 1298 3343 cunctorum
1319 3280 1433 3365 gratia

273 3379 473 3462 pontificum.
519 3378 617 3462 Cujus
645 3379 743 3442 etiam
770 3379 950 3443 litterarum
971 3401 1022 3443 me
1048 3379 1172 3444 refovet
1192 3380 1346 3466 intentio,
1370 3405 1439 3468 qua

275 3480 366 3545 decet
394 3481 521 3546 Christo
556 3481 683 3565 placere
714 3482 889 3565 nitentem,
934 3485 967 3545 et
1003 3503 1147 3547 summram
1184 3490 1396 3564 apostoloram
1432 3492 1439 3552 l

122 3568 397 3647 Matio.1o‚p„„„„
419 3594 449 3646 et
465 3593 586 3663 pctrom
605 3590 682 3660 fidei
702 3606 770 3649 asse
792 3607 858 3649 non
878 3583 991 3666 tacuit,
1021 3587 1053 3648 et
1079 3584 1182 3648 eidem
1208 3593 1426 3666 marterteram

142 3639 261 3692 ¹⁸⁰t¹⁹'
274 3690 409 3748 creditas
435 3683 534 3748 fuisse
562 3693 732 3751 coelestiam
765 3686 940 3769 prudenter
967 3685 1100 3770 struxit,
1135 3689 1234 3771 utque
1263 3687 1439 3755 11⁰bi⁸⁰¹¹111

202 3976 260 4049 [aa]
344 3959 363 4024 ¹)
382 3960 457 4011 c⁷c¹⁰
475 3976 489 4013 e
508 3959 622 4028 regione
639 3957 722 4027 hujus
740 3957 819 4013 verbi
837 3958 873 4012 ad
892 3975 980 4028 marg.
1001 3963 1155 4027 Euphemias
1170 3964 1194 4013 io
1208 3962 1268 4026 saie.
1297 3959 1339 4014 At
1350 3960 1439 4019 Flevit

274 4039 426 4109 designari,
444 4059 499 4096 uon
511 4042 708 4112 Euphemium,
726 4043 873 4097 manifeste
886 4044 1082 4098 demonstrant
1093 4044 1181 4099 verba
1192 4043 1238 4098 hic
1248 4046 1389 4115 repetita,
1404 4064 1439 4117 qr

272 4125 345 4180 vitas
363 4126 391 4180 in
409 4127 551 4197 superiore
569 4126 689 4196 epistola
706 4135 877 4182 memoratur
894 4127 1042 4198 scripsisse.
1079 4129 1199 4183 Rursum
1221 4128 1287 4184 hinc
1303 4131 1439 4188 nonnihil

274 4212 378 4277 matur,
396 4211 472 4280 quod
488 4211 661 4282 Nicephorus
680 4211 787 4267 Callisti
804 4213 876 4279 XVI,
891 4220 920 4269 18
939 4215 1036 4267 narrat
1048 4229 1065 4267 a
1077 4213 1187 4269 Zenone
1204 4213 1320 4281 factum,
1341 4210 1376 4271 rit
1390 4234 1439 4288 prr

274 4296 362 4350 nDco
378 4296 496 4351 electum
513 4297 685 4367 impetraret.
716 4297 813 4353 Eidem
830 4298 963 4354 historiae
976 4299 1064 4366 iavet,
1083 4299 1158 4369 quod
1169 4317 1234 4354 mox
1246 4299 1393 4371 subditur,
1412 4301 1439 4358 1¹¹

274 4382 310 4435 ab
328 4380 452 4436 Ecclesia
470 4387 525 4437 Deo
540 4386 643 4449 factore
662 4384 821 4453 susceptum
838 4383 932 4438 inisse.

341 4470 362 4536 ²)
379 4466 511 4523 Liberato
534 4484 556 4521 c.
579 4473 609 4521 18
631 4469 703 4522 tcstc
724 4467 848 4523 Flavitas
871 4490 920 4524 aon
942 4472 1070 4523 consensit
1089 4475 1145 4525 sine
1166 4473 1281 4527 &mano
1306 4478 1437 4543 ponc‘fice

274 4573 364 4606 nizam.

340 4638 361 4706 ⁸)
380 4635 420 4690 Ex
438 4636 556 4691 Zenonis
577 4637 663 4707 ipsius
680 4638 772 4694 verbis
790 4656 887 4694 ansam
904 4638 1004 4708 arripit
1020 4639 1110 4706 Felix,
1132 4639 1206 4695 undo
1223 4641 1317 4711 ipsum
1335 4660 1356 4698 a
1372 4645 1439 4701 tuan

273 4721 366 4774 notioo
379 4721 531 4788 deterreat,
549 4723 702 4792 prudentor
713 4725 840 4794 laudans,
860 4725 935 4796 qnod
952 4723 1094 4779 Ecclesiae
1106 4741 1219 4780 causam
1230 4743 1288 4782 non
1300 4728 1396 4798 regali
1409 4748 1439 4786 sa

273 4805 321 4858 aed
339 4806 500 4874 pontificum
518 4807 692 4863 ordinatione
710 4813 839 4880 componi
856 4811 951 4877 vellet,
970 4811 1006 4864 nd
1024 4810 1099 4879 quod
1118 4811 1286 4865 servandum
1304 4830 1374 4868 eum
1388 4815 1439 4885 jau

274 4890 325 4943 liris
343 4891 371 4943 in
390 4892 468 4961 epist.
488 4896 503 4943 8
521 4911 547 4945 n.
568 4899 584 4947 5
602 4892 763 4954 cohortatus
780 4896 879 4950 suerat.
1247 4916 1250 4921 ’
