3224 5506
137 316 200 381 662
585 328 612 376 s.
630 325 810 376 stutirem
833 326 946 375 asnaa

21 517 46 553 a.
58 502 115 552 501.
215 485 245 549 6.
268 484 313 548 Et
324 484 398 547 dum
420 482 506 546 inter
527 482 599 564 ista,
624 502 705 565 quae
721 483 828 544 essent
842 480 991 545 facienda
1006 479 1252 566 tractantur²⁶)‚
1274 479 1377 564 praeia-

130 592 182 652 tus
198 608 297 671 papa,
320 588 357 648 ut
380 606 508 649 causam
525 584 661 666 diceret,
685 582 882 648 occurrebat.
921 581 981 658 Qui
997 585 1131 648 veniens
1147 583 1189 647 ab
1205 582 1386 648 irruentibus

131 689 233 754 turbis
263 688 459 752 aemulorum
490 708 618 750 suorum
645 685 692 749 ita
719 688 876 750 tractatus
904 689 969 768 est,
999 688 1036 749 ut
1056 685 1169 750 multis
1191 685 1391 770 presbyteris,

131 791 186 876 qui
209 812 280 854 cum
302 789 372 872 ipso
395 788 560 872 seranta),
584 809 641 871 per
664 786 792 850 caedem
814 787 918 870 ipsam
939 787 1052 851 mortis
1074 786 1192 852 fuisset
1206 787 1345 886 occasio,
1366 792 1399 852 et

132 891 309 956 recentium
332 890 435 955 adhuc
457 889 593 974 vestigia
615 889 782 953 vulnerum
809 889 943 953 illustris
965 889 1014 953 vir
1042 911 1147 953 comcs
1171 890 1401 975 Arigernusss)

133 997 165 1058 ct
194 993 345 1056 sublimes
373 992 433 1056 viri
457 991 573 1056 Gudila
595 994 628 1055 et
649 990 838 1074 Belemina,
872 991 1009 1073 majores
1037 991 1148 1055 domus
1176 992 1307 1076 regiae,
1337 1013 1406 1076 per·

133 1094 323 1179 operissent,
347 1094 430 1178 quod
452 1093 545 1180 saw),
570 1093 653 1157 unde
676 1114 821 1178 egressus
842 1092 959 1175 fuerat,
984 1091 1025 1156 ad
1046 1093 1134 1157 beati
1150 1093 1243 1158 Petri
1268 1093 1409 1178 apostoli

133 1200 224 1280 septa
247 1198 446 1259 convexerat.
1010 1200 1014 1207 '

218 1298 248 1362 t.
286 1297 347 1361 His
368 1298 415 1361 ita
437 1298 517 1362 actis
540 1301 572 1361 et
593 1297 690 1362 rebus
710 1298 798 1362 varia
821 1296 1008 1362 confusione
1028 1296 1179 1380 turbatis,
1203 1298 1330 1363 iterum
1353 1320 1413 1363 nos

133 1399 173 1463 ad
192 1399 353 1482 justitiam
369 1399 560 1463 contulimus
576 1399 846 1486 principalem³⁰)‚
870 1399 1018 1482 scientes,
1035 1398 1261 1485 divinitate³¹)
1277 1401 1415 1486 propria

133 1522 244 1586 regere
267 1501 440 1584 dominum,
464 1523 558 1585 quem
581 1502 621 1566 ad
636 1501 750 1565 Italiae
765 1501 983 1586 gubernacula
997 1501 1068 1586 ipsa
1081 1501 1276 1585 providerit.
1312 1502 1415 1588 Cujus

133 1602 372 1667 mansuetudini
395 1602 503 1666 omnia
524 1625 581 1687 per
602 1603 767 1668 relationis
795 1604 926 1685 seriem,
961 1603 1044 1668 sicut
1070 1624 1121 1666 res
1149 1605 1330 1689 poscebat,
1366 1607 1415 1671 in·

135 1704 310 1789 gessimus,
344 1703 533 1768 intimantes
562 1705 675 1787 etiam,
707 1726 801 1789 saepe
823 1705 1024 1768 nominatum
1046 1726 1166 1789 papam
1188 1706 1318 1793 post⁸²)
1345 1729 1416 1772 cae

135 1805 217 1889 dem,
242 1805 292 1869 cui
314 1806 518 1889 subjacuerat
540 1828 612 1870 cum
634 1807 710 1890 suis,
734 1806 762 1871 si
776 1805 974 1875 voluntatem
989 1827 1097 1913 rursus
1114 1805 1259 1873 haberet
1273 1810 1416 1876 exeundi

135 2076 434 2145 (etiamnullum)
454 2078 482 2131 et
500 2078 523 2131 c¹
542 2078 712 2147 praeferunt.
752 2077 816 2132 Non
838 2076 996 2147 displiceret
1017 2083 1158 2133 cavendi
1180 2095 1233 2134 seu
1252 2086 1416 2136 adtestante

134 2161 240 2216 Deinde
259 2160 328 2215 editi
345 2178 407 2215 cum
425 2161 460 2215 nd
478 2168 636 2231 deneganda,
653 2163 682 2215 h¹
702 2168 844 2231 detepunda
862 2183 919 2226 non,
937 2161 986 2216 ubi
1001 2161 1080 2217 B¹E¹
1094 2169 1254 2233 detenentia,
1273 2165 1310 2220 F‘
1323 2167 1363 2222 H*
1376 2189 1417 2223 ne·

134 2252 220 2315 ponda
238 2246 281 2313 (F2
299 2250 337 2300 lits
355 2252 459 2301 dicendi
475 2253 573 2317 aliquid
589 2249 725 2317 repando).

202 2333 235 2398 ¹⁶)
253 2331 297 2385 ltu
314 2331 348 2383 B¹
360 2331 395 2384 Ε2
406 2332 451 2397 Ε”ς
471 2332 500 2385 h¹
518 2343 654 2391 tractatur,
672 2331 719 2387 alii
737 2336 905 2386 tractabatur.

202 2417 235 2482 ²⁷)
252 2415 285 2467 B¹
298 2415 333 2469 Fd
346 2419 409 2484 (sec.
422 2417 590 2486 manu)h¹b
608 2425 705 2480 icrunt,
729 2415 776 2472 alii
794 2429 877 2471 erant.
918 2415 1024 2472 Deinde
1042 2418 1187 2489 o²bseqq.
1209 2428 1287 2491 quod
1301 2428 1419 2491 probant

135 2505 272 2554 recentium
289 2505 371 2554 adduc
389 2506 495 2570 vcstiqt'a
512 2508 649 2565 calumum,
673 2507 723 2555 nisi
740 2508 845 2556 illustris
867 2508 1006 2557 circumeo
1024 2507 1163 2571 Alipernus
1180 2516 1208 2559 et
1226 2510 1354 2562 cublirnee
1372 2516 1421 2562 uiri

135 2590 224 2639 tutilo
241 2586 300 2652 (seu
320 2589 421 2654 Gadita)
439 2597 465 2640 et
480 2590 620 2651 Vedeutfus
636 2592 749 2653 majores
772 2592 858 2641 donnas
880 2592 967 2654 repioe
988 2595 1188 2657 perspexissent
1207 2590 1333 2661 (bseqq.
1356 2611 1418 2648 cum

137 2668 232 2738 paucis
250 2687 313 2724 mss.
332 2674 548 2738 prospexissent).
590 2670 666 2736 Quae
684 2670 766 2725 lectio
789 2671 833 2724 vel
857 2688 890 2725 ex
908 2671 1062 2727 conemini
1082 2674 1249 2743 probanda,
1274 2678 1357 2746 quod
1378 2678 1418 2732 ibi

138 2752 273 2807 Crabbius
290 2754 377 2808 verba
394 2761 463 2824 quod
478 2760 588 2824 probunt
606 2757 634 2810 et
653 2761 701 2809 uisi
727 2756 761 2809 de
779 2772 827 2810 suo
846 2755 986 2811 addidisse
1004 2756 1184 2813 convincitur.
1224 2760 1330 2831 Neque
1350 2780 1416 2818 vero

138 2855 261 2894 asserere
285 2839 359 2893 certo
378 2836 451 2905 licet,
469 2839 588 2894 illustres
605 2839 667 2893 illos
685 2839 758 2894 viros
775 2841 894 2895 Romam
916 2842 976 2895 tum
992 2843 1090 2896 missos
1106 2842 1201 2898 lunae.
1241 2845 1305 2900 Vox
1326 2869 1415 2903 reeen-

137 2930 197 2976 tium
214 2939 274 2976 rem
292 2923 434 2993 aliquanto
457 2925 522 2977 ante
546 2926 637 2979 actam
655 2926 743 2979 sonat.
779 2925 815 2979 Et
837 2941 870 2979 eo
894 2925 1006 2993 quidem
1028 2927 1092 2980 acta
1113 2926 1230 2983 ridetur
1252 2929 1414 2999 intervallo,

138 3007 213 3076 quod
230 3007 303 3061 inter
320 3008 546 3077 praeceptionem
564 3009 730 3064 Theoderici
747 3025 831 3078 supra
848 3027 873 3063 n.
887 3015 903 3062 4
920 3011 1118 3079 memoratam,
1142 3015 1172 3066 et
1193 3013 1321 3070 alteram
1343 3017 1412 3086 ejus-

138 3091 202 3146 dem
219 3091 293 3161 regis
309 3091 338 3146 in
356 3093 510 3163 appendice
528 3093 625 3164 scripti
640 3094 722 3163 hujus
741 3093 942 3162 subjiciendam
959 3113 985 3148 n.
1001 3101 1023 3161 7,
1046 3097 1095 3150 ubi
1113 3096 1313 3167 Theodericus
1329 3100 1410 3165 Gudi-

138 3175 194 3230 lam
212 3177 241 3231 et
252 3176 415 3231 Bedeulfum
433 3196 450 3232 a
467 3197 496 3233 se
514 3178 543 3232 in
560 3179 658 3233 urbem
676 3178 751 3232 mitti
762 3178 907 3247 significat,
926 3179 1089 3234 intercessit.
1120 3180 1307 3254 Quapropter
1316 3185 1406 3241 lectio

138 3278 201 3315 nem
220 3260 378 3328 retinemus,
406 3279 489 3330 quam
507 3265 565 3317 sere
584 3278 678 3317 omnes
696 3280 759 3317 mss.
779 3263 918 3317 exhibent.
955 3263 1077 3319 Nitidior
1094 3267 1169 3321 emet
1185 3266 1273 3322 lectio
1291 3269 1321 3323 in
1339 3270 1404 3324 hunc

139 3345 264 3399 modum:
282 3353 348 3401 acteo
366 3359 394 3400 ut
410 3353 547 3401 recentium
564 3353 645 3402 adduc
662 3354 768 3415 oestipiu
785 3356 911 3402 calumum
979 3355 1176 3417 perspecert'nt.
1206 3350 1286 3407 Idem
1303 3354 1401 3409 facinus

138 3429 280 3484 Ennodius
297 3431 408 3500 apolog.
427 3431 630 3501 perstringens,
654 3431 813 3501 Symmachi
830 3431 953 3488 aemulos
975 3433 1014 3487 sic
1036 3433 1210 3502 adloquitur:
1234 3440 1290 3491 Vos
1307 3458 1398 3499 man,

140 3536 212 3584 quoru
228 3519 353 3569 trabebant
371 3523 504 3581 ceaulino,
527 3536 577 3570 non
593 3520 707 3581 ferentes
725 3524 862 3572 uenientem
874 3523 972 3584 jactdt'c
988 3524 1132 3587 repulistis,
1157 3532 1183 3575 et
1205 3526 1319 3576 taedium
1339 3526 1403 3578 tobis

139 3605 171 3654 de
188 3605 314 3653 sententia
330 3613 515 3668 praeparatum
532 3621 657 3655 armorum
675 3608 798 3656 ultricium
815 3608 966 3657 assumtione
984 3610 1162 3658 commeastis.

206 3686 238 3751 28)
256 3685 300 3738 lta
321 3683 434 3738 nomina
456 3684 525 3739 haec
545 3685 671 3756 plerique
694 3704 757 3741 mss.
781 3683 939 3756 proferunt,
962 3687 1077 3756 quidam
1098 3693 1242 3759 Attperuus
1265 3694 1427 3758 (Alternus,

141 3773 274 3829 Ariernus,
294 3772 433 3838 Atipcnus),
451 3774 538 3824 dodilo
557 3772 667 3837 (Godr'to,
684 3774 798 3839 Gudeta).
821 3776 982 3840 Vedcutptue
1000 3771 1043 3840 (F²
1057 3776 1232 3844 nereum,
1250 3773 1285 3828 F*
1303 3780 1431 3831 Bitens-

136 3858 188 3920 ῥα,
207 3852 244 3906 ΗΒ
259 3856 417 3922 Verdulfus).
452 3853 560 3908 Ibidem
576 3854 611 3908 Fe
628 3859 737 3909 sublimis
754 3861 794 3910 uir
862 3863 947 3924 major
965 3862 1059 3912 domus.

206 3940 238 4001 ²⁹)
256 3939 300 3993 Ita
316 3955 380 3992 mss.
400 3938 460 3992 ΗΟ
473 3939 561 4006 B¹h¹;
584 3939 666 3994 ῈἾΗΒ
684 3960 732 4009 quo
750 3960 793 4001 se,·
818 3940 852 3994 Ε*
870 3947 939 4010 quod
955 3947 1034 4005 unde,
1060 3942 1118 3997 be¹
1131 3959 1212 4014 seqq.
1232 3966 1296 4016 qnos
1316 3964 1425 4003 stom

140 4023 174 4076 pu
192 4027 230 4076 sic
247 4028 313 4076 unde
384 4035 460 4091 septo
476 4044 593 4079 revereris
611 4035 658 4079 cst.
687 4024 752 4079 Mox
769 4025 801 4078 Β1
812 4025 846 4079 E*
856 4029 882 4079 θ’
893 4042 970 4095 seqq.
984 4039 1150 4096 convexerat,
1167 4029 1197 4083 h¹
1212 4032 1238 4084 0¹
1251 4036 1416 4089 censeam

139 4108 252 4162 1⁴¹²th
268 4113 386 4163 conuexit
403 4108 432 4175 (b
450 4108 486 4163 ad
503 4125 591 4178 marg.
610 4114 752 4178 conducit).

206 4195 240 4262 ³⁰)
257 4193 284 4246 h.
298 4208 321 4247 a.
340 4208 390 4247 nos
409 4193 572 4248 contulimus
590 4194 627 4248 ad
643 4193 798 4265 principem
815 4195 928 4264 ejusque
942 4195 1084 4265 justitiam
1094 4197 1319 4270 imploravimus„
1344 4202 1403 4257 Jam

140 4278 225 4332 semel
242 4278 279 4333 ad
296 4295 359 4332 eum
377 4277 504 4332 adierant
521 4278 636 4349 ejusque
654 4279 826 4349 aequitatem
842 4282 1040 4350 probaverant.
1068 4282 1194 4340 Subinde
1206 4305 1301 4357 repere
1317 4288 1402 4354 idest

52 4414 55 4420 .
141 4362 216 4431 quod
233 4383 336 4431 repuum
354 4368 544 4417 administrare.

207 4449 240 4517 ⁸¹)
257 4447 286 4501 h¹
306 4453 460 4502 diuinitatem
475 4455 609 4518 propriam
683 4470 747 4519 quae
764 4455 800 4505 ad
857 4457 1036 4520 maeniana·
1053 4453 1121 4509 bae
1140 4460 1279 4514 &deitate
1293 4465 1406 4530 proptu«

140 4552 231 4601 repere
249 4533 277 4600 (b
295 4536 389 4603 repen)
462 4539 517 4603 ipsc
533 4540 683 4603 providerat
701 4536 751 4602 (uel
765 4540 955 4605 praeciderat),
984 4537 1033 4592 ubi
1049 4537 1255 4599 B¹E²F⁴HO
1279 4550 1408 4601 diurnitate

141 4616 185 4685 (Fi
203 4621 341 4686 deuolute)
358 4624 468 4687 propria
535 4624 593 4688 ipsa
610 4618 678 4686 (scil.
696 4625 823 4682 diuinitas,
846 4620 878 4674 Β1
892 4620 927 4674 Fd
945 4625 1010 4691 ipse)
1027 4628 1180 4691 providem
1199 4625 1249 4695 (2¹
1260 4627 1311 4685 ΙΙΙι
1326 4636 1410 4701 proul-

141 4704 228 4769 dertt).
266 4702 300 4756 1³²
311 4702 349 4756 Η8
371 4707 502 4757 &ciuitate
522 4709 632 4772 propria
654 4724 739 4758 curum
759 4723 852 4773 perere
870 4707 943 4771 dn‘m,
970 4712 1014 4777 qui
1034 4710 1130 4763 tecuae
1152 4714 1336 4779 pedm
1355 4723 1411 4789 ξμς

140 4791 295 4856 provideret.
329 4787 395 4841 Mox
411 4788 447 4841 Ft
462 4809 511 4856 per
528 4794 662 4858 [cuntionis
678 4795 776 4847 seriem

208 4872 240 4938 ³²)
257 4870 285 4924 h¹
306 4873 335 4927 et
352 4871 466 4944 quidam
483 4891 545 4929 mss.
565 4872 697 4931 omittunt
712 4886 773 4944 post
789 4881 900 4930 caedem.
