3204 5506
552 380 745 429 saissonis
771 371 913 428 12-14.
1305 335 1373 431 201'

69 533 112 596 de
138 534 401 619 religiosissimo
423 534 607 617 impetrabis
629 533 778 618 Imperio,
804 557 879 598 cura
902 539 975 598 tuae
997 534 1176 599 dilectionis
1200 537 1239 600 ud
1263 559 1365 601 meam
1379 552 1473 602 aare.

71 637 241 700 notitiam
267 636 373 701 faeiat
393 637 567 723 pervenire,
598 641 631 700 et
657 659 715 700 nos
742 646 871 701 actuum
884 637 939 699 ‘ad
963 637 1137 701 custodiam
1161 639 1365 722 evangelicae

69 739 260 804 doctrinae
284 739 517 823 pertinentium
538 740 594 804 det
615 757 684 802 esse
708 742 881 827 consortes.
914 738 999 803 Data
1022 739 1098 804 XVI
1122 739 1279 806 Calendas
1302 739 1365 804 No-

70 841 226 906 vembris
250 839 318 906 Illo
339 841 407 906 viro
430 841 604 907 clarissimo
627 841 766 907 consule.

595 1028 777 1132 Epistola
804 1030 858 1112 n.

159 1180 355 1266 Simplicii
379 1199 487 1266 papae
509 1182 553 1249 ad
575 1181 774 1249 «Iohannem
796 1182 1039 1248 Ravennatem
1063 1184 1280 1266 episcopum.
1376 1159 1498 1214 ”⁸¹²⁶-

1382 1227 1493 1295 aaMaj.

14 1325 55 1373 .8.
107 1323 269 1372 dodonaeus
287 1324 372 1385 arpuu
389 1321 546 1386 Simplicius,
578 1324 646 1388 quod
664 1323 811 1386 Greporium
830 1324 929 1371 inuitum
948 1325 1092 1386 episcopum
1110 1325 1238 1372 ordinarit
1254 1321 1330 1384 (nl).

109 1409 255 1471 Greporr‘o
275 1407 444 1456 Mutinensem
461 1410 592 1458 ecclesium
610 1408 834 1457 administrandum
846 1404 945 1463 trudit,
969 1415 994 1456 et
1015 1424 1147 1456 causarum
1170 1408 1228 1469 ejus
1245 1410 1331 1470 copul·

106 1496 216 1541 tionem
234 1491 420 1542 sitiremus
437 1489 523 1554 (ab).
563 1492 641 1542 Simul
660 1493 807 1556 pensionem
830 1493 909 1542 eidem
935 1494 970 1540 ud
993 1495 1067 1541 iritum
1089 1493 1227 1556 arisipnnns
1245 1490 1280 1553 (n.
1294 1492 1329 1548 3¹).

106 1578 247 1635 Iohanni,
268 1579 292 1625 si
309 1579 336 1626 in
352 1583 480 1641 posterum
498 1578 577 1627 simite
590 1579 653 1643 quid
662 1581 776 1634 tentarit,
796 1578 981 1626 ordinationum
994 1579 1041 1639 jus
1053 1578 1216 1639 nrrserendmu
1234 1579 1330 1627 indicit,

227 1707 479 1794 -Simplicius
522 1709 732 1794 episcopus
770 1708 949 1773 Johanni
987 1710 1175 1794 episcopo
1211 1709 1364 1774 Raven-

342 1810 438 1874 nati.
871 1872 875 1877 .

169 1917 203 2003 l.
243 1912 316 1997 81¹)
338 1913 409 1997 quis
431 1918 515 1978 esset
536 1915 673 1979 intuitus
695 1913 930 1979 ecclesiasticae
953 1913 1152 1998 disciplinae,
1177 1912 1227 1976 vel
1247 1913 1364 1996 siquid

65 2016 167 2100 apud
182 2018 220 2079 te
230 2015 441 2079 sacerdotalis
454 2015 629 2080 modestiae
642 2021 816 2097 teneretur,
830 2038 995 2099 nunquam
1009 2015 1188 2099 plectibiles
1202 2020 1365 2098 perpetra·

66 2124 200 2182 rentur
216 2138 381 2181 excessus.
411 2117 438 2180 Α
462 2118 575 2201 quibus
597 2118 624 2181 si
646 2118 734 2181 nullo
756 2123 788 2182 te
810 2122 1018 2201 paternarum
1040 2117 1222 2200 regularum
1237 2121 1364 2199 poteras

67 2221 262 2284 continere
290 2222 477 2302 praecepte,
515 2219 631 2284 saltem
665 2224 797 2283 sanctae
825 2220 997 2283 memoriae
1031 2218 1283 2303 praedecessoris
1317 2219 1364 2282 tui

67 2323 194 2386 fueras
223 2320 424 2384 revocandus
447 2321 607 2405 crempIO,
637 2322 724 2406 qui²)
747 2342 843 2404 quum
871 2322 975 2384 minus
1005 2320 1190 2403 deliquisset
1216 2320 1364 2383 iaciendo

68 2423 320 2509 presbyterum
347 2421 495 2504 invitum,
526 2427 670 2486 senserat
698 2426 806 2486 tamen
836 2422 969 2506 dignum
997 2422 1134 2505 protuli
1158 2422 1365 2505 usurpatione

64 2524 258 2609 judicium.
306 2521 368 2586 Ubi
397 2523 460 2586 ista
483 2523 633 2606 didicisti,
658 2546 738 2608 quac
761 2525 794 2588 in
817 2524 951 2587 fratrem
975 2528 1008 2586 et
1031 2525 1252 2607 coepiscopum
1261 2526 1286 2607 ³)
1310 2545 1364 2587 no-

69 2633 191 2691 strum
215 2623 413 2709 Gregorium
435 2646 500 2688 non
528 2625 684 2689 electione
712 2626 766 2689 sed
790 2625 910 2688 invidia
933 2626 1137 2709 perpetrasti,
1162 2648 1255 2708 quem
1277 2627 1365 2689 inex·

70 2726 229 2793 eusabili
262 2726 417 2791 violentia
444 2727 588 2811 pertrahi
612 2727 651 2790 ad
674 2732 706 2791 tc
729 2749 842 2810 passus
872 2750 904 2789 es
937 2732 1032 2810 atique
1055 2727 1174 2807 vexari,
1199 2732 1235 2789 nt
1258 2726 1286 2789 ei
1309 2726 1364 2790 ho·

72 2851 200 2895 norem
231 2831 363 2891 tantum
390 2850 456 2891 non
484 2850 541 2912 per
569 2829 668 2892 animi
701 2827 970 2912 tranquillitatem
1004 2828 1059 2890 sed
1092 2850 1149 2911 per
1179 2827 1364 2908 amentiam,

71 2933 170 2996 sicut
203 2928 380 2992 dicendum
408 2934 471 3010 cst,
500 2931 683 3015 irrogares?
727 2929 838 3013 Neque
867 2930 951 2992 enirn
980 2929 1058 2993 talia
1088 2931 1269 3013 potuissent
1297 2931 1365 2992 fieri

72 3033 235 3097 sanitate
260 3031 396 3094 consilii.
434 3030 589 3095 Nolumus
613 3053 810 3116 exaggerare
832 3031 916 3114 qnod
939 3035 1099 3115 gestumi)
1123 3036 1182 3111 est,
1207 3053 1246 3094 ne
1271 3053 1365 3115 coga-

73 3157 155 3199 mur
183 3131 336 3215 judicare
365 3132 448 3216 quod
476 3132 619 3216 dignum.
670 3131 754 3195 Nam
776 3132 979 3216 privilegium
1002 3134 1175 3215 merctur⁵)
1205 3132 1363 3215 amittere,

75 3236 135 3322 qni
163 3233 329 3319 permissa
351 3233 413 3297 sibi
436 3233 579 3298 abutitur
600 3236 770 3318 potestate.

78 3362 87 3367 ..
102 3357 252 3367 ..ρ-.-
262 3357 398 3364 ..—

153 3407 178 3469 ¹)
197 3403 251 3457 lvo
268 3401 303 3468 V,
317 3409 366 3456 140
384 3407 413 3457 Si
431 3408 492 3473 quid
509 3414 576 3457 esset
592 3409 696 3457 intuitus
713 3409 749 3457 ud
765 3424 875 3458 normam
894 3410 1082 3457 ecclesiasticae
1101 3406 1152 3457 cic.

151 3491 176 3556 ἲ)
195 3487 265 3541 Mox
284 3486 347 3540 ΗΝ
358 3488 388 3541 h²
406 3495 449 3558 qui
466 3509 539 3558 quum
555 3493 675 3555 faciendo
692 3493 867 3558 presbyterum
881 3495 959 3541 miuus
972 3496 1118 3559 deliquisset
1130 3495 1238 3542 inuitum.
1263 3489 1365 3543 Johan·

78 3575 124 3629 nis
143 3571 298 3643 proximus
316 3571 443 3626 decessor
461 3573 497 3626 ab
516 3572 633 3641 Ughello
657 3573 770 3642 ponitur
788 3573 875 3636 Neon,
899 3573 932 3626 ad
953 3590 1035 3642 quem
1055 3576 1145 3628 exstat
1157 3574 1256 3628 Leonis
1274 3592 1365 3644 popae

78 3660 168 3730 epist.
191 3663 252 3711 166.
294 3657 384 3721 Quum
407 3659 469 3711 tota
492 3657 692 3712 ecclesiastieae
716 3657 896 3711 institutionis
923 3658 1031 3711 ratione
1059 3661 1117 3710 turn
1141 3659 1288 3729 Majoriani
1311 3660 1365 3713 No-

79 3745 162 3798 vella
183 3741 414 3811 ll'prohibitum
436 3744 509 3808 erat,
542 3762 572 3796 ne
595 3750 650 3813 quis
672 3749 779 3796 clericus
800 3750 890 3796 inuitus
918 3750 1092 3800 ordinaretur:
1137 3744 1215 3797 Unde
1239 3743 1365 3798 Gelasius

79 3830 226 3899 episcopo
245 3825 382 3895 querenti,
400 3826 475 3896 quod
493 3826 603 3882 diaconi
621 3826 742 3880 ordinari
760 3827 866 3880 nollent
878 3828 1041 3898 presbyteri,
1060 3827 1159 3895 qnilms
1178 3829 1263 3897 ipsius
1282 3830 1365 3883 ecclc·

80 3915 125 3968 sin
143 3911 308 3980 indigebat,
326 3911 471 3981 respondit
487 3913 586 3980 fragm.
604 3919 646 3966 10:
666 3918 755 3965 inuitos
768 3912 968 3980 (presbyteros)
979 3919 1040 3978 lieri
1057 3920 1230 3967 ecclesiastico
1248 3920 1363 3968 modera-

80 4006 119 4054 tio
137 4003 312 4067 prauumue
330 4016 380 4050 non
396 4005 509 4064 paritum
527 3995 601 4064 quia,
617 3995 708 4064 inquit
720 3995 872 4064 Gregorius
891 3996 970 4066 epist.
984 3998 1003 4063 l,
1018 4003 1056 4063 19,
1069 4003 1166 4064 justum
1185 4010 1231 4061 esi,
1251 4011 1277 4050 m
1295 4019 1365 4053 nemu

81 4102 210 4137 crescere
231 4088 396 4149 conpellatur
413 4087 511 4137 inuitus.

155 4168 179 4221 ‘l
197 4165 265 4220 Non
282 4164 370 4235 igitur
387 4165 450 4220 ideo
469 4165 595 4235 culpatus
613 4166 766 4226 Johannes‚
789 4169 820 4218 ut
842 4165 1042 4235 interpretatur
1059 4166 1206 4232 Baronius,
1231 4168 1306 4233 quod
1329 4168 1364 4220 ad

81 4251 283 4308 sacerdotium
300 4250 466 4319 Gregorium
484 4251 601 4304 invitum
619 4251 797 4319 promoverit,
816 4251 864 4303 sed
877 4251 951 4318 q'nod
968 4268 1030 4304 cunr
1049 4268 1103 4304 non
1122 4252 1211 4304 minus
1230 4253 1365 4306 reluctan-

82 4343 146 4393 tem
165 4336 310 4392 creaverit
327 4334 495 4404 episcopum.
526 4334 616 4399 Quum
634 4335 729 4402 itaque
747 4336 793 4388 ille
813 4338 840 4388 ct
858 4335 985 4388 ‹lecessor
1003 4337 1062 4405 ejus
1081 4336 1186 4404 pariter
1205 4337 1232 4389 in
1251 4353 1284 4389 eo
1302 4355 1365 4405 pec·

82 4423 209 4486 meent,
229 4420 307 4490 qnod
325 4422 442 4488 uterque
458 4419 575 4473 invitum
594 4422 723 4484 creasset,
746 4438 809 4473 mor
834 4423 928 4473 tamen
945 4421 1032 4473 levior
1050 4420 1195 4474 dicebatur
1213 4422 1365 4475 decessoris

83 4508 180 4576 culpa,
200 4504 252 4574 qni
270 4504 355 4559 solius
371 4504 550 4574 presbyterii,
577 4522 632 4558 non
656 4504 831 4574 episcopatus
854 4505 973 4573 grrcdnm
996 4506 1166 4559 contulisset.
1203 4505 1365 4575 Suspicatur

82 4594 241 4664 praeterea
263 4589 421 4659 Simplicius
442 4589 562 4644 invidiae
586 4590 689 4643 crimen
712 4589 741 4642 in
763 4590 900 4653 iohanne,
931 4591 978 4657 qui
1002 4591 1053 4643 hac
1081 4593 1141 4644 arte
1160 4591 1326 4659 Gregorium
1349 4610 1366 4645 a

82 4680 164 4733 clero
182 4691 236 4730 suo
254 4674 384 4737 removit,
410 4692 492 4744 quem
510 4677 583 4730 forte
601 4674 707 4728 eximiis
725 4675 837 4728 dotibus
855 4675 1032 4742 conspicuum
1055 4679 1084 4727 et
1102 4676 1156 4730 suis
1175 4677 1365 4731 obstruentem

82 4760 244 4817 luminibus
263 4758 361 4828 iniquo
379 4760 471 4814 animo
489 4760 605 4814 ferebat.

154 4848 178 4913 ⁴)
199 4843 238 4898 H’
250 4843 291 4897 H*
303 4843 353 4896 11¹⁰
365 4842 383 4896 Z
396 4844 422 4897 h*
438 4845 469 4898 h*
487 4851 555 4915 quod
570 4857 666 4912 pastum
684 4856 730 4905 est,
750 4847 775 4896 θ’
788 4862 844 4913 seq.
865 4852 933 4914 qraeod
950 4853 1058 4913 dipnum.

156 4933 178 4997 ⁹)
197 4927 337 4998 Plerique
353 4945 416 4989 mss.
433 4942 585 4996 mereretur,
609 4930 684 4999 quod
702 4945 819 4998 sequens
841 4930 957 4984 verbum
974 4933 1086 4984 abutitur
1104 4930 1220 5001 respuit.
1258 4932 1365 4987 Citatur
