3204 5506
257 386 401 433 uorum
426 388 533 435 uersa.
559 389 628 435 sou
652 390 820 435 uas'mur.
845 392 878 436 u.
897 392 1050 437 yt-vu.
1230 376 1290 440 tet

100 550 158 618 cipe
171 563 244 618 attae
259 551 286 602 in
300 548 441 618 praefatu
457 552 567 620 nepotio
589 553 702 620 scriptu
719 557 792 615 saint,
815 552 945 606 dicerent
957 555 1107 622 postulata
1124 551 1152 622 (l.
1167 569 1190 606 e.
1209 552 1289 623 982).

100 629 129 685 le
142 631 210 704 stylo
226 632 442 704 splemlidissimo
459 632 632 705 Symmachus
649 633 821 706 arguebatur,
839 653 932 707 quatre
945 640 1158 692 conventionem
1169 654 1291 708 proeae-

100 731 106 764 τ
121 733 178 772 cum
193 720 363 786 propitiorum
376 719 501 773 coetibus
513 734 636 786 ‹guarucn
648 722 820 788 intravisset,
838 728 865 775 et
875 728 976 791 postea
986 724 1112 792 judicia,
1129 740 1215 794 quum
1227 739 1289 778 cuo·

100 810 223 873 spuater
232 803 345 871 fuisset,
364 807 532 873 sprevisset:
548 804 685 876 imprimis,
702 807 778 875 quod
791 808 940 860 mulierum
957 806 1059 861 titrboe
1075 823 1138 861 cnm
1151 808 1291 879 praefato

100 889 185 941 edicio
203 891 414 947 conticuissent,
439 886 544 942 {trinnis
561 887 697 943 coloribus
713 889 946 962 persequebamur
965 890 993 960 (l.
1011 910 1034 945 c.
1052 890 1132 960 983).
1178 892 1291 946 Indicia
1316 910 1322 920 ’

100 989 127 1036 a,
143 973 286 1026 derelictis
301 973 502 1042 defensoribus
516 990 595 1044 papa
612 976 743 1040 decessit,
761 973 902 1033 uidebant.
920 974 970 1028 iuri
986 984 1014 1029 ct
1029 975 1177 1047 platearum
1193 976 1290 1031 deiude

100 1054 144 1126 pla
158 1065 351 1129 proponemus,
399 1056 467 1122 (luis
488 1067 576 1112 antem
598 1076 674 1126 cum,
699 1057 873 1131 perorabant.
896 1062 961 1115 uidit
986 1077 1048 1114 cum
1070 1062 1291 1116 necessarioribus

100 1149 201 1210 repertu
219 1149 248 1196 ut
263 1145 350 1212 ttjitai
364 1161 462 1215 pupuu
480 1146 654 1216 coralliperrss’
685 1143 836 1209 (istomodo,
855 1160 886 1199 ex
904 1143 952 1198 alia
969 1152 1043 1216 parte
1060 1146 1178 1216 patribus
1195 1145 1290 1218 synmli
1352 1168 1355 1174 ·

100 1223 236 1285 abrabam,
253 1229 288 1281 de
300 1243 390 1282 ectrtsu
408 1231 450 1282 uel
466 1231 604 1300 paralitate
620 1232 685 1299 ejus
696 1233 832 1298 priuatus
853 1232 1039 1295 tractabatis,
1065 1248 1149 1301 qatrun
1170 1233 1291 1286 necdum

100 1317 143 1388 set
157 1313 282 1382 aptandus
295 1314 458 1382 firmitatem
468 1318 480 1365 l
509 1312 601 1374 lutino,
619 1312 787 1385 replicabant.
815 1318 891 1383 ipsus
914 1315 1090 1369 irerrrrubiles
1104 1315 1291 1371 laurentium

100 1403 175 1450 ‘tram
192 1400 341 1466 episcopos
357 1417 373 1451 a
391 1402 585 1453 commuuione
595 1414 695 1470 papae
708 1415 738 1453 se
752 1400 935 1471 suspendisse
948 1398 977 1469 (l.
986 1416 1009 1453 c.
1019 1399 1100 1470 985).
1133 1399 1165 1454 Ut
1177 1400 1289 1472 atriplius

100 1488 169 1534 arent
185 1481 317 1553 synodum
335 1481 440 1537 deinum
456 1500 590 1537 consensu
607 1501 688 1556 papae
708 1482 858 1538 firndtatem
875 1483 1005 1556 adeptam,
1024 1500 1099 1556 erpo,
1124 1484 1289 1557 inquiclraut,

100 1567 146 1619 ilio
167 1568 350 1622 secerdotum
371 1571 576 1623 ecclesiasticis
597 1571 708 1641 lapibus
729 1573 884 1640 qriirtuunis
904 1572 1022 1623 decretu
1042 1586 1099 1638 per
1110 1572 1288 1639 prouincias,

112 1655 307 1721 praesentiam
319 1669 419 1724 pupae
440 1672 495 1708 riou
518 1655 638 1720 babent,
668 1656 857 1709 aalrtruiincm
870 1656 1081 1725 perdiderunt?
1111 1655 1287 1727 Summoperc

100 1750 159 1789 erea
174 1738 285 1791 laesum
298 1741 469 1808 principem,
488 1755 581 1811 auore
592 1747 683 1812 patres
700 1738 795 1811 synodi
812 1741 980 1794 attributum
996 1743 1171 1794 visitatorem
1187 1747 1290 1794 contra

100 1823 237 1876 *siasticos
253 1825 370 1894 repulus
379 1828 477 1894 pm'mu
494 1827 648 1879 rolriisseut
660 1825 760 1894 fronte
775 1825 931 1892 discedere,
956 1830 983 1878 ct
999 1825 1068 1878 nibil
1085 1827 1207 1895 simplius
1222 1826 1290 1880 liec-

105 1922 158 1960 unc
175 1909 257 1975 uitiis,
274 1923 310 1961 ne
325 1909 493 1964 duresceret
508 1911 613 1976 loliaim,
632 1925 667 1964 ne
676 1909 808 1980 profano
829 1913 929 1965 messis
941 1911 1022 1976 uuila
1038 1910 1208 1979 disciplinae
1224 1917 1291 1964 ‹rnte

101 1994 213 2046 ritatem
228 1995 343 2047 succisa
348 1994 430 2063 solcc
439 1995 629 2061 decumberet,
647 2001 674 2048 ct
687 2001 844 2065 putaretur
854 1997 944 2050 licere
960 1995 1160 2065 aiiocljudices
1171 2011 1226 2049 uon
1244 2011 1288 2049 ec-

100 2082 122 2130 it
136 2074 198 2147 (lc.
216 2075 297 2148 986).
330 2078 402 2132 llam
418 2081 479 2150 ipse
496 2082 657 2134 visitatores
673 2087 699 2134 ct
715 2081 780 2134 aliis
796 2083 938 2150 episcopis
952 2080 1036 2144 dedit,
1061 2086 1088 2133 ct
1102 2081 1216 2149 justum
1237 2087 1288 2138 est.

104 2163 143 2216 cti
156 2165 203 2217 sui
216 2165 279 2234 leae
294 2170 428 2219 tencatur
442 2163 469 2234 (l.
488 2182 510 2219 e.
529 2163 610 2234 988).
648 2163 745 2218 Deinde
762 2180 887 2218 excessus
904 2163 1054 2237 Symmachi
1076 2170 1196 2217 taxantes
1218 2163 1246 2235 (l.
1264 2181 1287 2219 c.

100 2288 104 2306 ‚
124 2246 218 2301 saltem
234 2255 265 2300 nt
280 2247 326 2302 ille
341 2247 374 2302 ad
390 2249 539 2321 exemplum
557 2247 649 2303 Eulalii
672 2255 699 2302 ct
714 2248 840 2303 Boniiacii
864 2266 915 2304 nna
937 2265 996 2303 cum
1014 2246 1157 2303 Laurentio
1174 2248 1289 2322 expelle-

113 2332 264 2403 postnlasso
280 2332 413 2387 videntur.
446 2333 563 2405 benique
581 2332 659 2388 fidem
675 2335 758 2405 ipsam
775 2341 881 2406 patrum
896 2333 994 2407 synodi
1010 2350 1071 2387 vero
1087 2333 1200 2388 ridicule
1215 2350 1289 2387 arro·

103 2415 247 2471 tentabam.
289 2416 366 2483 Quod
383 2418 508 2473 dixerunt
524 2418 562 2472 illi
579 2433 683 2472 cansam
701 2418 850 2490 Symmachi
872 2419 916 2473 Dei
938 2420 1022 2492 ipsius
1040 2416 1144 2486 jndicio
1167 2420 1289 2473 commit·

100 2518 136 2563 rm,
156 2505 227 2574 „qui
237 2510 332 2573 potest
348 2519 455 2575 eorpus
471 2506 604 2559 occidere
626 2511 652 2559 et
668 2507 791 2559 citimum
807 2508 918 2559 mittere
939 2507 967 2559 in
983 2502 1173 2577 pebeunum“,
1196 2523 1214 2558 a
1231 2506 1289 2575 fide

102 2605 131 2656 u,
155 2585 332 2660 objurgabant
352 2588 411 2650 isti,
435 2596 602 2657 tenuerunt,
631 2593 872 2646 resurrectionem
895 2592 1028 2660 corporis
1047 2606 1104 2645 uon
1127 2591 1286 2644 credentes.
1353 2596 1357 2602 '

100 2675 161 2727 nnis
177 2675 261 2728 etium
277 2676 400 2744 apostoli
413 2679 525 2745 scripta
539 2676 643 2730 uiolato
656 2692 725 2737 esse,
738 2673 882 2743 jactabant,
900 2677 960 2748 qnia
972 2691 1003 2730 cx
1018 2673 1105 2730 verbis
1117 2673 1175 2744 ejus
1187 2674 1288 2729 dictum

100 2756 189 2811 nodo:
221 2762 268 2826 „si
281 2760 424 2827 dieamus,
452 2762 520 2832 quin
539 2766 691 2830 peecatum
712 2778 768 2816 raon
791 2761 942 2828 bohemum
965 2763 1120 2816 menduces
1142 2775 1240 2815 sunites
1262 2766 1289 2814 et

100 2859 129 2897 us
142 2846 170 2897 in
186 2844 266 2899 nobis
280 2861 336 2899 rron
353 2844 416 2899 est‘
432 2842 501 2915 (scil.
516 2844 575 2899 loco
588 2843 730 2899 verborum
746 2862 820 2915 „uos
835 2849 912 2916 ipsos
927 2844 1103 2917 decipimus‘
1119 2843 1154 2898 ilii
1169 2846 1288 2916 positmn

100 2928 342 2991 educessnmus“;
364 2929 419 2984 l.e.
438 2928 519 3001 991).
999 2945 1003 2953 ’
1123 2923 1125 2927 ’

108 3029 135 3084 5.
166 3027 237 3097 Quae
253 3031 422 3103 potissimum
437 3032 549 3086 crimina
561 3031 719 3104 Syruruacbo
736 3033 786 3104 ipsi
804 3030 996 3106 impingebant,
1012 3029 1151 3086 Ennodins
1166 3033 1208 3086 vix
1225 3031 1288 3087 levi-

100 3113 220 3186 ignilicat.
262 3114 428 3170 accusabant
443 3115 501 3186 ejus
517 3120 668 3180 malitiam.-
699 3117 902 3172 fornicationem
924 3117 1002 3171 etiam
1023 3115 1084 3170 illos
1107 3117 1129 3170 ci
1147 3115 1286 3186 objecisse,

100 3214 129 3253 er
143 3216 174 3254 ea
189 3216 257 3273 quac
274 3218 300 3255 n.
315 3199 332 3254 2
348 3200 496 3263 attulimus,
514 3202 578 3257 haec
594 3219 702 3276 qnoque
719 3200 843 3274 probant,
864 3200 937 3275 quod
954 3201 1079 3256 docuisse
1095 3210 1286 3264 ineuiorantur,

100 3286 234 3342 iconiibus
248 3290 386 3342 neminem
402 3302 465 3342 esse
480 3290 667 3345 miscendum:
682 3287 846 3349 sacerdotes,
863 3288 909 3359 qni
921 3285 979 3355 ejus
993 3287 1158 3341 consortium
1171 3285 1286 3348 subiere,

100 3372 250 3428 iotsoteta
274 3379 458 3442 comparatos
480 3376 674 3428 communione
698 3380 724 3426 et
746 3389 812 3428 reos
833 3369 975 3445 culpabant
996 3370 1025 3443 (l.
1042 3389 1065 3426 e.
1084 3369 1165 3442 992).
1209 3371 1288 3426 Plura

100 3455 201 3511 :tionum
217 3457 329 3511 istarum
344 3458 430 3529 capita
444 3455 581 3512 Eunodius
597 3462 708 3514 silentio
724 3456 870 3512 tlamuauda
891 3455 999 3528 sepeliri
1015 3465 1107 3529 aperte
1123 3455 1198 3511 dixit.
1231 3456 1287 3512 Nu·

100 3545 156 3596 item
170 3542 255 3604 enim.
278 3543 328 3602 ait,
350 3545 399 3597 dat
412 3541 609 3613 faciundum,
632 3547 682 3615 qui
701 3547 910 3599 ventilationem
931 3545 1058 3613 ipsorum
1080 3544 1231 3612 multiplici
1251 3544 1290 3596 ud

100 3633 256 3696 *sposteras
272 3629 412 3683 relatione
433 3632 608 3683 transmittit.
646 3628 739 3683 Multa
761 3629 831 3682 enim
852 3629 891 3682 tii
906 3628 1033 3699 suerunt
1055 3627 1149 3681 eodem
1166 3625 1287 3681 Enuodiu

104 3747 110 3766 ‚
129 3727 200 3782 quae
215 3715 255 3766 ita
269 3711 446 3782 succulentis
461 3715 536 3769 ulnis
549 3715 694 3785 peccandi
713 3732 794 3769 amor
810 3715 1051 3784 amplectebatur,
1076 3719 1107 3767 ut
1125 3714 1231 3782 fierent
1246 3715 1287 3766 in·

100 3803 288 3852 ememorotu.
333 3797 425 3853 Plura
440 3801 545 3855 lenitus
559 3799 736 3862 dehonestat,
758 3797 830 3854 addit
847 3797 916 3852 idem
933 3805 1040 3858 airctor,
1062 3799 1127 3853 ditm
1142 3799 1289 3852 subductis

100 3890 221 3937 terantur
237 3882 322 3937 eerlru
339 3891 436 3938 uestra
449 3885 634 3955 ponderibus
652 3891 678 3939 et
694 3886 729 3939 de
745 3887 891 3956 relipionis
913 3887 1013 3939 causis
1033 3885 1153 3938 elocutio
1171 3889 1286 3938 neruosa

100 3969 199 4021 aeuitur
215 3971 297 4022 auris
312 3984 468 4041 conpruum
485 3972 585 4024 sortita
600 3973 785 4042 pronitatem:
807 3985 882 4041 qnae
897 3972 925 4024 in
940 3971 1093 4041 palearum
1110 3969 1287 4023 abttndautiu

111 4057 148 4105 est
162 4052 276 4108 liorreis
290 4055 408 4108 illatura
425 4056 459 4107 de
476 4057 578 4122 trition,
596 4057 662 4109 dum
677 4052 880 4124 irrsoeeuudum
894 4053 1029 4126 fraipibus
1045 4055 1201 4109 culmorum
1214 4070 1287 4123 prir-

110 4136 270 4206 ubertatem‚
289 4144 315 4192 et
330 4154 408 4209 spem
424 4140 458 4193 de
473 4140 581 4193 lierbuc
595 4142 716 4194 lasciuia
733 4143 868 4195 mentitur·
884 4142 1028 4211 apricolis,
1051 4139 1203 4210 dequibus
1219 4138 1288 4192 uilril

100 4216 271 4277 ?eentilal›ru
287 4227 436 4294 reperiunt
451 4227 510 4296 ipui
524 4225 617 4279 debita
633 4227 820 4296 inceruliopne
834 4228 968 4296 peritura
986 4223 1015 4294 (l.
1032 4240 1055 4278 e.
1075 4221 1156 4293 991).
1200 4221 1288 4288 Quare

100 4304 162 4361 lolii
177 4305 266 4362 desint
282 4307 380 4370 sonim,
397 4308 511 4381 amplius
527 4307 578 4363 dici
595 4326 648 4363 non
664 4318 764 4382 potest.

610 4453 683 4517 Vll.

100 4561 188 4620 t506.
232 4560 394 4634 Sammachi
419 4567 458 4620 ad
480 4565 687 4620 Theodericum
707 4580 803 4637 repent
831 4566 866 4619 de
886 4565 1071 4619 restituendis
1098 4564 1287 4617 ecclesiarum

171 4651 260 4704 titulis
273 4652 381 4718 petitio.

107 4763 190 4832 Otium
206 4765 365 4822 Laurentius
382 4770 421 4823 ad
433 4767 532 4823 Urbem
551 4772 664 4824 tierricus
678 4784 733 4839 per
748 4784 841 4823 uranos
856 4772 974 4822 rircitcr
989 4774 1115 4838 palatuar
1127 4767 1286 4820 Romanum

100 4855 154 4907 'sset
170 4854 338 4920 ecclesium,
363 4855 402 4907 ud
423 4856 547 4908 ultimum
564 4854 751 4926 Sprnrrtnclrus
764 4857 926 4924 petitionem
944 4849 1211 4925 repr'('llicoilu1·ico)
1232 4865 1287 4920 prr

100 4954 187 4994 riarum
205 4939 434 4994 fricanum-inum
455 4942 607 4994 diaconum
629 4941 793 5003 destinauit,
817 4941 956 4995 utlsercns
976 4955 1109 5009 artripnum
1131 4937 1186 4991 silai
1198 4952 1287 5007 pruc-

103 5051 208 5086 srouau
223 5051 325 5090 nouas,
342 5052 452 5085 rosam.
472 5039 493 5086 Ι.
1042 5038 1081 5094 47
