3224 5506
615 376 813 426 aursronnn
836 367 886 425 42.
1335 366 1390 432 »49

207 538 232 594 8.
258 535 424 593 Franciscus
439 536 588 593 Gbitlletius
604 539 676 593 notis
693 539 718 592 in
735 538 861 612 vigilium
878 539 1041 613 lapsonsem
1056 558 1119 615 pag.
1139 540 1198 599 149
1213 542 1342 599 incidisse
1358 561 1388 600 se

140 623 271 679 testaturin
295 629 378 678 vetus
399 621 536 695 exemplar
555 622 679 679 lorensis
695 624 858 685 monasterii,
879 625 906 678 in
923 641 977 698 quo
999 627 1147 683 decretale
1161 630 1191 683 ia
1207 629 1279 684 arbe
1295 629 1387 685 Roma

137 709 170 764 ab
185 707 328 765 llormisda
351 725 438 780 papa
464 709 569 763 editam
597 707 720 763 habetur.
758 708 849 764 ilonet
870 716 898 763 et
917 708 1070 783 Stephanus
1092 710 1215 767 lialuzius
1236 730 1297 786 pag.
1315 712 1386 775 444,

135 792 195 848 idem
207 791 340 848 derretum
355 794 384 847 in
399 800 510 848 vetusto
526 791 692 866 Urgellensis
715 793 843 849 ecclesiae
863 793 1007 868 exemplari
1022 797 1123 870 pariter
1138 795 1295 853 llormisdae
1311 800 1387 854 attri-

133 876 181 932 bui.
203 876 257 951 lpse
272 894 384 952 quoque
395 879 423 933 in
439 877 569 933 ditissima
584 876 746 960 bibliotheca
757 877 911 934 Golbertina
922 878 1041 936 codicem
1052 890 1146 936 nactus
1162 898 1223 936 sum
1234 890 1292 938 not.
1304 882 1386 939 1463

132 961 161 1018 ab
173 963 240 1017 aunis
260 963 369 1018 circiter
390 963 455 1020 600
473 963 613 1037 scriptum,
638 963 665 1018 in
682 979 737 1036 quo
758 961 898 1019 decretum
913 962 946 1020 de
961 963 1036 1020 libris
1052 975 1205 1022 asservatur
1220 967 1245 1022 ei
1261 969 1387 1046 quumia

130 1048 291 1121 inscriptione
306 1055 364 1102 tum
380 1048 407 1102 in
423 1049 521 1103 ceteris
536 1049 645 1104 omuino
661 1047 756 1112 simile,
780 1047 853 1121 quod
869 1047 1020 1105 Gbiitletius
1041 1066 1073 1106 ex
1089 1051 1188 1107 laudati
1202 1051 1325 1108 incensis
1341 1068 1386 1108 eo·

130 1131 187 1187 diris
207 1131 259 1188 lide
279 1130 435 1207 publicavit.
464 1132 562 1189 Verum
582 1133 609 1188 hi
630 1131 745 1196 codices,
769 1134 816 1207 qui
834 1132 974 1190 decretum
995 1134 1028 1190 de
1043 1133 1119 1190 libris
1136 1134 1294 1193 Hormisdae
1310 1139 1386 1193 attri-

129 1215 213 1280 buunt
235 1234 317 1292 quum
339 1216 419 1274 aliter
432 1216 500 1274 illud
521 1216 633 1274 eiierant
653 1226 734 1291 atque
754 1219 772 1273 ii
788 1219 833 1291 qui
850 1218 947 1275 Gelasii
963 1235 1061 1274 nomen
1077 1236 1140 1293 prae
1155 1237 1185 1276 se
1197 1220 1297 1284 ierunt,
1320 1221 1386 1277 nihil

129 1303 234 1358 istorum
248 1300 375 1358 alliciunt
388 1303 552 1366 auctoritati,
573 1303 655 1358 immo
671 1303 696 1358 ei
711 1319 766 1358 non
782 1303 994 1360 nihilmomenti
1010 1303 1148 1374 adjiciunt,
1171 1313 1268 1379 utpote
1283 1307 1310 1362 in
1326 1307 1386 1380 qui·

128 1387 172 1443 bus
186 1386 353 1443 Gelasimum
368 1387 400 1443 ab
412 1387 554 1443 Hormisda
569 1389 740 1462 recognitum
756 1396 783 1443 et
798 1389 825 1443 in
841 1388 980 1444 nonnullis
995 1397 1103 1445 aucium
1118 1389 1162 1445 vel
1176 1398 1309 1446 mutatum
1325 1406 1385 1446 esse

128 1474 305 1546 conspuimus.
336 1472 423 1529 Porro
439 1482 579 1546 gestorum
594 1472 773 1546 synodalium,
794 1474 822 1528 in
842 1473 940 1547 quibus
956 1472 1078 1530 Gelasius
1100 1474 1239 1531 decretum
1260 1475 1293 1530 de
1309 1474 1385 1531 libris

127 1556 210 1621 edidit,
227 1557 325 1631 triplex
340 1557 470 1614 babemus
485 1558 677 1632 exemplarium
693 1574 790 1633 genus.
820 1558 957 1615 Nonnulla
972 1559 1043 1615 enim
1059 1560 1257 1633 expositionem
1274 1557 1336 1616 iidei
1351 1559 1385 1615 de

127 1640 221 1717 Spiritu
240 1642 393 1716 septiformi
414 1659 445 1700 ae
470 1643 618 1699 divinarum
644 1644 838 1718 scripturarum
859 1644 1012 1717 catalogum
1034 1645 1211 1718 praemittunt
1231 1652 1384 1701 ceterorum

127 1726 360 1784 eudesiastieorum
381 1727 512 1784 librorum
531 1729 692 1785 recensioni.
723 1729 753 1784 ln
768 1728 882 1784 Harlaeo
903 1737 930 1784 et
946 1729 1079 1802 expositio
1102 1726 1165 1785 fidei
1185 1729 1218 1785 de
1232 1729 1385 1805 septiformi

127 1811 222 1886 Spiritu
236 1821 265 1868 et
279 1814 474 1886 seripturarum
489 1814 629 1888 catalogus
645 1815 817 1878 omittuntur,
834 1813 884 1870 sed
899 1814 949 1869 bac
963 1815 1200 1887 praetermissione
1216 1824 1335 1889 excepta,
1352 1813 1385 1869 de

127 1898 278 1972 primigenia
298 1906 441 1972 gestorum
465 1898 552 1955 iorma
571 1899 636 1955 nihil
658 1907 786 1955 mutatur.
812 1899 842 1954 ln
862 1898 975 1972 reliquis
996 1906 1023 1954 et
1044 1900 1207 1956 omittuntur
1230 1899 1330 1963 eadem,
1358 1907 1386 1955 et

127 1981 207 2046 rerba,
230 1981 329 2056 quibus
343 1983 387 2039 illa
403 1983 570 2040 indicabatur
589 1985 798 2059 praetermissio,
814 1992 962 2048 mutantur,
983 1985 1020 2040 ita
1036 1993 1066 2040 ut
1081 1983 1235 2040 absolutum
1247 1984 1386 2057 judicetur

128 2082 198 2140 opus,
219 2069 247 2123 in
271 2084 326 2142 quo
347 2068 415 2124 nibil
434 2068 640 2126 desiderandum
661 2071 706 2125 sit.
747 2070 849 2144 Nempe
869 2085 920 2144 pro
940 2085 982 2131 eo,
1005 2069 1079 2142 quod
1099 2069 1229 2126 Harlaeus
1250 2069 1336 2126 codex
1356 2070 1384 2124 in

129 2152 210 2208 ironte
224 2169 288 2227 prae
303 2169 333 2208 se
350 2153 417 2209 iert:
433 2155 505 2210 Item
519 2157 625 2211 dietam
640 2162 691 2211 est.
723 2156 793 2212 Post
807 2156 862 2211 aas
877 2170 974 2212 amnas
986 2155 1183 2227 propheticas,
1201 2157 1386 2229 evangelicas

129 2244 207 2310 atque
222 2241 405 2310 apostolicas,
423 2255 497 2313 qaas
511 2244 647 2312 saperius
660 2242 876 2312 depromsimas,
893 2243 1074 2312 scriptarum
1096 2241 1123 2295 in
1140 2239 1192 2296 illis
1208 2239 1315 2296 sublato
1331 2240 1386 2313 pri·

131 2338 194 2378 num
212 2323 284 2379 ltens
298 2325 405 2380 dietam
425 2331 477 2394 est,
499 2324 596 2382 deinde
615 2325 671 2382 das
686 2341 790 2397 amnes,
812 2342 843 2381 ac
862 2325 970 2381 demum
986 2341 1060 2399 qaas
1079 2329 1216 2397 superias
1229 2327 1386 2398 depromsi-

130 2424 192 2470 κω.
212 2409 251 2464 sic
271 2407 395 2464 absolute
415 2410 558 2466 inchoatur
577 2427 662 2484 opus:
691 2411 761 2467 Post
777 2410 979 2483 propheticas,
1002 2413 1187 2485 evangelicas
1208 2417 1296 2485 atque
1316 2428 1386 2482 apo-

131 2496 239 2550 stoticae
257 2497 431 2566 scripturas,
460 2497 536 2569 quasi
562 2495 629 2551 nibil
649 2497 758 2570 penitus
783 2497 986 2569 praecessisset.
1029 2494 1069 2551 nb
1096 2495 1143 2552 illo
1169 2503 1259 2552 autem
1286 2495 1387 2570 triplici

132 2576 321 2634 &hunorum
336 2579 527 2653 exemplarium
543 2596 643 2655 genere
661 2579 794 2637 dissident
808 2579 966 2636 llormisdae
987 2580 1103 2637 codices.
1135 2583 1311 2655 Apostremo
1327 2581 1387 2654 qui·

134 2661 186 2718 dem
204 2671 231 2719 et
249 2664 368 2720 secundo
389 2666 417 2721 in
439 2682 472 2721 eo
493 2664 608 2728 distant,
631 2666 704 2740 quod
723 2667 919 2740 scripturarum
937 2665 1088 2722 divinarum
1112 2666 1265 2742 catalogum
1286 2665 1387 2722 inillis

135 2749 250 2804 omissum
266 2749 294 2805 in
316 2748 407 2806 iraate
429 2749 566 2807 exhibent.
597 2750 651 2807 Sed
672 2750 730 2807 leve
751 2759 794 2807 est
815 2751 868 2807 boc
887 2751 1039 2815 discrimen,
1062 2758 1159 2825 utpote
1176 2752 1249 2826 quod
1271 2751 1303 2807 ab
1319 2752 1387 2807 anti·

136 2834 224 2905 quartis
242 2833 389 2898 inductum,
410 2851 468 2892 uon
488 2853 502 2892 a
524 2835 628 2892 Gelasio
649 2852 718 2911 papa
740 2844 829 2892 ortum
845 2843 981 2910 putamus.
1013 2840 1048 2893 nt
1069 2836 1142 2893 istud
1164 2838 1250 2912 magis
1270 2837 1386 2910 insigne,

136 2917 200 2990 quod
211 2920 311 2993 inipso
331 2921 525 2995 scripturarum
541 2920 675 2995 catalogo,
698 2938 778 2995 quem
793 2922 942 2995 integriora
958 2921 1055 2977 Gelasii
1077 2921 1238 2996 exemplaria
1259 2923 1386 2983 retinent,

138 3001 288 3060 obseram.
329 3005 359 3061 lu
379 3005 421 3062 his
443 3022 539 3080 nempe
559 3006 689 3063 Jaltanni
702 3009 832 3079 apostola
848 3025 907 3062 ana
929 3014 1032 3062 tantum
1048 3008 1168 3080 epistota
1191 3015 1219 3063 et
1238 3006 1317 3062 alteri
1338 3007 1387 3062 Jo-

137 3087 216 3145 ltanni
223 3091 395 3164 presbytero
410 3093 486 3147 dnae
501 3091 567 3148 aliae
589 3091 753 3155 tribuunttu,
776 3108 860 3166 quum
882 3100 937 3148 tres
958 3091 1017 3147 illas
1039 3092 1168 3165 epistolas
1184 3093 1231 3147 uni
1246 3090 1388 3164 eidemque

137 3172 251 3231 ladonai
263 3179 393 3249 apostola
409 3176 530 3251 exempla
546 3176 703 3233 Hormisdae
719 3175 879 3234 adscribant.
911 3175 985 3232 Unde
1002 3193 1066 3233 vero
1081 3184 1143 3233 nata
1157 3178 1194 3233 sit
1209 3177 1276 3232 haec
1291 3174 1388 3232 Gelasii

140 3255 333 3335 llormisdaeque
354 3260 502 3324 dissensio,
535 3263 607 3318 notis
632 3263 660 3318 in
686 3263 775 3337 ipsum
795 3261 892 3319 Gelasii
918 3261 1008 3317 loeum
1035 3260 1204 3318 commodius
1225 3269 1386 3336 exponetur.

140 3341 262 3400 Praeterea
276 3345 384 3402 duobus
398 3348 557 3421 praesertim
572 3347 760 3404 additamentis
776 3362 790 3402 a
805 3345 971 3421 quibuslibet
982 3345 1079 3403 Gelasii
1091 3345 1288 3421 exemplaribus
1300 3362 1389 3402 secer·

141 3437 227 3485 santur
239 3429 396 3488 llormisdae
417 3433 548 3505 exempla.
587 3431 691 3507 Quippe
711 3435 785 3488 inter
797 3431 932 3507 synodos,
960 3448 1029 3506 quae
1050 3431 1219 3507 recipiendae
1234 3439 1312 3494 sunt,
1334 3446 1391 3498 non?

141 3513 208 3570 uodo
221 3515 368 3580 llieaenam,
384 3515 545 3590 Ephesinam
560 3525 641 3591 atque
656 3516 908 3581 Calchedoneasem,
929 3516 977 3573 sed
999 3518 1078 3573 etiam
1100 3518 1389 3589 Constantinopolita-

142 3615 196 3655 κει
208 3609 360 3665 recenseam
382 3619 413 3659 ac
432 3610 496 3676 post
517 3611 676 3659 memoratas
693 3610 810 3679 quatuor
829 3603 889 3659 illas
909 3601 1031 3677 synodos
1052 3603 1131 3659 etiam
1153 3600 1225 3658 istud
1246 3601 1389 3673 adjiciunt:

145 3682 191 3741 ted
206 3694 232 3742 et
250 3691 276 3744 st
294 3706 352 3761 qua
375 3690 434 3744 alia
456 3695 524 3744 sant
538 3691 662 3746 concilia
684 3707 702 3744 a
718 3692 828 3746 sanctis
845 3689 982 3760 patribus
1001 3689 1145 3745 hactenus
1163 3691 1303 3758 instituta,
1323 3693 1390 3760 post

145 3772 244 3828 aaran
257 3780 384 3846 qaataor
398 3777 600 3830 auctoritatem
616 3780 644 3830 et
658 3775 844 3831 custodienda
860 3782 888 3829 et
908 3775 1076 3846 recipienda
1092 3775 1280 3830 decrevimus.
1312 3770 1390 3839 Quod

146 3851 331 3913 ddiumentam
357 3859 429 3914 sicut
455 3867 483 3914 et
504 3857 816 3934 Constantinopolitanae
842 3858 939 3932 synodi
963 3860 1127 3914 mentionem
1153 3859 1315 3933 ignorarunt
1335 3872 1390 3912 uon

147 3945 230 3996 tartum
247 3944 427 4016 antiquiores,
449 3945 495 4017 qui
516 3943 683 4000 Gelasimum
706 3943 845 4000 decretum
866 3945 1080 4018 exscripserunt,
1102 3941 1151 3999 sed
1171 3945 1250 3999 etiam
1270 3941 1390 3997 isidorus

148 4019 265 4083 bereatar.
301 4027 341 4083 Ab
357 4027 416 4099 ejus
432 4029 502 4084 euim
525 4029 655 4104 exemplis
672 4038 817 4103 utrumque
833 4028 927 4085 abesse
942 4028 1028 4092 solet;
1050 4030 1073 4084 si
1095 4045 1147 4101 qua
1167 4045 1231 4085 vero
1254 4025 1391 4083 offendere

149 4115 192 4171 tsi,
207 4113 230 4167 ia
249 4112 344 4187 quibus
366 4113 433 4169 baec
452 4112 507 4169 duo
523 4112 626 4185 adjecta
640 4122 718 4177 sunt,
740 4115 806 4170 haec
820 4131 876 4170 non
891 4113 1000 4170 aliunde
1015 4115 1065 4169 nisi
1081 4129 1114 4169 er
1129 4111 1287 4168 Hormisdae
1303 4127 1391 4167 erem·

150 4191 245 4263 cluibus
258 4199 373 4272 primum
388 4198 421 4254 ad
437 4200 586 4274 marginem
607 4214 637 4255 aa
657 4197 832 4273 postmodum
846 4201 875 4255 in
890 4200 951 4274 ipso
965 4206 1043 4255 textu
1055 4198 1180 4272 suppleta
1192 4213 1252 4252 esse
1264 4195 1390 4268 contigit.

152 4273 216 4335 Eira
232 4282 336 4357 quidem
357 4283 387 4339 in
408 4299 456 4340 ore
478 4291 583 4340 tantum
603 4283 703 4340 codicis
719 4284 916 4358 Gapueinorum
932 4282 1171 4358 Rotomagensium
1193 4281 1340 4355 adscripta,
1364 4281 1391 4334 iu

153 4367 233 4422 tertam
247 4375 332 4424 autem
346 4366 497 4442 Remigiani
512 4369 640 4425 translata
657 4369 773 4426 ollendo.
815 4368 992 4425 Goislinianus
1007 4385 1072 4424 vero
1087 4368 1203 4442 primum
1218 4368 1246 4422 in
1261 4367 1391 4440 margine,

154 4456 293 4517 murnum
311 4455 410 4528 inipso
432 4462 509 4510 textu
528 4453 646 4511 exhibet.
683 4454 793 4512 licinum
814 4453 972 4510 Hincmarus
994 4451 1149 4524 hujusmodi
1163 4449 1232 4507 libro
1253 4451 1391 4526 deceptus.

156 4539 274 4610 tuumque
294 4555 344 4613 pro
356 4540 422 4613 ipsis
437 4539 536 4597 Gelasii
551 4538 639 4596 verbis
656 4539 782 4597 habuisse
797 4556 827 4596 se
842 4541 870 4595 in
886 4556 980 4615 opusc.
999 4537 1180 4613 capitulorum
1196 4537 1393 4612 quinquaginta

158 4617 252 4693 quiaque
264 4622 334 4679 ald
349 4624 409 4699 (Op.
427 4624 520 4682 tom.2
536 4641 598 4700 pag.
608 4623 681 4696 474)
696 4625 795 4682 indicat
810 4624 855 4681 ubi
870 4624 978 4681 scribit:
1001 4625 1038 4680 B.
1056 4624 1189 4679 Getasias
1204 4625 1233 4679 ia
1249 4625 1391 4695 catalogo,

160 4706 262 4771 ration
273 4710 308 4765 ab
322 4710 458 4768 Ecclesia
481 4712 625 4768 catholiea
646 4714 843 4785 recipiantur,
866 4713 1028 4784 descripta,
1052 4708 1225 4765 authenticis
1240 4708 1395 4779 scripturis

162 4787 321 4864 alticaenae,
338 4796 670 4869 Constantinopolitanae
682 4814 719 4853 ae
727 4798 904 4870 Ilpdesinae,
917 4796 1159 4854 Calchedonensis
1171 4809 1283 4868 quaque
1294 4792 1396 4865 synodi

164 4876 252 4932 auae
269 4884 392 4939 emetat
410 4885 439 4939 in
460 4886 572 4941 sanetis
589 4883 723 4957 patribus
742 4886 880 4940 institutis
963 4885 1083 4955 altisque
1098 4882 1255 4952 seripturis
1269 4879 1394 4935 discrete

193 4981 321 5028 enisam
332 4993 434 5037 sonsa.
447 4995 561 5034 ronrrr.
578 4981 601 5034 1.
1168 4980 1189 5037 4
