3204 5506
624 112 795 164 ssrsrons
817 105 847 164 5.
1306 107 1369 173 663

85 265 146 329 ud
167 263 342 349 judicium,
374 264 473 329 fuisse
501 266 743 350 commonitum
779 268 834 332 sed
862 268 1018 354 allegasse
1045 293 1117 335 eum
1145 295 1203 357 per
1230 274 1367 340 directos
1380 304 1404 341 ιι.
1416 295 1473 343 501.

89 367 280 451 episcopos,
302 366 510 432 mandantem
518 367 573 454 ³³):
596 374 761 433 canonibus
781 375 840 434 siti
858 392 971 437 cessum
993 393 1065 450 esse,
1088 379 1143 438 sed
1163 379 1234 440 dum
1256 385 1371 457 affectu

92 476 294 548 usupationis
315 491 388 533 suae
408 475 526 533 cutmen
548 475 695 546 humiliat,
720 478 841 550 quantis
856 479 1003 551 perieulis
1022 496 1100 562 pene
1118 479 1228 552 suisset
1243 499 1367 558 oppres-

93 579 168 635 sus!
204 576 363 636 Dominum
385 592 485 650 repam
507 577 618 635 trabem
633 573 862 659 potestatem³⁴)
885 586 983 639 autern
1006 583 1088 655 qaod
1108 585 1192 642 vellet
1207 582 1351 655 faciendi
1355 605 1367 655 ;

99 693 129 736 se
151 679 290 751 interim,
308 678 434 752 justitia
456 679 612 750 renitente,
637 681 757 738 statutis
778 682 934 739 canonicis
955 698 1015 741 non
1034 699 1123 757 posse
1143 688 1291 760 compelli.

185 775 216 840 8.
249 775 302 839 Ad
324 774 403 839 haee
426 774 647 838 serenissimus
661 797 717 838 rex
733 776 852 859 taliter,
876 777 944 841 Deo
966 778 1162 872 adspirante,
1186 784 1367 866 respondit:

12 942 30 969 ι
97 886 128 942 in
151 883 296 957 mandati
321 898 383 942 esse
405 881 548 957 arbitrio,
576 883 607 940 in
630 889 716 941 tanto
743 886 862 956 nepotio
882 887 1036 958 sequenda
1052 890 1282 962 praescribere,
1313 907 1368 950 nec

41 1046 51 1055 ,⁸
95 985 220 1060 aliquid
246 985 291 1042 ad
316 1000 348 1043 se
363 990 492 1059 praeter
519 987 716 1043 reverentiam
744 985 782 1043 de
809 987 1018 1046 ecclesiasticis
1044 991 1170 1061 nepotiis
1194 993 1366 1064 pertinere;

92 1089 285 1147 committens
306 1088 396 1145 etiam
413 1088 558 1161 potestati
573 1087 767 1160 pontificum,
793 1093 825 1145 ut
845 1089 907 1146 siue
922 1091 1114 1163 propositum
1137 1093 1244 1151 vellent
1259 1094 1368 1152 audire
1454 1077 1462 1099 “

93 1192 251 1264 nevarum
273 1191 334 1248 sive
355 1189 483 1257 nollem,
517 1188 599 1262 quod
624 1189 722 1260 mauis
741 1195 886 1262 putarent
913 1191 998 1262 utne,
1032 1192 1250 1253 deliberarent:
1283 1196 1366 1253 dum·

93 1293 188 1352 modo
210 1291 380 1350 venerandi
398 1290 570 1364 provisione
591 1291 714 1349 concilii
729 1305 798 1364 poa
821 1285 900 1370 inb)
922 1291 1045 1350 civitate
1067 1292 1206 1352 Romana
1223 1296 1366 1355 Christia-

92 1397 143 1452 nis
165 1393 301 1452 omnibus
322 1393 517 1463 redderetur,
548 1407 627 1466 quae
648 1407 738 1464 quum
752 1392 836 1464 juste
864 1394 1009 1468 offertur,
1041 1394 1098 1453 Dei
1119 1398 1266 1456 mandata
1288 1414 1365 1458 com-

89 1498 230 1571 plentur,
255 1495 368 1554 Italiae
388 1509 461 1553 suae
482 1494 558 1552 dure
580 1498 736 1552 rectorem.

182 1592 214 1655 9.
252 1590 524 1675 Agnoscentes³⁶)
548 1589 666 1673 itaque,
690 1589 812 1652 nullum
835 1590 927 1653 nobis
949 1590 1091 1656 laborem
1118 1593 1215 1657 alium
1241 1617 1366 1660 reman-

91 1695 187 1776 sisse,
204 1692 270 1758 nisi
285 1695 320 1756 ut
335 1691 524 1755 dissidentes
540 1713 612 1755 eum
622 1689 803 1755 humilitate
823 1692 978 1776 propositi
990 1693 1092 1757 nostri
1108 1694 1147 1758 ad
1163 1697 1365 1761 concordiam

88 1795 309 1877 hortaremur,
333 1794 407 1878 quia
428 1816 528 1857 unum
549 1796 661 1857 tantae
684 1794 730 1857 rei
752 1793 906 1876 restabat,
936 1794 1020 1857 unde
1042 1794 1110 1859 Deo
1132 1799 1364 1883 pareremus³⁷)

18 1949 21 1953 ,
89 1903 124 1963 et
156 1899 292 1960 sanstae
320 1894 475 1979 principis
504 1895 677 1977 voluntati,
711 1894 917 1959 invitavimus
945 1899 1091 1960 senatum
1120 1898 1362 1983 amplissimum,
1456 1950 1461 1957 .

17 1994 21 1999 ’
86 1999 180 2086 quali
206 1998 358 2083 oportuit,
381 1996 542 2082 legatione
570 1996 730 2060 destinata
757 2000 924 2061 monentes
952 2000 984 2060 et
1010 1988 1222 2063 instruentes:
1253 2005 1382 2067 causus'

82 2109 150 2169 Dei
169 2108 268 2182 ipsius
289 2100 399 2185 esse³⁸)
421 2104 542 2178 ‚iudicio
569 2104 810 2177 committendas,
849 2106 901 2178 qui
927 2105 1006 2163 votet
1032 2121 1144 2179 corpus
1171 2107 1310 2165 occidere
1335 2114 1364 2189 et
1378 2070 1445 2207 112¹ss

156 2290 193 2356 ³³)
213 2286 256 2340 Ex
273 2285 408 2340 relatione
426 2282 536 2353 synodi,
563 2300 634 2353 quae
652 2282 716 2338 huie
734 2282 924 2338 constitutioni
942 2283 1116 2353 subjicietur,
1140 2286 1186 2340 hie
1203 2294 1362 2340 nuntiantem

10 2395 19 2436 s
76 2376 160 2442 (loeo
174 2374 327 2434 mandas),
345 2370 398 2422 hoe
411 2371 452 2422 est
464 2375 665 2437 respondentem,
684 2369 833 2438 legendum
851 2386 909 2424 esse
927 2369 1073 2440 colligitur.
1111 2371 1218 2426 ibidem
1235 2372 1268 2424 B¹
1281 2372 1315 2425 Ε2
1328 2372 1362 2426 F‘

10 2475 16 2502 ³
70 2460 102 2514 H
118 2458 145 2513 Ο
159 2457 195 2511 h'
211 2459 235 2509 c'
251 2457 277 2508 e²
289 2457 315 2509 0³
336 2459 462 2508 mandatis
484 2458 620 2508 canonibus
641 2457 691 2506 sibi
712 2461 866 2508 concessisse
889 2460 983 2523 affectu
1003 2462 1164 2525 purpationis
1184 2477 1246 2510 stiae
1268 2463 1366 2514 culmen

29 2588 32 2593 .
69 2548 206 2600 minat
225 2539 266 2607 (in
278 2539 336 2594 2Η3
348 2540 476 2607 humiliet),
496 2538 524 2592 et
540 2536 569 2590 in
588 2553 683 2591 eorum
701 2553 755 2591 uno
775 2537 873 2592 deinde
892 2560 956 2607 quae
975 2547 1059 2602 tantis,
1078 2540 1107 2593 in
1120 2541 1208 2595 nitere
1222 2548 1265 2610 qni
1277 2549 1366 2605 tantis,-

23 2694 28 2699 ,
66 2630 102 2685 in
118 2626 248 2694 ceteris)
267 2631 366 2694 mantis
382 2628 503 2692 periculis
518 2627 611 2689 suisset
629 2642 774 2690 oppressus,
793 2623 821 2675 in
840 2622 1006 2690 quibusdam
1025 2625 1053 2678 et
1069 2625 1098 2677 h'
1116 2630 1197 2692 faisse
1215 2646 1362 2693 oppressos.

63 2716 135 2770 bc⁷
150 2727 219 2779 seq.
242 2715 373 2763 nominatis
390 2712 527 2762 canonibus
548 2727 576 2761 se
598 2716 705 2760 cessisse
728 2713 822 2775 affectu
839 2714 1000 2774 purpationis
1021 2729 1083 2763 suae
1106 2716 1200 2763 cutmen
1222 2714 1361 2771 humilians.

10 2806 13 2825 '
62 2804 121 2872 qni
146 2801 241 2850 tantis
261 2800 382 2862 periculis
402 2812 468 2860 pene
488 2797 582 2858 fuisset
603 2811 750 2860 oppressus.
792 2792 849 2845 Nos
871 2793 907 2845 Η8
925 2792 1079 2862 sequimur,
1106 2793 1158 2847 nisi
1178 2794 1252 2861 quod
1275 2794 1362 2848 habet

10 2888 12 2893 ’
60 2885 221 2940 mndatis
232 2883 366 2947 ...affatu
395 2878 441 2930 K¹²
453 2875 610 2941 lectionem,
630 2893 714 2944 qnam
732 2879 759 2930 [ι’
771 2876 903 2946 praefert,
923 2876 1058 2946 expiscari
1075 2893 1130 2931 non
1141 2877 1290 2947 potuimus,
1308 2878 1361 2931 nisi

61 2966 163 3041 quod
186 2963 251 3033 ejus
267 2969 394 3016 calmum
412 2966 465 3015 ibat
482 2964 510 3015 a³
528 2963 635 3015 mutare
653 2978 682 3014 se
701 2961 741 3015 ait
758 2961 786 3014 in
804 2967 898 3015 odmen
915 2966 971 3014 dam
989 2965 1107 3019 inmittat.

150 3052 194 3119 ³⁸)
213 3048 309 3102 Verba
324 3059 475 3116 potestatem
493 3058 574 3099 autem
596 3045 722 3099 addimus
741 3063 802 3100 cum
820 3046 852 3098 F’
865 3046 909 3098 ΗΕ.
953 3045 1017 3098 Mox
1035 3046 1092 3100 bc²
1104 3064 1161 3115 seq.
1175 3053 1221 3113 jus
1237 3050 1360 3112 faciendi,

60 3144 125 3196 sed
147 3142 260 3189 interim
278 3138 443 3199 ...justitiae
461 3136 600 3185 renitentes
619 3130 673 3198 (vel
690 3133 847 3198 renitentem)
869 3136 972 3183 statutis
992 3135 1137 3185 canonibus.
1168 3129 1276 3184 Ibidem
1293 3147 1357 3184 mss.

60 3227 104 3281 et
124 3223 163 3277 h¹
181 3221 208 3273 0¹
229 3217 361 3272 omittimt
373 3223 432 3284 jus,
455 3217 483 3270 et
502 3214 601 3269 deinde
618 3218 741 3284 pergunt
761 3235 788 3269 se
807 3220 919 3272 interim,-
947 3215 984 3267 H,
997 3215 1029 3267 1⁴²²
1041 3214 1088 3267 ΚΗ
1101 3221 1207 3282 justitia
1223 3222 1359 3279 renitente,

62 3311 110 3366 E*
132 3309 285 3360 caamicis.
320 3301 427 3356 Deinde
445 3301 479 3354 F*¹
496 3313 607 3369 propter
623 3310 798 3354 reverentiam.

153 3392 194 3467 ⁸⁵)
214 3387 259 3440 lta
280 3403 343 3440 mss.
363 3387 392 3439 et
409 3386 482 3439 boe.
528 3384 556 3437 h¹
576 3396 642 3438 esset
665 3393 702 3443 tn,
734 3384 864 3437 omittens
887 3384 989 3452 postea
1011 3402 1072 3438 cum
1094 3385 1125 3437 B¹
1144 3385 1178 3437 Ε2
1200 3390 1362 3440 redderetur.

64 3473 201 3557 Deipde
221 3488 283 3526 cum
299 3489 362 3526 mss.
382 3470 508 3524 omnibus
528 3474 555 3522 et
573 3469 600 3522 h¹
616 3472 639 3522 ο1
660 3490 723 3539 quae
741 3491 794 3523 carn
812 3481 860 3523 ste.
884 3469 929 3535 (Fi
948 3477 1086 3539 quicunque
1105 3475 1223 3537 offertur,
1251 3471 1280 3523 et
1297 3486 1360 3523 eum

66 3564 129 3619 K¹²
143 3563 265 3614 suadere
282 3568 413 3618 rectorem,
432 3555 465 3609 Ε2
478 3558 624 3623 auctorem).
659 3556 696 3608 At
712 3554 730 3608 b
745 3557 770 3608 0²
782 3572 858 3622 seqq.
877 3554 974 3622 synodi
992 3554 1159 3608 sententiam
1176 3552 1360 3609 immutarunt

67 3649 106 3703 in
127 3646 215 3700 hunc
232 3640 358 3695 modum:
378 3644 447 3706 Quae
464 3661 518 3694 cum
530 3646 603 3706 juste
621 3646 784 3709 offerrentur,
807 3645 857 3693 Dei
874 3645 992 3692 nrandato
1010 3646 1161 3707 complentes
1183 3644 1273 3693 Italiae
1291 3660 1360 3693 suam

69 3737 210 3790 &dianus
228 3737 359 3782 rectorem

158 3815 196 3881 ³⁸)
215 3811 250 3865 B¹
268 3823 454 3881 silvescentem,
482 3809 561 3880 quasi
579 3828 640 3864 eum
658 3821 781 3865 rectorem
800 3809 976 3878 conjungens.
1016 3808 1123 3862 Deinde
1140 3814 1225 3877 itaque
1244 3826 1305 3862 eum
1323 3808 1360 3862 H⁸

72 3897 264 3957 addidimus.
299 3896 363 3949 Mox
380 3896 414 3948 Ε*
433 3900 496 3960 Quia
514 3906 624 3949 nostrum
643 3906 738 3950 tantae.

160 3986 196 4052 ⁸²)
214 3981 273 4035 be'
284 3997 341 4048 seq.
360 3988 523 4048 placeremus.
558 3980 623 4033 Mox
640 3980 672 4032 B¹
686 3980 720 4032 E*
731 3979 765 4033 Fd
778 3979 825 4033 K¹²
844 3990 871 4032 ut
885 3984 968 4032 saneti
985 3979 1024 4042 (et
1036 3977 1070 4029 Fe
1083 3987 1210 4032 uoluntate
1270 3982 1362 4030 invita-

9 4122 12 4127 ,
75 4071 197 4135 rem),
216 4065 264 4121 alii
281 4077 307 4119 at
324 4078 436 4128 sanctae,
454 4065 511 4119 ba²
523 4081 578 4133 seq.
599 4065 726 4133 (propter
744 4061 927 4116 mutationem
945 4079 1029 4131 supra
1045 4063 1150 4116 temere
1169 4063 1272 4115 iactam
1291 4064 1360 4138 Quae

76 4177 143 4212 cem
156 4158 236 4221 ,iuste
253 4162 301 4209 eta.
321 4154 444 4218 dedimus)
461 4157 558 4205 seilicet
575 4161 602 4202 ut
618 4151 702 4201 saneti
719 4146 747 4214 (b
767 4153 833 4200 tanti
850 4152 878 4200 et
896 4146 931 4200 ad
943 4163 1031 4215 marg.
1050 4149 1152 4212 sancti),
1172 4149 1197 4198 θ’
1215 4145 1251 4198 ad
1269 4162 1359 4214 marg.

78 4239 225 4296 nomio:
243 4241 395 4303 ι,Βιόιημ
415 4246 473 4288 ante
490 4240 615 4303 principis
632 4240 806 4288 voiuntatem“.
841 4231 899 4284 Noe
917 4248 979 4284 eum
996 4230 1075 4283 F²H⁸
1093 4242 1117 4283 et
1134 4240 1238 4284 sanetae
1297 4235 1359 4283 invi·

81 4332 211 4390 misna,
231 4320 278 4374 ubi
296 4318 343 4374 alii
361 4325 529 4381 invitaremus,
549 4321 571 4372 c¹
591 4325 726 4380 invitemus,
745 4317 777 4369 B¹
791 4316 864 4369 E²h¹
885 4321 1023 4372 invitamus.

158 4410 194 4476 ⁸⁸)
213 4407 243 4460 h¹
257 4404 363 4458 amittit
373 4423 437 4459 esse.
463 4404 527 4457 Mox
545 4403 605 4456 2H⁴
617 4407 720 4469 judicii,
738 4400 760 4452 F
762 4404 773 4437 d
783 4400 841 4453 2H³
850 4400 886 4453 Hs
895 4400 928 4451 F*
938 4400 971 4452 B¹
991 4401 1019 4454 et
1037 4398 1105 4453 editi
1117 4404 1218 4466 judicio
1231 4400 1361 4465 (a³judici

81 4491 262 4568 praetulisse
278 4488 408 4557 videtur).
445 4489 506 4542 Huc
524 4487 644 4542 attinent
660 4486 709 4539 illa
725 4484 844 4539 Ennodii
862 4485 986 4554 apolog:
1015 4490 1129 4538 Aliarum
1148 4488 1218 4549 forte
1239 4488 1360 4536 nominum

82 4599 183 4636 causas
195 4582 270 4632 Deus
287 4579 394 4629 suberit
410 4593 458 4642 per
476 4578 585 4627 bouvines
602 4577 753 4630 terminare;
770 4577 839 4624 sedis
857 4576 928 4630 istiuas
939 4590 984 4624 suo
997 4577 1051 4623 sine
1063 4575 1208 4639 quaestione
1220 4572 1360 4622 reservavit

81 4669 210 4722 arbitrio.
239 4664 327 4715 Voluit
345 4662 413 4712 beati
431 4663 504 4712 Petri
520 4677 679 4713 successores
702 4663 771 4712 coelo
795 4667 888 4711 tantum
906 4660 998 4710 debere
1015 4659 1181 4710 innocentiam
1204 4664 1228 4708 et
1250 4657 1358 4708 subtilis-
