3204 5506
573 115 666 163 vrrs.
689 136 730 146 —
752 113 923 165 sersaoni
947 106 974 163 1.
1345 98 1406 167 641

134 275 245 332 liemae
257 273 317 332 iude
328 274 391 347 jura
406 273 494 331 divina
511 274 681 349 humanaque
695 276 807 333 confusa
823 284 895 332 sunt.
933 276 1042 334 bemurn
1059 294 1129 335 anno
1144 277 1206 337 506
1221 277 1407 335 Theodericus

131 377 180 417 res
201 377 273 417 nora
287 359 438 434 Symmachi
458 359 594 434 legatione
614 378 663 435 per
678 361 835 417 llioscormn
858 362 997 418 diaconum
1014 363 1221 419 Alexandrinum
1236 364 1351 437 petitus,
1380 372 1408 419 ut

130 461 241 501 omnes
260 445 286 500 in
303 443 369 501 urbe
384 443 512 501 ecelesiae
533 445 605 501 tituli
628 445 713 502 eidem
735 448 945 502 restituerentur
966 441 1092 520 ellecitll.
1134 448 1201 504 Τιιιιι
1222 449 1249 504 in
1271 449 1407 522 praedium

129 529 278 602 quoddam
287 528 358 585 Festi
374 532 480 604 patroni
496 531 538 586 sui
554 532 634 586 cessit
642 530 809 594 laurentius,
827 532 869 587 alii
885 532 1057 588 utlohannes
1073 532 1409 608 diaconus(Sy1nm.cp.8)

126 611 220 682 justo
243 613 361 688 pontifici
381 616 575 670 satisfacientes
602 615 794 690 indulgentiam
824 626 990 672 meruerunt.
1035 617 1127 692 Neque
1153 620 1255 674 interea
1282 621 1410 677 omiserat

129 695 327 770 Symmachus,
350 701 415 774 quin
431 702 502 755 οιιιιιι
516 700 596 755 modo
612 708 639 755 et
654 700 809 774 disciplinae
825 701 1021 757 ecclesiasticae
1037 711 1064 758 et
1078 705 1161 759 statui
1176 702 1310 760 Romanae
1326 703 1410 760 eccle·

130 782 192 838 siae
216 784 379 840 consuleret.
419 783 474 840 Etsi
494 785 592 859 synerii
612 784 672 841 illae
693 789 793 858 parieta
816 794 843 841 ct
864 794 950 842 sexte
966 786 1181 843 Pseudo-isidori
1197 805 1267 843 mera
1283 787 1410 862 figmenta

132 876 219 939 sunt,
237 878 322 926 tamen
338 887 401 926 vere
417 871 510 944 quinta
525 870 646 944 synodus
661 872 688 925 in
704 869 810 927 basilica
825 889 847 926 s.
862 871 933 927 l'etri
948 871 1047 927 Rornae
1063 871 1130 927 dvi
1144 871 1300 929 Novembris
1315 891 1339 929 a.
1349 872 1409 930 502

134 950 167 1005 de
186 955 282 1011 rebus
296 958 439 1011 ecclesiae
455 958 662 1012 conservandis
677 954 765 1011 habita
781 965 831 1017 est.
853 973 1013 1031 quamquain
1033 975 1046 1012 a
1067 957 1258 1015 collectoribus
1279 975 1410 1015 canonum

138 1037 263 1095 conluso
278 1039 372 1096 ordine
389 1039 466 1096 nobis
481 1049 586 1096 servata
601 1040 711 1114 (Symm.
729 1042 807 1115 epist.
823 1041 861 1113 a).

235 1123 261 1180 4.
290 1123 389 1181 Eodem
412 1126 468 1181 lere
490 1134 611 1200 tempore
632 1127 778 1199 imperator
799 1128 953 1182 Anastasius
974 1144 1028 1183 nou
1050 1136 1194 1185 contentus
1216 1129 1344 1185 ecclesiae
1359 1129 1411 1185 lto·

92 1222 94 1237 *
143 1217 242 1265 uanae
255 1209 471 1283 perturbatione,
498 1227 575 1284 quam
597 1213 770 1274 excitaverat,
797 1210 924 1267 adversus
940 1211 1126 1286 Symmachum
1149 1215 1205 1287 ipse
1220 1212 1339 1270 lilrellum
1354 1215 1412 1270 vul-

149 1292 224 1360 gavit
238 1295 404 1351 contumeliis
420 1305 448 1352 et
463 1295 579 1369 querelis
595 1296 734 1352 retortum.
765 1295 812 1351 Cui
828 1304 954 1352 strenuus
967 1297 1092 1371 pontifex
1108 1298 1280 1372 apologetice
1297 1308 1412 1355 tractatu

151 1379 311 1448 reportem
326 1381 471 1445 festinavit,
493 1398 547 1456 quo
563 1398 641 1455 quarn
656 1383 763 1455 iniquae
779 1390 870 1437 essent
891 1381 962 1437 illius
983 1390 1039 1437 turn
1055 1383 1234 1439 contumeliae
1251 1392 1307 1440 tum
1323 1385 1412 1459 queri·

155 1465 253 1520 neniae
272 1465 473 1522 demonstrabat
494 1466 582 1540 (epist.
602 1465 661 1539 10).
707 1465 848 1541 Quumque
873 1466 943 1522 idem
966 1468 1121 1523 Anastasius
1146 1471 1174 1523 in
1191 1468 1299 1526 Oriente
1320 1468 1414 1526 ortho-

158 1539 250 1612 doxos,
271 1552 315 1625 qui
335 1549 580 1607 Calclredonensem
608 1550 742 1624 synodum
761 1550 985 1626 propugnabant,
1011 1569 1106 1608 vexare
1128 1571 1182 1609 nen
1206 1554 1363 1616 desisteret.
1388 1555 1414 1608 bi

160 1633 224 1701 apud
238 1636 356 1691 eunrdem
371 1652 504 1692 summum
521 1653 614 1710 papam
630 1636 755 1692 solatium
771 1638 1036 1709 quaesierunt‚eniue
1049 1647 1185 1711 rogantes.
1199 1656 1233 1694 no
1248 1641 1414 1695 communio·

163 1727 216 1772 netu
230 1736 299 1775 suam
315 1730 426 1794 negaret
442 1721 619 1777 orthodoxam
636 1719 713 1776 fidem
730 1720 930 1795 profitentibus
948 1740 1017 1796 quos
1033 1722 1090 1777 sola
1108 1721 1241 1779 Ecclesiae
1258 1723 1413 1779 universalis

161 1801 252 1860 utilitas
265 1822 325 1860 curn
341 1807 373 1860 iis
388 1808 584 1862 communicare
599 1814 737 1881 cogerent,
762 1808 807 1880 qui
823 1823 851 1861 sc
867 1805 899 1861 ab
915 1809 1000 1862 Aeacii
1016 1808 1146 1863 societate
1161 1808 1250 1864 divelli
1271 1826 1324 1865 non
1341 1817 1415 1881 pate·

161 1896 246 1944 rentm
259 1888 347 1964 (epist.
363 1890 422 1963 12).
459 1889 568 1947 Litteris
584 1908 677 1947 eorum
693 1890 793 1961 ajusta
808 1892 958 1947 constantia
978 1891 1107 1947 dimoveri
1128 1909 1182 1948 non
1198 1894 1288 1956 valuit,
1311 1893 1357 1948 sed
1374 1910 1415 1948 re·

157 1975 295 2045 spunsione
317 1977 356 2031 eis
378 1976 446 2032 lacta
466 1984 622 2032 constanter
643 1977 771 2039 asseruit,
798 1975 1054 2050 sedisapostolicae
1081 1980 1296 2034 communionem
1317 1979 1416 2034 neaniai

156 2059 316 2132 sperandam,
338 2062 388 2116 nisi
411 2062 455 2135 qui
472 2079 485 2116 a
501 2061 685 2116 damnatorum
702 2063 890 2117 communione
905 2066 1017 2134 prorsus
1033 2062 1171 2118 secederet
1193 2062 1282 2137 (epist.
1299 2061 1357 2134 13).
1378 2093 1414 2102 —

154 2143 225 2200 Afris
237 2146 263 2200 in
278 2144 327 2201 alia
344 2156 431 2201 terrae
446 2156 522 2220 parte
538 2163 587 2220 pro
604 2144 664 2202 helei
680 2147 837 2220 integritate
854 2146 1016 2202 luctantibus
1032 2147 1151 2204 solamen
1167 2156 1194 2203 et
1210 2148 1328 2204 levamen
1345 2148 1416 2203 lerre

152 2230 195 2304 pie
217 2231 367 2304 properavit
388 2233 447 2304 pius
469 2231 589 2305 pontifex
610 2230 699 2304 (epist.
719 2232 772 2293 11;
800 2230 872 2286 coni.
898 2233 1019 2287 hrrastas.
1044 2231 1060 2286 l.
1074 2230 1124 2303 c),
1155 2235 1202 2306 qui
1223 2236 1284 2289 solu
1304 2237 1416 2305 putarat

149 2317 252 2381 lucre,
274 2331 349 2388 quoe
367 2319 425 2388 ipsi
437 2320 473 2373 de
493 2318 668 2372 liberalitate
690 2324 883 2373 noscerentur
903 2314 992 2390 (epist.
1008 2316 1061 2379 20:
1089 2317 1160 2373 coni.
1179 2320 1257 2392 epist.
1272 2315 1414 2388 1t-24).

149 2400 206 2457 Nec
225 2401 328 2457 minore
349 2417 408 2456 cum
430 2403 580 2457 constantia
602 2410 628 2456 et
649 2403 748 2475 pietate
770 2400 918 2457 Gallicanae
939 2401 1067 2458 ecclesiae
1088 2404 1238 2463 consuluit.
1266 2405 1292 2459 in
1317 2420 1369 2477 qua
1390 2411 1417 2457 ct

147 2485 220 2542 ordo
235 2485 414 2541 hierarchicus
431 2488 578 2561 antiquitus
594 2488 759 2542 constitutus
782 2494 809 2541 ct
830 2485 970 2560 disciplina
990 2487 1169 2543 ecclesiastica
1185 2488 1330 2562 periclitari
1346 2487 1417 2543 vide-

146 2570 237 2627 batur.
270 2568 381 2644 Utrique
395 2571 514 2645 perirulo
530 2571 658 2626 medelam
675 2571 765 2627 attulit
780 2572 954 2644 Symmachus
977 2571 1066 2645 (epist.
1085 2571 1228 2644 14-16),
1250 2575 1296 2645 qui
1311 2572 1416 2628 tandem

92 2696 94 2707 .
145 2655 206 2712 xiv
221 2654 277 2711 Cal.
295 2661 430 2730 Augustas
452 2658 513 2712 anni
530 2655 591 2712 514
614 2656 645 2711 ad
665 2673 779 2729 superos
801 2656 945 2711 translatus
968 2666 1021 2718 cst,
1053 2655 1174 2712 laborum
1196 2666 1222 2712 et
1244 2659 1417 2712 certaminum

143 2758 264 2798 suorum
279 2743 393 2815 praemia
408 2750 577 2815 accepturus.

673 3145 854 3249 Epistola
881 3144 899 3227 1

762 3297 811 3334 SOU

398 3396 580 3451 Decretum
601 3394 766 3461 synodale
787 3408 814 3449 s.
838 3391 1031 3462 Symmachi
1051 3406 1169 3461 papae.

92 3556 116 3609 5,
158 3548 187 3598 1.
206 3543 353 3605 suffossio
374 3543 508 3605 Fulgentii
530 3543 703 3592 archidiaconi
730 3542 855 3591 ecclesiae
877 3543 1005 3590 Romanae
1033 3542 1064 3590 de
1091 3543 1250 3602 congregem
1271 3539 1364 3600 synodo
1388 3551 1421 3586 ex

234 3631 374 3690 praecepto
392 3641 474 3690 papae
493 3629 644 3690 Symmachi

136 3719 183 3772 Π.
203 3713 380 3766 interlocutio
398 3714 549 3775 symmachi,
566 3717 596 3761 ut
614 3711 765 3774 episcopalis
783 3712 896 3761 ambitus
913 3711 1038 3760 radicitus
1057 3713 1212 3772 amputetur.

119 3805 183 3858 ΠΙ.
204 3799 349 3852 munus
370 3798 470 3859 synodi,
496 3802 526 3846 ut
547 3798 570 3847 si
593 3799 651 3858 quis
674 3810 742 3858 pepe
764 3798 903 3858 superstite
926 3809 972 3859 pro
993 3797 1105 3844 Romam
1126 3796 1279 3856 pontificatu
1301 3795 1421 3855 cuiquem

234 3882 356 3946 quolibet
372 3884 444 3932 modo
461 3883 575 3931 teserem
592 3885 724 3944 praestare
743 3882 914 3941 convincitur,
936 3880 988 3930 loci
1009 3881 1050 3928 sui
1073 3881 1159 3929 ordine
1182 3881 1225 3928 vel
1248 3879 1420 3929 commuuione

234 3969 364 4032 privetur.

117 4059 179 4114 xv.
200 4055 247 4106 Ut
265 4053 290 4102 si
308 4065 375 4115 pape
391 4057 471 4102 morte
488 4056 643 4116 praeventus
665 4065 714 4101 uon
735 4053 848 4114 potuerit
870 4055 929 4100 ante
953 4052 983 4100 de
1007 4052 1049 4100 sui
1066 4052 1219 4099 successoris
1237 4050 1362 4100 electione
1379 4050 1423 4098 de·

235 4150 353 4197 cerussa
370 4138 394 4187 is
411 4138 540 4187 ordinetur
557 4139 675 4196 antistes,
693 4150 769 4198 quem
787 4140 892 4186 cunctus
904 4136 988 4185 clerus
1000 4140 1046 4184 eut
1059 4138 1127 4185 certe
1140 4149 1201 4197 pers
1212 4134 1294 4197 mejcr
1306 4133 1423 4195 elegerit

136 4231 177 4280 v.
199 4226 247 4276 ut
268 4223 295 4273 si
316 4223 373 4284 quis
395 4224 537 4273 ambientes
559 4224 602 4273 vel
624 4224 738 4272 lautores
759 4222 926 4270 ambientium
950 4221 1174 4284 conjuratoresque
1197 4219 1349 4280 prodiderit,
1375 4229 1423 4265 nou

122 4378 460 4399 .---·--·---

124 4477 305 4539 vooeretur
321 4474 362 4530 ibi
382 4473 561 4529 uecuetodia
578 4473 699 4543 quadam
718 4473 850 4528 retineret
850 4491 895 4537 ur3
926 4472 1025 4526 deinde
1047 4474 1112 4541 post
1133 4470 1269 4549 synodum
1292 4469 1357 4524 anni
1374 4474 1424 4523 502

139 4563 245 4625 psum
261 4542 330 4598 inde
405 4560 485 4612 psum
497 4543 670 4610 Romamque
688 4557 829 4596 reversum
846 4557 910 4595 vere
929 4539 1091 4619 episcopum
1109 4536 1369 4593 schismaticume'
1372 4553 1422 4590 sse

124 4554 243 4762 :ndo
258 4612 309 4750 ἐξ
318 4627 479 4733 6anonymus
496 4610 624 4675 Blanch.,
652 4612 681 4663 et
702 4609 828 4679 apprime
852 4607 989 4662 corrsentit
977 4607 1167 4677 tSymmachi
1189 4607 1268 4677 epist.
1287 4612 1303 4660 8
1327 4623 1342 4660 e
1378 4622 1424 4674 ap

172 4783 349 4825 zrssrocss
363 4783 467 4821 eones.
482 4784 595 4818 ιοιιιιι.
614 4769 634 4819 Ι.
970 4772 975 4789 ι
1181 4768 1219 4825 41
