3224 5506
564 321 570 334 ·
627 329 798 379 sersaoni
821 320 852 378 8.
1322 312 1382 378 757

109 486 241 553 hominis
264 484 420 550 mentitur
442 505 510 547 esse
533 483 739 567 genitricem,
771 483 889 548 oblitus
912 483 1079 568 angelicae
1102 483 1370 568 annuntiationis,
1384 506 1408 543 a.
1421 496 1478 544 ιιι.

109 610 160 674 per
180 610 278 673 quam
300 586 419 651 mundo
441 585 599 668 innotuit,
628 584 703 669 quia
725 586 808 669 quod
831 608 868 650 ex
897 608 935 650 ea
962 589 1162 670 nasceretur,
1192 586 1372 651 vocandum
1380 592 1522 658 Lucust.

109 694 186 757 esset
208 693 368 771 sanctum,
392 685 492 751 Filius
515 687 585 751 Dei.
631 687 783 751 Facessat
804 687 974 771 impiorum
995 691 1063 751 tam
1087 688 1316 753 contumeliosa
1337 689 1373 753 in

109 793 170 858 Deo
183 791 446 857 honorificentia:
469 789 620 874 quoniam
643 788 688 852 sic
708 789 789 852 est
779 811 814 852 ιιι
836 791 926 852 utero
949 789 1085 874 virginis
1103 793 1235 874 operata
1249 790 1374 854 Divini-

109 899 168 978 tas,
203 897 241 959 ut
263 915 302 957 ex
331 915 368 956 ea
396 891 487 956 unita
469 892 521 976 a⁷)
549 890 609 955 sibi
637 889 823 975 procederet
850 891 958 955 carnis
993 891 1180 979 animaeque
1213 891 1373 956 humanae

109 945 276 1062 'nidiscreta
298 994 424 1079 quidem
446 993 501 1058 sed
523 1015 590 1056 non
613 992 746 1057 confusa
769 993 967 1057 connexione
989 994 1316 1078 substantia3ets1c
1339 994 1374 1058 ιιι

109 1099 246 1183 utrisque
268 1097 392 1162 naturis
415 1118 473 1179 pro
495 1097 623 1159 nostrae
637 1093 873 1178 'redemptionis
895 1094 1065 1160 dilectione
1082 1096 1201 1162 Christi
1216 1095 1295 1161 Jesu
1310 1095 1373 1160 Do-

109 1200 181 1265 mini
204 1199 308 1264 nostri
330 1219 468 1283 persona
483 1219 547 1261 una
563 1200 622 1279 cst,
647 1196 837 1260 aedificante
852 1197 1005 1280 mysterio
1022 1247 1118 1262 ......
1127 1199 1153 1283 ⁸)
1169 1197 1373 1262 restitutione

109 1305 238 1367 nortem
266 1300 373 1366 subire
401 1299 640 1383 potuisset
664 1302 801 1362 naturae
834 1298 1047 1384 fragthatem
1075 1300 1221 1364 coelestis
1247 1299 1373 1382 imperii

109 1402 240 1468 ralueris
261 1403 379 1466 virtute
401 1422 568 1485 reparare,
606 1398 656 1464 vel
684 1401 731 1464 ita
752 1422 810 1485 pro
839 1401 965 1465 unitate
987 1423 1141 1485 personae
1163 1405 1196 1465 et
1217 1400 1373 1464 Dominus

109 1504 282 1589 majestatis
305 1503 473 1568 crucifixus
497 1505 529 1566 et
543 1502 643 1566 Filius
660 1501 798 1566 hominis
822 1501 969 1566 credatur
991 1503 1192 1568 descendisse
1214 1503 1252 1566 de
1274 1502 1372 1567 coelo.

109 1606 293 1691 Eutychetis
315 1627 438 1690 quoque
459 1603 646 1689 ignorantia
670 1604 765 1689 ....⁹)
795 1603 952 1668 bonorum
981 1605 1122 1669 omniurn
1151 1608 1183 1669 ct
1209 1605 1279 1689 ipso
1302 1627 1373 1669 curn
1468 1589 1475 1598 ’

109 1708 197 1773 sociis
220 1706 411 1772 detestanda
429 1706 498 1789 jam
521 1707 650 1770 nomine
673 1706 839 1771 abdicetur
861 1706 1030 1790 hebetudo,
1055 1707 1108 1791 qui
1131 1707 1235 1772 Deum
1258 1709 1291 1772 et
1311 1707 1374 1771 Do-

109 1811 225 1875 minum
252 1811 398 1873 nostrum
424 1807 535 1873 Jesum
559 1807 720 1873 Christum
756 1809 894 1893 figuram
925 1812 1055 1873 tantum
1089 1810 1194 1873 carnis
1225 1808 1374 1873 habuisse

109 1915 240 1977 testatus
264 1914 323 1994 est,
348 1914 381 1975 et
401 1913 532 1974 nostrae
547 1909 716 1974 veritatem
734 1932 798 1974 non
814 1910 964 1975 habuisse
979 1910 1070 1974 snbst
1056 1910 1190 1994 tantiae,
1214 1911 1372 1992 nesciens,

109 2015 140 2079 rte
155 2036 218 2099 quo
233 2012 424 2098 promissum
446 2012 499 2095 sit,
524 2012 597 2097 quia
621 2017 761 2077 roucourt
776 2004 989 2093 persecutores
1010 2019 1086 2093 ejus,
1110 2021 1141 2077 io
1157 1986 1474 2120 quietumque-1³32,

109 2127 218 2182 ιινιιιι.
253 2115 304 2178 Ita
326 2114 468 2179 enimin
490 2137 554 2177 una
577 2113 749 2197 eademque
771 2135 908 2197 persona
930 2114 1073 2198 persistit
1095 2118 1229 2199 utraque
1244 2117 1302 2177 nat
1302 2136 1371 2197 ura,
1384 2096 1467 2176 Za'ch.

109 2217 247 2283 utDeus
270 2219 365 2299 atque
387 2216 482 2280 homo
505 2237 586 2279 unus
609 2215 668 2278 Dci
692 2215 792 2279 iilius
813 2215 908 2280 ,Iesus
932 2215 1078 2281 Christus
1109 2215 1249 2280 fidelium
1273 2215 1427 2281 cordi·
1362 2165 1427 2258 ’,12
1434 2196 1473 2244 ¹⁰

109 2321 161 2384 bus
183 2321 386 2404 apparescat.
420 2316 502 2393 Quid
525 2317 611 2381 onim
634 2317 849 2402 quadraginta
872 2317 995 2382 dierum
1017 2321 1090 2402 post
1110 2318 1375 2383 resurrectionem

109 2421 233 2486 Domini
258 2442 329 2485 curn
351 2419 532 2484 hominibus
556 2419 753 2484 conviventis
780 2421 813 2482 et
836 2420 1056 2484 convescentis
1085 2420 1154 2505 egit
1180 2420 1373 2504 praesentia,

109 2525 166 2589 [risi
192 2524 227 2588 in
255 2522 327 2587 istis
359 2522 500 2607 negotiis
528 2521 672 2604 illorum,
712 2521 767 2606 qui
796 2521 964 2585 veritatem
993 2521 1099 2586 carnis
1128 2522 1195 2605 ejus
1224 2523 1375 2607 negaturi

109 2628 212 2708 erant,
248 2623 405 2688 seniorem
432 2623 555 2688 faceret
583 2626 635 2687 aet
637 2626 722 2687 atem
750 2623 924 2687 curationis
952 2625 1068 2710 esse¹⁰)
1091 2646 1187 2709 quam
1208 2623 1373 2688 vulneris?

109 2728 156 2792 Sic
178 2727 266 2792 euim
288 2726 369 2790 dixit
391 2726 431 2790 ad
454 2725 642 2809 discipulos:
667 2730 744 2801 Quia
765 2732 906 2805 cogitatis
927 2733 959 2791 r'n
981 2732 1123 2791 cordibus
1145 2732 1271 2792 vestris?
1305 2731 1372 2790 Pal-
1384 2699 1507 2823 {2¹32ss

109 2840 175 2910 pote
189 2841 218 2894 ct
234 2835 340 2906 videte,
365 2835 437 2908 quia
458 2834 583 2908 spiritus
604 2849 727 2892 curnem
749 2839 778 2892 ct
800 2848 866 2892 osso
888 2850 948 2893 noa
970 2833 1074 2907 habet,
1103 2835 1180 2893 sicut
1201 2834 1375 2897 accideris

109 2937 226 2997 dobere.
263 2929 375 3014 Neque
397 2931 512 2994 fuisset
534 2928 730 3013 mysterium,
755 2929 837 3014 quod
860 2929 951 2993 ostiis
973 2930 1013 2993 ad
1036 2952 1089 2993 eos
1112 2928 1228 2994 clausis
1249 2928 1373 3014 ingres-

109 3055 158 3097 sus
180 3036 240 3116 est,
264 3033 292 3096 si
314 3031 536 3116 integritatem
558 3031 690 3095 humani
714 3031 854 3115 corporis
876 3053 941 3094 nou
964 3031 1113 3095 habebat.
1147 3031 1320 3096 Possumus
1335 3054 1373 3094 ex

109 3134 165 3200 hoc
187 3136 271 3199 dono
293 3133 382 3197 verbi
403 3133 649 3217 praecedentem
676 3132 804 3217 longius
826 3133 969 3216 proferre
991 3154 1168 3196 sermonem
1175 3183 1183 3217 ,
1212 3133 1268 3197 scd
1295 3132 1373 3197 satis

171 3354 351 3423 7)Ηιιιιιιιιι
374 3353 533 3408 obtinuerat
555 3359 640 3406 tardas
662 3356 696 3406 ibi
720 3356 886 3420 procederet,
916 3350 982 3403 vitio
1007 3350 1196 3418 librariorum,
1222 3352 1270 3420 qui
1292 3367 1373 3406 voces

112 3439 170 3493 olim
193 3440 229 3494 ab
253 3437 416 3507 antiquariis
443 3437 606 3492 indiscretas
629 3439 704 3491 recte
727 3453 858 3506 separare
885 3436 1048 3492 nescierant.
1093 3437 1254 3505 Lagentium
1281 3437 1375 3491 suerat

111 3533 174 3579 onitu
196 3529 257 3586 sibi,
282 3521 388 3578 scilicet
411 3529 563 3592 manicati„
590 3523 655 3576 Mox
677 3523 705 3575 in
728 3520 849 3590 vulgatis
866 3526 983 3574 increato
1001 3527 1111 3591 quidem,
1136 3528 1249 3576 sednon
1268 3526 1375 3588 confuso

111 3616 263 3665 counexione
280 3614 437 3662 substantioe
455 3619 479 3662 ct
497 3614 528 3665 ιι.
566 3608 607 3661 Ex
625 3609 660 3663 (ιι
679 3624 840 3663 revocamus
857 3611 999 3662 substantio
1017 3618 1041 3661 ct
1059 3613 1110 3660 sic:
1133 3609 1218 3661 antea
1235 3623 1300 3661 vero
1323 3624 1374 3676 pro

111 3700 221 3750 increata
240 3694 276 3747 <lc
293 3695 389 3747 nostro
406 3692 552 3746 restituere
570 3692 650 3747 nobis
668 3693 752 3747 licere
770 3693 925 3748 censuimus
943 3698 1096 3752 indiscreta,
1115 3691 1168 3745 hoc
1180 3693 1236 3757 est,
1250 3697 1371 3746 indivisa.

111 3778 148 3835 lta
173 3781 227 3835 hac
253 3797 309 3833 una
334 3777 473 3833 senmntia
493 3777 655 3846 Eutychctis
679 3779 708 3831 et
730 3776 852 3832 Nestorii
878 3778 1023 3846 oppositae
1041 3777 1170 3830 haereses
1197 3775 1278 3830 simul
1304 3776 1375 3846 peri-

111 3868 225 3920 rouutnr.

171 3954 192 4018 8)
210 3949 264 4003 Hic
281 3950 309 4002 in
328 3949 361 4008 G!
381 3948 474 4013 unius,
493 3949 521 4001 ct
539 3964 602 4003 mox
621 3947 752 4002 dimidiae
769 3948 860 4001 lineae
879 3947 1000 4016 spatium
1017 3963 1134 4000 vacuum
1152 3945 1289 3999 rehctum.
1325 3946 1375 3999 La·

110 4052 203 4090 cunam
223 4052 286 4089 eam
303 4032 450 4102 supplendi
473 4031 554 4101 copia
576 4033 656 4087 nobis
679 4032 774 4086 defuit.
817 4033 939 4086 Tantum
957 4032 1149 4096 observamus,
1171 4030 1241 4084 hoec
1259 4029 1296 4083 ad
1317 4029 1374 4082 imi-

109 4119 241 4175 tationem
261 4118 336 4172 dicte
355 4135 414 4171 csse
431 4118 580 4171 verborum
593 4116 693 4171 Leonis
711 4117 790 4188 epist.
804 4125 837 4172 ιδ
856 4117 892 4170 ed
909 4116 1072 4171 Flavianum
1091 4133 1112 4169 c.
1128 4123 1154 4169 5:
1179 4120 1294 4184 Propter
1312 4120 1377 4170 hanc

109 4226 165 4274 erpo
184 4211 306 4259 unitatem
326 4223 454 4272 personne
476 4209 502 4255 in
524 4215 631 4273 utroque
650 4215 742 4256 aarum
764 4208 950 4269 intelligendam
969 4214 994 4254 ct
1013 4207 1081 4269 filius
1098 4205 1202 4255 torsistis
1221 4206 1313 4268 legitur
1331 4207 1375 4255 de·

109 4296 235 4346 retudisse
253 4295 285 4343 dc
304 4297 374 4343 coelo
450 4300 475 4342 et
492 4308 581 4342 rursus
596 4294 664 4354 filius
682 4294 731 4341 Dei
748 4294 886 4355 crucifixus
904 4293 1006 4343 dicitnr.

171 4378 194 4445 ⁸)
213 4375 248 4430 (ι’
268 4381 342 4442 ipuor
416 4377 543 4429 bonoram.
580 4371 735 4442 spatiolum
756 4389 873 4427 vacuum
890 4370 1025 4425 Batonius
1047 4369 1143 4425 addito
1162 4370 1296 4424 vocabulo
1315 4376 1376 4425 dior·-

109 4481 192 4516 rormn
208 4458 343 4530 implevit.
386 4458 453 4527 Ejus
475 4458 536 4511 loco
554 4478 651 4527 carpere
672 4456 762 4526 magis
783 4457 914 4527 placeret.
955 4456 1020 4509 Mox
1044 4455 1087 4510 cd.
1109 4460 1259 4510 detestando
1331 4476 1377 4524 op-

109 4556 191 4616 paret.

173 4633 205 4699 ¹⁰)
225 4627 329 4699 Supplc
347 4634 445 4697 potius:
464 4646 535 4697 quae
553 4629 691 4698 particula
709 4628 792 4682 etiarn
811 4626 884 4681 infra
902 4625 981 4697 epist.
998 4632 1029 4679 14
1047 4632 1101 4680 n.1
1122 4626 1153 4679 ut
1171 4629 1200 4678 et
1217 4624 1285 4679 ahbi
1302 4624 1376 4695 apud

109 4715 236 4786 antiquos
258 4715 354 4784 patres
376 4732 431 4768 nou
453 4730 516 4767 raro
539 4714 680 4768 reticetur.
720 4714 780 4767 Hoc
803 4714 896 4766 autem
919 4710 972 4765 sibi
990 4711 1061 4766 vult:
1086 4715 1144 4764 Nisi
1165 4717 1190 4763 in
1213 4715 1377 4779 discepatio·

109 4808 248 4872 rffecirsct,
267 4812 293 4853 ut
310 4805 397 4854 senior
414 4811 487 4852 actos
504 4807 675 4866 repostolorum
692 4805 751 4860 illis,
771 4806 813 4868 qui
831 4804 952 4868 deinceps
969 4800 1102 4852 veritatem
1120 4802 1206 4850 corais
1224 4801 1281 4862 ejus
1302 4808 1377 4849 crorrc

109 4893 235 4958 reputari,
254 4891 394 4940 curationis
411 4895 477 4938 essct
494 4892 579 4953 potins
598 4906 687 4946 cereso,
706 4904 779 4954 quom
796 4889 914 4938 vulneris.
