3204 5506
562 368 757 417 nrlsrouss
782 361 831 418 10.
858 360 907 417 ll.

616 575 617 578 ’
716 556 758 620 ΙΙ.

173 676 208 739 6.
252 674 304 740 De
327 675 389 740 hoc
403 667 497 758 sane,
521 674 574 760 qui
596 674 672 739 licet
695 674 837 739 irnlebite
861 675 1039 740 Deensilms
1063 679 1266 762 cognoscitur
1288 681 1370 745 ordi·
1382 695 1473 742 asos.

75 782 205 861 natus,
232 775 387 863 justitiae
413 777 537 842 ratione
566 777 763 859 censuimus,
800 780 836 841 ut
863 779 1075 844 sacerdotium
1104 781 1172 864 ejus
1200 782 1310 845 fratris
1338 787 1371 847 et

78 878 281 964 coepiscopi
304 879 408 944 nostri
429 878 555 944 Leontii
579 879 785 944 confirmetur
807 879 950 963 arbitrio,
974 905 993 944 a
1015 904 1077 965 quo
1094 882 1156 946 rite
1171 882 1282 947 debuit
1297 906 1370 948 con·

80 982 214 1046 serrari
223 982 279 1067 ¹⁴).
333 980 419 1046 Dens
447 1003 502 1046 vos
532 981 704 1065 costodiat,
738 982 856 1046 fratres
892 983 1064 1065 carissimi,
1100 1005 1177 1047 aevo
1206 984 1368 1068 longiore!

82 1082 180 1146 Data
208 1085 305 1148 sexto
327 1082 483 1150 Calendas
507 1082 642 1149 Martias
664 1084 960 1169 postconsulatum
984 1084 1096 1149 Basilii
1118 1085 1179 1148 viri
1202 1085 1367 1150 clarissimi

81 1185 248 1251 consulis.
687 1183 695 1200 ‘

605 1405 787 1511 Epistola
814 1407 863 1490 11.

99 1561 235 1627 llilarl
258 1578 369 1645 papae
390 1559 435 1626 ad
457 1561 638 1644 episcopos
659 1560 887 1627 diversarum
909 1561 1178 1643 provinciarum
1201 1561 1352 1629 Galliae.
1380 1588 1492 1653 (alar)

11 1734 38 1789 p.
47 1724 72 1770 3.
120 1719 164 1768 Ne
183 1720 245 1784 quia
260 1733 322 1768 suos
343 1719 462 1769 terminos
484 1718 663 1776 sumserunt,
691 1724 717 1784 et
733 1726 759 1767 ut
777 1719 885 1767 concilio
903 1720 1037 1783 quotannis
1053 1717 1100 1768 sub
1119 1719 1222 1769 Leontii
1238 1719 1332 1768 Arela-

398 1798 400 1803 ’
522 1805 601 1853 tenus
616 1804 751 1868 praesidio
769 1802 936 1853 celebrentur.

250 1935 549 2001 Dilectissimis
570 1935 770 2000 fratribus
787 1936 988 2020 episcopis
1003 1936 1237 2020 provinciae
1252 1936 1367 2002 Vien-

343 2039 496 2121 nensis,
528 2036 823 2122 Lugdunensis,
854 2037 1132 2102 Narbonensis
1155 2039 1303 2122 primae
1328 2043 1367 2104 et

343 2140 557 2224 secundae,
583 2139 756 2224 Alpinae
779 2139 946 2204 Hilarus
969 2141 1188 2224 episcopua.

178 2263 207 2325 1.
255 2258 329 2324 Etsi
361 2260 598 2323 meminerimus
625 2260 864 2324 fraternitatem
899 2263 1037 2324 vestram
1070 2282 1108 2323 ea
1140 2281 1220 2343 qum
1243 2265 1320 2324 sunt
1348 2286 1367 2326 a

85 2364 180 2427 vobis
191 2363 219 2449 ¹)
243 2364 368 2426 statuta
389 2363 537 2445 retinere,
562 2383 622 2426 nee
645 2361 765 2446 aliquid
786 2384 824 2426 cx
840 2361 890 2425 his
913 2362 1111 2426 dissimulare
1134 2384 1215 2446 qarae
1238 2363 1364 2447 scripsi·

83 2489 176 2530 mus:
199 2466 241 2528 ut
262 2464 386 2529 scilicet
406 2487 464 2549 pro
486 2463 657 2548 disciplina
680 2464 895 2529 ecclesiastica
918 2468 950 2528 et
972 2486 1029 2548 pro
1046 2464 1160 2547 causis,
1185 2486 1263 2548 quas
1278 2465 1364 2530 inter

84 2567 223 2632 Domini
252 2567 432 2631 sacerdotes
466 2566 584 2630 oboriri
617 2567 802 2650 plerumque
835 2587 900 2629 non
930 2565 1062 2630 ‹lubirmr
1096 2570 1160 2650 est,
1198 2567 1365 2651 synodalia

83 2668 268 2755 quotannis
298 2668 448 2751 eoncilia,
479 2689 614 2752 quorum
636 2669 772 2732 maxime
800 2669 834 2732 in
856 2667 957 2731 fratre
980 2672 1013 2732 et
1046 2669 1232 2753 coepiscopo
1254 2673 1364 2734 nostro

84 2772 228 2837 monuo
243 2769 443 2835 Arelatensis
466 2770 619 2835 ecelesiae
641 2770 804 2835 sacerdote
827 2770 1015 2854 summam2)
1038 2770 1160 2854 placuit
1181 2793 1259 2855 esse,
1285 2772 1363 2837 celc-

83 2875 239 2956 lrrentur,
272 2893 333 2938 nec
361 2871 446 2936 aliud
468 2871 537 2937 fieri
560 2893 653 2957 posse
677 2872 852 2954 credamus,
882 2893 978 2955 quam
1000 2873 1084 2956 qnod
1105 2896 1163 2956 pro
1187 2876 1363 2938 eommrmis

82 2975 223 3041 Domini
247 2974 341 3039 domo
363 2976 474 3038 nostra
495 2974 656 3039 ordinatio
677 2974 766 3039 vobis
792 2973 950 3058 placitura
973 2975 1155 3059 constituit,
1184 2979 1293 3039 tamen
1316 2998 1363 3040 re-

80 3078 199 3164 petitis
222 3075 344 3141 litteris
365 3076 475 3141 eadem
496 3075 584 3141 nunc
605 3097 730 3161 quoque
745 3076 943 3140 observanda
958 3077 1168 3158 decernimus,
1192 3077 1363 3161 praecipue

80 3202 185 3266 quum
218 3178 412 3263 gravissima
439 3178 634 3243 Viennensis
663 3178 803 3243 civitatis
824 3180 998 3263 ‘episcopus
1025 3178 1208 3242 involvatur
1229 3180 1361 3263 offensa,

79 3284 116 3349 iu
139 3279 303 3366 injuriam
323 3281 433 3345 fratris
456 3284 488 3346 et
510 3281 689 3365 coepiscopi
710 3281 811 3344 nostri
834 3280 960 3345 Leontii
982 3280 1161 3344 Deensibus
1184 3281 1362 3346 antistitem

81 3381 320 3450 consecrando.
365 3381 413 3447 De
442 3383 532 3466 cujus
560 3384 647 3447 fact)
675 3382 835 3447 vindictae
864 3404 1024 3467 congruae
1052 3382 1246 3446 sententiam
1274 3383 1361 3448 diffe-

80 3490 213 3569 rentes,
252 3483 405 3550 relationi
430 3484 568 3549 fratrum
598 3506 679 3568 quae
712 3484 841 3548 interim
868 3484 998 3550 fuerant
1030 3485 1099 3548 visa
1130 3484 1360 3568 respondimus.

79 3588 146 3655 Sed
175 3586 336 3672 quoniam
364 3585 448 3649 tanti
476 3607 622 3649 excessus
650 3585 804 3669 majorem
826 3587 919 3650 nobis
947 3586 1171 3651 sollicitudinis
1193 3588 1362 3651 materiam

79 3689 288 3770 detulenmt,
318 3686 397 3751 haee
425 3687 465 3750 ad
496 3689 679 3751 universam
707 3688 874 3752 caritatem
903 3688 1000 3752 ctiam
1022 3712 1079 3773 per
1101 3690 1234 3752 fratrem
1257 3692 1289 3753 ct
1312 3712 1361 3754 co·

78 3793 277 3879 episcopum
304 3791 449 3854 nostrum
476 3789 655 3852 Antonium
684 3790 804 3874 scripta
832 3789 1020 3872 direximus,
1055 3791 1169 3874 quibus
1197 3791 1361 3855 admonita

79 3890 270 3959 communis
292 3889 433 3955 omniurn
456 3889 636 3954 sollicitudo
658 3895 817 3974 procuret,
849 3914 889 3956 ne
912 3893 1079 3976 quisquam
1101 3882 1238 3956 fratrum
1260 3893 1294 3956 in
1317 3892 1360 3956 al-

149 4167 186 4232 Ι4)
208 4162 320 4218 Contra
336 4162 377 4215 fas
396 4162 554 4216 ordinatum
570 4179 627 4216 non
642 4161 753 4232 penitus
766 4179 783 4216 a
795 4163 951 4217 sacerdotio
968 4165 1088 4228 amovet,
1105 4164 1165 4216 tum
1183 4165 1214 4217 ut
1225 4165 1359 4232 paternae

75 4246 291 4307 moderationis
309 4247 466 4316 exemplum
483 4248 629 4316 praebeat,
652 4253 711 4301 tum
734 4247 800 4314 quia
820 4246 867 4302 ille
890 4248 1009 4317 ipsomet
1026 4247 1123 4303 Hilaro
1145 4264 1200 4301 non
1223 4247 1359 4303 diffitente

75 4338 122 4404 (et
139 4354 172 4391 n„
183 4336 214 4399 2)
232 4319 312 4387 liure
329 4331 447 4401 madum
464 4331 631 4401 promeritus
645 4333 745 4386 luerat.

144 4423 169 4489 ¹)
188 4418 219 4473 θ’
231 4419 261 4471 e'
279 4436 298 4469 a
314 4419 397 4478 mois,
419 4415 518 4470 melius
536 4416 602 4472 bc¹¹
622 4434 684 4471 cum
702 4434 765 4470 mss.
789 4417 834 4471 hic
852 4419 881 4471 et
897 4417 971 4472 inl'ra
988 4438 1004 4471 α
1021 4422 1102 4472 uubis:
1132 4434 1187 4471 non
1211 4416 1286 4484 quod
1309 4435 1360 4486 per

72 4523 102 4559 se
120 4522 158 4560 ea
178 4499 347 4557 definierint
364 4499 412 4556 sed
430 4518 481 4570 per
497 4500 607 4570 legatos
625 4517 689 4555 suos
707 4501 840 4556 Faustum
865 4505 893 4557 ct
910 4503 1079 4567 Auxaniurn,
1103 4518 1171 4569 quos
1189 4518 1261 4555 anno
1280 4518 1359 4570 praa

72 4591 163 4645 terito
183 4592 239 4641 462
260 4585 405 4641 Romanae
423 4585 529 4655 syuodo
546 4585 703 4641 interfuisse
722 4587 836 4655 ejusque
855 4587 968 4642 decretu
986 4586 1103 4640 calculis
1115 4585 1169 4640 suis
1188 4586 1358 4655 approbasse

72 4692 164 4746 supra
181 4670 312 4726 vidimus
331 4670 375 4736 (el.
395 4669 505 4740 spirits
522 4687 549 4723 n.
562 4672 597 4739 2).

140 4762 166 4827 ‘J
185 4756 257 4812 Jam
274 4754 387 4810 reunsi
404 4755 578 4811 decessorem
589 4754 762 4810 Ravennium
780 4773 865 4825 qurnn
883 4755 911 4809 in
924 4756 1042 4826 epistola
1054 4764 1087 4811 99
1106 4757 1143 4810 ad
1154 4757 1275 4811 Leonem
1295 4774 1312 4809 a
1327 4761 1357 4810 19

72 4841 220 4916 episcopis
239 4839 350 4910 scripta
367 4841 427 4894 tram
443 4839 473 4894 iu
484 4839 564 4911 epist.
580 4847 637 4907 102,
655 4858 711 4910 qua
728 4840 773 4894 hie
784 4840 883 4895 iisdem
895 4841 1043 4910 rescripsit,
1061 4859 1129 4912 prae
1143 4841 1242 4896 ceteris
1254 4841 1357 4909 episco-

72 4929 117 5000 pis
135 4924 233 4983 veluti
251 4923 356 4992 synodi
373 4940 468 4980 eorum
484 4925 642 4996 praesidem
659 4925 804 4992 nominari,
822 4943 907 4997 supra
924 4926 1139 4981 observavimus.
