3204 5506
167 299 231 362 991
609 314 636 361 s.
654 310 861 360 uounrsnns
882 311 996 360 aaran

58 507 84 543 a,
95 493 152 543 519.
167 467 251 532 sedis
274 465 468 550 apostolicae
490 464 761 549 praedicationem
783 469 974 550 sequuntur,
1004 467 1220 552 negligantur
1242 468 1296 553 qui
1317 468 1350 532 iu
1370 468 1428 553 ejus

167 570 230 634 fide
258 572 291 633 et
319 590 475 633 consensu
503 568 624 652 recepti
651 571 737 632 sunt.
787 569 927 652 Idcirco,
962 569 1046 633 sicut
1074 569 1196 634 hortati
1229 592 1351 653 sumus,
1381 594 1430 656 pro

169 694 277 736 eorum
306 670 560 754 communionc3)
595 673 690 755 atque
723 671 791 735 loco
825 670 1027 734 serenissimo
1061 671 1204 756 principi
1238 671 1432 737 vehementer

68 809 112 862 ep.
124 797 157 845 93
169 773 355 858 insistitel),
381 774 470 857 (nam
492 774 527 835 in
550 772 661 836 eadem
676 794 772 836 causa
787 772 916 836 domino
938 775 971 835 ct
984 771 1051 836 filio
1066 777 1179 837 nostro
1195 773 1433 839 clementissimo

77 896 155 948 ecca,
170 875 309 960 principi
343 877 375 937 et
407 874 474 937 viru
502 873 620 938 illustri
646 873 833 938 Justiniano
860 874 926 938 filio
953 878 1065 939 nostro
1093 875 1217 959 scripta
1246 876 1432 961 direximus),

171 977 349 1058 hortantes,
372 979 408 1038 ut
432 997 503 1039 cum
525 979 641 1057 vestra,
666 979 823 1059 quantum
846 977 885 1039 ad
908 976 1114 1040 ecclesiarum
1138 999 1270 1041 suarum
1291 978 1434 1062 receptio

171 1102 244 1142 nem
266 1078 417 1161 pertinet,
441 1078 579 1141 debeant
602 1078 736 1142 caritate
759 1082 908 1142 tractare.
947 1078 995 1142 De
1018 1101 1055 1143 eo
1078 1101 1134 1143 vos
1157 1079 1295 1145 articulo
1316 1083 1434 1144 nostrae

172 1179 382 1245 ordinationis
405 1179 605 1262 suspicamur
618 1202 684 1244 non
707 1181 918 1245 immemores.
958 1179 1104 1244 Diximus
1121 1181 1220 1265 enim,
1244 1181 1434 1266 quemadmo

172 1283 247 1345 dum
276 1281 411 1345 exclusis
439 1283 682 1365 occupatoribus
716 1281 766 1364 hi,
800 1283 838 1346 de
869 1283 983 1366 quibus
1016 1282 1192 1367 loquimur,
1229 1283 1269 1346 ad
1302 1284 1435 1367 proprias

172 1387 375 1448 revertantur
397 1383 562 1466 ecclesias,
590 1387 625 1448 ut
648 1384 695 1448 illi
717 1384 806 1468 alibi,
831 1385 857 1448 si
879 1387 989 1448 tamen
1010 1389 1119 1449 rectae
1141 1388 1220 1449 sunt
1241 1385 1332 1468 fidei,
1363 1386 1434 1450 ordi-

173 1491 301 1550 nentur.

257 1588 287 1651 3.
323 1587 371 1650 De
393 1588 537 1670 personis
554 1588 744 1672 Scytharum
766 1588 996 1653 monachorum
1011 1587 1218 1653 Justinianus
1241 1590 1292 1653 vir
1313 1589 1434 1654 illustris

64 1713 159 1778 apso.
173 1690 266 1754 nobis
293 1689 470 1774 scripsit5),
500 1712 635 1774 quarum
663 1691 858 1774 exemplaria
885 1690 1066 1754 litterarum
1092 1689 1296 1755 fraternitati
1323 1696 1434 1755 restrae

174 1791 361 1873 direximus,
384 1792 554 1876 quiquam
576 1793 701 1857 nollent
723 1794 880 1857 sustinere
899 1795 1028 1856 'vestrae
1055 1792 1239 1857 dilectionis
1262 1793 1434 1874 adventum,

174 1898 206 1958 et
234 1893 490 1956 observationum
516 1916 621 1958 moras
649 1917 682 1959 se
712 1896 855 1959 dicerent
880 1894 964 1958 ferre
995 1916 1061 1958 uon
1093 1916 1203 1978 posse,
1238 1897 1434 1958 tentaverunt

176 1997 258 2059 clam
280 1996 319 2058 de
334 1994 421 2059 Urbe
443 1995 614 2059 discedere.
658 1996 742 2072 Quos
764 2000 832 2061 tum
854 2019 913 2061 nos
935 1997 1068 2060 fecimus
1091 1995 1261 2060 sollicitius
1284 1995 1431 2077 custodiri,

176 2121 212 2162 ea
234 2119 315 2182 quae
344 2097 382 2159 de
410 2096 499 2160 vobis
528 2097 689 2161 contraria
718 2099 867 2162 dixerunt
893 2099 1036 2162 volentes
1063 2118 1257 2183 agnoscere,
1287 2102 1322 2161 ut
1348 2120 1432 2181 quum

176 2199 294 2262 reversi
316 2197 384 2260 Deo
407 2198 546 2281 propitio
567 2199 709 2282 fueritin,
739 2222 847 2264 eorum
875 2202 996 2286 errorss)
1025 2199 1272 2264 rationabilibus
1300 2198 1432 2263 adhorta-

176 2301 316 2466 tionibsss
341 2300 529 2383 corrigatur.
567 2300 653 2365 Data
675 2301 724 2365 ΙΠ
746 2302 857 2366 Nonas
873 2302 1069 2385 Decembris,
1093 2301 1272 2367 Eutharico
1294 2302 1358 2365 riro
1378 2301 1429 2365 cla·

177 2403 281 2467 rissim
324 2402 463 2466 consule.

672 2572 853 2675 Epistola
879 2574 959 2657 194.

28 2728 132 2853 (pffi
140 2728 165 2865 l*
378 2724 589 2790 Hormisdou
612 2743 722 2808 papae
744 2725 788 2790 ud
810 2727 1022 2793 Dioscorum
1043 2726 1243 2792 diaconum.

215 2865 248 2915 Ut
270 2866 375 2928 copilet,
400 2865 521 2929 quonrodo
544 2866 573 2921 ii,
598 2869 642 2930 qui
658 2864 862 2937 Calchedonem
884 2868 1014 2916 concilium
1035 2869 1134 2931 scripto
1158 2868 1348 2921 dinumerant,
1368 2882 1403 2914 re·
1437 2885 1455 2935 p,
1465 2871 1485 2917 11

213 2952 326 3015 cipicndi
342 2953 400 2998 rint.
436 2949 568 2999 Ecclesiae
585 2949 791 3000 Alexandrinam
808 2958 833 3001 ct
851 2951 1043 3015 Antiocheam,
1062 2967 1109 3001 aec
1126 2967 1177 3001 rica
1190 2951 1315 3013 Theman,
1336 2951 1402 3000 Nico

441 3041 548 3083 atratum
566 3042 591 3084 ct
607 3034 746 3085 susannem
764 3036 968 3101 Nicopolitcuum
986 3041 1011 3087 ei
1027 3039 1191 3088 commendat.

332 3167 540 3231 Hormisda
562 3167 752 3232 Dioscoro
776 3169 986 3256 diac01101).

269 3291 295 3351 1.
330 3287 379 3350 ,De
400 3286 519 3349 laboris
541 3287 600 3368 tui,
624 3308 718 3371 quem
741 3310 811 3352 curn
827 3288 887 3351 Dei
909 3289 1139 3384 omnipotentis
1159 3287 1323 3372 juvamine
1344 3306 1429 3350 susce

181 3391 267 3475 pisti,
291 3412 348 3473 pro
372 3410 409 3452 ca
430 3392 532 3472 parte,
558 3410 638 3473 quae
660 3392 733 3452 acta
756 3393 814 3472 est,
838 3390 1038 3474 gratulamur
1060 3390 1190 3473 effectu3
1214 3395 1247 3453 et
1261 3389 1429 3468 indicamus,

182 3497 218 3556 ut
240 3491 502 3575 quemadmodum
525 3491 695 3554 revocandi
718 3494 794 3554 suut
815 3490 866 3575 hi,
897 3492 950 3575 qui
973 3513 1011 3554 ex
1040 3493 1160 3576 scripto
1182 3489 1429 3558 Calchedoueusis

184 3594 309 3658 concilii
334 3593 508 3657 const'tuta
531 3593 774 3675 damnaverrmt,
799 3593 913 3656 debeas
937 3593 1090 3678 cogitare,
1113 3595 1189 3678 ne²)
1213 3594 1346 3657 forsitan
1364 3591 1429 3656 tales

184 3719 248 3759 non
276 3694 472 3759 schismatici
500 3695 555 3758 sed
582 3695 685 3779 magis
714 3693 867 3759 haeretici
896 3694 1074 3760 rideantur.
1119 3697 1174 3759 An
1203 3699 1375 3759 certemus
1397 3691 1429 3754 sit

185 3802 368 3862 causatum
391 3818 513 3879 eorum,
544 3798 597 3882 qui
620 3797 835 3880 sermonibus,
859 3820 955 3881 quam
978 3819 1102 3881 eorum,
1134 3797 1188 3882 qui
1218 3797 1430 3861 convincuntur

252 4023 272 4088 3)
292 4019 362 4083 Quia
379 4019 508 4073 nimirum
526 4019 555 4073 et
572 4036 589 4072 a
607 4018 798 4073 communione
816 4019 954 4089 suspensi,
978 4020 1006 4073 ct
1027 4035 1045 4072 a
1061 4017 1172 4073 sedibus
1189 4016 1245 4072 suis
1263 4018 1341 4072 eraut
1356 4008 1428 4083 eject‘.

186 4105 226 4159 uti
244 4105 346 4158 diserte
366 4104 480 4159 docetur
498 4103 577 4173 epist.
597 4109 653 4157 106.

253 4194 273 4259 ⁴)
292 4190 342 4243 Ed.
362 4196 487 4242 insistere.
522 4189 587 4241 Mox
606 4189 639 4242 G*
658 4193 789 4242 hortantes
806 4200 844 4249 ur,
867 4187 914 4240 ubi
932 4187 975 4242 ed.
994 4192 1125 4242 hortantes
1143 4208 1208 4249 cum,
1227 4200 1263 4242 ut.

254 4281 274 4342 ¹¹)
293 4276 361 4328 Tros
380 4274 413 4327 de
432 4273 465 4326 iis
483 4275 592 4326 exstant
608 4272 758 4326 iustiniani
775 4272 918 4342 epistolae,
939 4273 994 4326 scil.
1016 4278 1056 4337 78,
1074 4279 1107 4327 89
1125 4274 1154 4327 ct
1171 4279 1212 4328 99.
1250 4272 1289 4324 Ex
1306 4271 1337 4324 iis
1353 4272 1428 4322 auten

187 4363 229 4415 vcl
248 4369 280 4415 89
299 4361 342 4413 vcl
361 4367 393 4413 99
411 4357 520 4412 videtur
537 4358 694 4412 memorari.
715 4390 746 4395 -
763 4358 828 4411 Mox
847 4357 889 4412 cd.
906 4364 1036 4424 facierum.

254 4449 275 4511 6)
293 4445 356 4498 Non
374 4444 432 4496 tam
450 4460 484 4496 cx
505 4442 642 4496 sententia
660 4460 720 4504 sua,
745 4460 829 4511 quam
852 4461 885 4497 cx
908 4443 1064 4512 legatorum
1082 4441 1300 4509 nominatimque
1316 4433 1428 4494 Dioscuri

188 4528 296 4596 Scythis
319 4549 432 4582 morem
457 4527 502 4581 hic
523 4527 671 4582 Hormisda
698 4528 835 4583 attribuit.
881 4527 993 4581 Certum
1017 4526 1089 4580 enim
1112 4527 1166 4587 eet,
1194 4543 1257 4579 euru
1283 4525 1316 4578 de
1337 4523 1428 4576 illorum

188 4630 270 4666 causa
287 4613 356 4665 nihil
373 4613 506 4666 hactenus
520 4612 647 4681 judicare
665 4612 796 4680 voluisse,
815 4613 862 4667 sed
880 4613 940 4681 ejus
959 4611 1145 4680 cognitionem
1163 4610 1200 4665 ed
1211 4610 1362 4679 legatorum
1372 4599 1428 4657 redi·

187 4701 247 4750 tum
266 4697 410 4751 distulisse.
699 4729 701 4737 ·

190 4788 237 4834 104
272 4784 292 4848 ¹)
311 4782 455 4851 Inscriptio
473 4783 548 4836 nulla
567 4784 658 4837 exstat
675 4783 703 4835 in
722 4783 766 4836 G'.

255 4867 276 4933 ²)
294 4865 343 4919 Ed.
363 4874 483 4934 copilorc.
519 4873 647 4922 Forsitan.
683 4865 747 4920 Mox
766 4867 800 4920 G¹
819 4872 1006 4935 conjunpuutur
1022 4869 1127 4932 scripto.
