3204 5506
622 120 815 170 EPISTOLAE
839 110 869 167 3.
892 109 922 167 4.
1345 79 1407 170 nis

224 278 256 342 3.
291 275 361 341 Ista
382 298 468 341 nuuc
490 275 603 359 scripsi
626 274 720 339 beato
743 274 842 360 capiti
856 274 1010 360 vestro¹⁴)
1032 295 1090 358 per
1104 272 1281 341 Patricium
1302 276 1405 340 1111111
1418 288 1511 337 1115.

145 378 363 463 spectabilem,
394 400 593 443 communem
622 378 739 462 filium,
776 383 808 442 et
836 377 1074 443 consuetudinis
1108 376 1224 442 affeetu
1252 400 1406 462 superans

143 482 314 564 rationem,
344 483 377 545 et
400 481 483 545 eirea
505 479 592 544 illam
616 481 743 545 beatam
765 481 871 544 sedem
895 480 1028 544 caritate
1050 479 1231 562 devinctus,
1265 484 1298 545 et
1319 483 1406 545 omni

140 583 190 648 die
212 583 319 648 videre
347 583 532 648 desiderans
561 586 790 668 congruentem
819 587 914 666 atque
942 582 1083 646 debitam
1110 583 1349 647 venerationem
1377 584 1406 647 ei

137 686 270 749 serrari.
310 685 419 751 Scribe
441 685 552 769 igitur,
575 686 610 749 in
626 686 749 749 eunetis
764 685 868 767 beate,
892 689 1055 768 tamquam
1070 683 1215 748 unanimi
1232 688 1265 748 61
1279 688 1406 770 optanti

135 788 280 851 animam
303 810 425 872 quoque
447 788 559 851 offerre
588 809 646 871 pro
667 787 729 850 fide
751 786 925 850 orthodoxa
951 791 983 851 et
1005 786 1211 850 ecelesiarum
1232 809 1311 871 pace
1333 811 1406 852 san-

134 893 281 971 ctarum,
311 894 343 953 et
365 893 401 953 ut
424 889 643 953 custodiantur
666 888 864 953 venerandae
887 889 953 952 sedi
981 890 1016 952 in
1038 888 1185 952 omnibus
1208 889 1294 954 beati
1317 890 1406 954 Petri

132 992 378 1055 convenientia:
401 991 484 1076 quod
500 992 594 1055 facile
609 991 675 1075 fiet,
699 991 846 1055 ordinata
861 992 986 1055 unitate
1002 995 1199 1074 cunctorum,
1216 995 1249 1055 et
1263 993 1405 1055 omnium

130 1094 176 1158 ad
200 1117 256 1157 vos
279 1097 440 1178 tamquam
463 1094 502 1157 ad
524 1094 651 1157 firmum
673 1093 898 1158 festhrantium
913 1096 1051 1178 portum.
1090 1092 1270 1158 Divisioues
1286 1095 1405 1158 etenim

129 1195 218 1279 et¹⁵l
242 1200 355 1260 eontra
377 1199 580 1260 contemnere
604 1199 852 1279 consueverunt,
888 1199 920 1260 et
947 1196 1051 1260 ordini
1078 1196 1225 1260 decentia
1253 1218 1318 1260 uon
1341 1218 1405 1261 ser-

130 1301 226 1360 vant.
274 1296 409 1362 Omnem
431 1298 685 1380 fraternitatem,
709 1320 790 1382 quae
813 1301 863 1362 est
883 1302 1007 1362 vestrae
1029 1298 1197 1362 sanctitati
1220 1298 1403 1382 conjuncta,

128 1402 167 1463 et
192 1420 254 1484 ego
276 1400 382 1483 etqui
405 1421 528 1464 meeum
551 1405 644 1483 sunt,
674 1400 810 1464 multum
832 1401 866 1464 11
890 1400 1027 1464 Domino
1049 1401 1234 1464 salutamus.
1280 1406 1319 1466 Et
1341 1406 1405 1468 alia.

125 1523 246 1567 manm
269 1501 391 1567 Salvari
413 1524 463 1566 me
484 1503 519 1566 in
535 1502 673 1567 Domino
688 1506 787 1587 orate,
811 1503 1004 1568 sanctissimi
1028 1507 1060 1567 et
1081 1502 1257 1567 beatissimi
1278 1506 1402 1588 patres!

127 1604 283 1687 Accepta
305 1605 439 1688 epistola
461 1604 614 1668 Dorothei
642 1607 783 1689 episcopi
806 1604 1099 1669 Thessalonicensis
1128 1605 1279 1669 eeclesiae
1306 1607 1405 1671 missa

125 1727 194 1790 per
217 1704 392 1769 Patricium
414 1706 516 1770 virum
540 1707 708 1771 sublimem
730 1708 827 1792 111611)
852 1708 963 1792 quinto
986 1707 1143 1773 Calendas
1166 1707 1304 1792 Aprilis,
1334 1708 1404 1772 Flo-

126 1806 243 1871 rentio
265 1807 333 1871 viro
357 1808 531 1872 clarissimo
555 1809 693 1873 consule.

657 2030 838 2133 Epistola
863 2032 888 2115 4

747 2183 796 2221 SOU

169 2274 432 2354 Responsoria¹)
454 2279 656 2336 Hormisdae
678 2293 786 2347 papae
808 2281 852 2335 ad
874 2277 1094 2335 Anastasium
1114 2279 1362 2346 imperatorem.
1415 2259 1542 2396 iffi&

171 2412 244 2459 Illinc
272 2427 320 2474 pro
344 2428 410 2474 poce
433 2413 594 2460 ecclesiaram
616 2413 722 2461 stadium
745 2413 840 2461 larednt.
883 2411 1048 2460 Deccssnram
1075 2427 1176 2460 11611111
1203 2414 1370 2460 collateralium

168 2496 298 2561 approbat
317 2493 351 2558 (n.
364 2495 397 2559 1).
435 2498 472 2545 Dc
490 2498 595 2546 concilio
614 2498 775 2546 conmentario
793 2498 951 2561 respondere
969 2496 1067 2559 differt
1092 2498 1178 2560 qrtoad
1194 2512 1295 2546 cansam
1313 2498 1370 2559 ejus

512 2583 610 2645 plenius
626 2588 796 2669 perspectam·
807 2580 924 2631 dnbncrit
942 2579 1021 2644 (1.2).

289 2714 498 2778 Hormisda
522 2714 739 2777 Anastasio
762 2714 953 2798 Augusto.

224 2837 251 2897 1.
291 2833 419 2897 Gratias
439 2854 595 2916 supernae
624 2833 752 2914 virtuti,
788 2854 869 2916 quae
897 2854 954 2915 per
982 2836 1106 2896 vestrae
1134 2834 1263 2916 pietatis
1287 2836 1401 2897 aflatus
1415 2873 1457 2924 01),
1470 2864 1493 2907 ρ,

131 2939 323 3001 diuturnum
346 2936 479 3020 dignata
502 2938 550 2998 est
572 2935 745 2998 terminare
761 2934 933 3015 silentium,
958 2934 1022 2997 tale
1038 2938 1205 3017 praestans
1222 2935 1402 2999 collocutio-

133 3040 186 3104 nis
211 3038 390 3120 exordium,
415 3040 451 3100 ut
473 3043 504 3100 et
527 3037 565 3100 de
587 3039 711 3100 vestrae
735 3035 922 3100 elementiae
944 3037 1156 3119 prosperitate
1178 3037 1343 3118 laetemur,
1371 3041 1403 3100 et

132 3141 176 3206 ad
201 3140 362 3204 unitatem
383 3139 451 3204 Deo
473 3140 614 3203 donante
642 3139 757 3202 reverti
785 3160 878 3222 posse
908 3142 1052 3201 sanctam
1076 3137 1271 3203 confidamus
1293 3139 1402 3203 Eccle-

131 3243 227 3307 siam.
273 3240 345 3307 Hoo
367 3264 445 3326 opus
467 3263 624 3325 supernae
653 3240 857 3324 elementiae,
888 3239 968 3305 haec
995 3244 1028 3304 et
1054 3241 1253 3305 decessorum
1281 3245 1402 3305 nostro

131 3368 207 3409 rum
229 3344 292 3407 fuit
314 3366 438 3427 semper
460 3344 577 3426 oratio,
600 3366 678 3426 (laos
701 3343 797 3406 etiam
819 3363 925 3406 rerum
941 3346 1030 3406 aetus
1052 3346 1205 3426 paternae
1220 3342 1403 3407 traditionis

130 3447 301 3512 ministros
331 3450 362 3509 et
389 3450 495 3509 rectae
522 3446 594 3508 fidei
624 3427 792 3509 declarant
816 3445 916 3508 fuisse
945 3445 1100 3508 custodes.
1145 3444 1213 3507 Pax
1241 3448 1290 3508 est
1317 3446 1402 3509 enim

129 3549 235 3614 totius
259 3547 412 3612 bonitatis
434 3547 579 3629 initium,
604 3570 666 3630 qua
688 3545 786 3627 nihil,
810 3549 965 3631 quantum
989 3546 1028 3609 ad
1044 3545 1220 3610 catholicae
1242 3547 1315 3611 fidei
1339 3548 1406 3612 cub

128 3655 220 3733 tum,
250 3649 400 3731 validius,
432 3648 515 3712 nihil
544 3649 706 3712 aestimari
734 3651 860 3733 oportet
887 3648 1057 3713 excelsius:
1095 3669 1153 3732 pro
1185 3647 1247 3713 hae
1280 3649 1404 3713 seilicet

125 3754 242 3820 facere
275 3755 307 3814 et
335 3754 450 3815 cuncta
483 3751 640 3814 sustinere
669 3751 834 3833 convenit,
872 3751 924 3834 qui
955 3753 1139 3814 sanctarum
1168 3748 1404 3833 Scripturarum

124 3851 312 3943 probabilis
335 3853 423 3937 cupit
445 3874 513 3917 esse
536 3852 719 3935 discipulus
755 3851 849 3916 Hanc
872 3853 1013 3916 omnium
1036 3852 1191 3916 bonorum
1213 3854 1349 3916 matrem
1372 3855 1405 3917 et

121 3954 295 4025 nutricem
311 3952 473 4019 Christum
489 3954 662 4018 Dominum
684 3958 830 4018 nostrum
852 3955 916 4018 suis
939 3957 1066 4018 constat
1087 3953 1289 4037 praedicasse
1311 3954 1404 4018 disci·

119 4058 228 4147 pulis,
254 4055 428 4119 dicentem:
454 4062 561 4120 Pacem
584 4077 680 4120 menm
703 4063 741 4119 do
763 4063 853 4133 vobis,
876 4078 982 4136 pacem
1005 4061 1256 4135 relinqueretis
1301 4025 1501 4159 1111111131·ἵ

117 4184 184 4228 nos
209 4156 357 4241 religiosi
374 4178 450 4220 eura
465 4158 620 4241 propositi
642 4157 780 4221 Domino
796 4157 981 4240 adspirante
1003 4158 1217 4241 providentes,
1241 4157 1403 4222 (16611111-

116 4267 234 4333 doxae
259 4258 429 4324 concordia
452 4261 601 4345 cogitatis
618 4259 781 4323 Ecclesiae
802 4259 837 4324 in
853 4259 940 4322 beati
955 4259 1091 4342 apostoli
1107 4259 1196 4323 Petri
1212 4260 1401 4342 reverentia,

124 4384 322 4399 .--σ-··“··’“““
339 4384 367 4389 ““
385 4384 440 4390 -

198 4434 231 4500 ¹⁴)
252 4431 396 4485 11161116.

197 4519 232 4586 ¹⁵)
253 4515 272 4569 1)
287 4530 322 4568 11
339 4513 491 4568 omiserunt
508 4526 543 4568 ec.

196 4604 231 4671 ¹⁶)
251 4601 298 4653 Ita
315 4597 350 4652 (3¹
363 4598 382 4652 b
395 4616 437 4653 oe.
473 4602 499 4653 a¹
519 4605 588 4655 data.
623 4601 714 4652 Antea
731 4600 774 4653 ed.
793 4621 815 4653 o.
834 4619 856 4655 c.

129 4700 150 4749 4
192 4692 216 4758 ¹)
238 4684 303 4751 Qua
320 4682 424 4738 scilieet
441 4684 591 4754 respondet
608 4683 644 4738 ad
665 4684 835 4753 superiorem
854 4683 1001 4752 epistolam
1019 4693 1043 4740 2.
