3204 5506
654 350 825 399 aursrous
850 338 923 397 129.
1338 324 1400 390 945

126 500 254 566 domine
275 500 428 586 piissime,
453 504 485 565 et
507 501 547 566 ad
564 523 763 568 communem
778 520 891 587 pacem
913 506 946 567 et
963 501 1003 566 ad
1018 502 1176 566 unitatem
1196 502 1399 587 festinamus,
1414 519 1438 556 a·
1450 507 1508 557 520.

125 606 272 668 nostram
293 603 398 686 fidem,
422 625 518 688 quam
540 604 581 668 ab
603 605 698 670 initio
720 605 926 690 suscepimus,
959 626 1016 688 per
1037 602 1123 669 hanc
1145 605 1400 698 satisfactionem

125 708 272 769 nostram
292 705 499 770 manifestam
521 709 646 770 vestrae
668 706 804 771 facimus
826 706 956 791 pietali:
983 711 1020 771 ut
1041 710 1154 772 notum
1182 708 1240 792 sit,
1271 706 1346 792 quia
1368 711 1402 772 et

125 808 200 892 paci
223 807 450 892 concurrimus,
476 811 508 872 et
530 831 550 870 a
570 811 659 873 recta
682 831 753 873 cum
768 807 829 872 Dei
847 808 1014 893 juvamine
1029 831 1095 874 non
1117 808 1304 874 divertimus
1326 810 1399 892 fide,

126 909 183 973 sed
204 931 332 974 omnem
355 931 393 974 ex
421 931 522 994 aequo
550 909 709 974 haeresim
731 932 948 995 exsecramur,
977 933 1044 975 non
1067 911 1168 975 solum
1190 911 1400 996 Eutychiani·

126 1011 242 1096 stas²⁷)
265 1014 298 1076 et
319 1010 517 1095 Acephalos,
548 1010 604 1076 sed
632 1015 665 1075 et
685 1010 895 1077 Nestorianos
917 1015 950 1077 et
972 1012 1134 1077 hominem
1163 1012 1305 1078 colentes
1332 1017 1401 1078 toto

128 1113 237 1176 animo
259 1111 403 1177 odientes
411 1114 451 1199 ²⁸)
475 1112 795 1178 anathematizamus.

212 1215 243 1278 6.
277 1213 344 1279 Nos
367 1219 484 1298 sutem,
509 1214 635 1280 domine
651 1214 972 1302 Christianissime29)
995 1217 1179 1300 imperator,
1203 1217 1287 1282 sicut
1309 1239 1403 1303 supe-

126 1316 194 1381 rius
217 1316 338 1381 dictum
360 1320 419 1401 est,
444 1318 478 1381 in
497 1316 628 1382 Patrem
650 1316 819 1383 etlilium
843 1322 875 1382 et
896 1317 1051 1403 Spiritum
1072 1321 1222 1382 sanctum
1244 1319 1284 1383 ab
1306 1319 1401 1384 initio

74 1476 77 1482 ,
125 1417 283 1503 baptizati
305 1423 486 1504 quoquest
509 1420 684 1503 credentes,
708 1421 853 1507 unam³⁰)
878 1420 1051 1485 essentiam
1067 1419 1129 1484 Dei
1150 1420 1186 1485 in
1207 1421 1312 1486 tribus
1328 1421 1402 1486 sub·

125 1520 284 1585 sistentiis
319 1520 504 1585 adoramus:
538 1522 712 1586 secundum
744 1526 929 1588 sanctorum
962 1524 1091 1607 patrum
1124 1521 1287 1587 mathema
1295 1524 1335 1608 ³¹)
1369 1526 1403 1588 et

126 1622 306 1705 symbolum
319 1622 484 1686 credentes
499 1623 534 1686 in
550 1645 649 1688 unum
660 1623 764 1688 Deum
776 1622 906 1688 Patrem
921 1624 1185 1708 omnipotentem,
1203 1629 1236 1689 et
1249 1626 1285 1689 in
1299 1627 1401 1689 unum

125 1722 301 1788 Dominum
312 1727 457 1787 nostrum
462 1724 484 1789 J
486 1747 574 1789 esum
581 1723 744 1790 Christum
756 1724 959 1810 unigenitum
971 1723 1076 1789 Deum
1083 1724 1237 1812 Verbum,
1251 1726 1400 1791 similiter

126 1826 160 1888 et
181 1824 215 1888 in
238 1847 338 1889 unum
354 1824 509 1910 Spiritum
531 1830 688 1891 sanctum.
726 1826 770 1891 Et
792 1827 967 1892 secundum
989 1826 1050 1890 hoc
1072 1826 1217 1892 divinum
1237 1828 1401 1892 mathema

126 1925 346 1991 definitionem
370 1950 388 1990 a
403 1930 517 1992 sancta
532 1928 785 1994 Calchedonensi
801 1928 922 2013 synodo
936 1928 1174 2014 promulgatam
1189 1929 1401 2015 intelligimus

126 2049 251 2113 quoque
274 2031 307 2092 et
328 2030 535 2115 suscipimus,
565 2030 804 2116 confitentes32)
828 2033 860 2094 et
889 2029 1070 2113 credentes,
1100 2031 1176 2116 quia
1203 2053 1301 2095 unam
1330 2032 1402 2096 sub·

126 2130 282 2194 stantiam
304 2131 355 2195 vel
376 2154 557 2217 personam,
585 2133 668 2217 quod
690 2132 774 2197 idem
796 2135 855 2217 est,
878 2133 949 2216 ipsa
972 2136 1084 2197 sancta
1107 2132 1246 2217 synodus
1268 2134 1303 2197 in
1327 2135 1402 2198 dua-

125 2232 188 2296 bus
210 2233 350 2316 naturis,
380 2234 413 2298 id
436 2235 541 2300 estin
564 2234 683 2300 deitate
706 2239 739 2299 et
763 2233 980 2318 humanitate,
1010 2234 1146 2299 indivise
1174 2238 1206 2299 et
1233 2235 1402 2301 inconfuse

196 2438 229 2504 ²⁷)
247 2434 385 2500 Quidnam
403 2437 591 2507 Eutychianos
613 2438 686 2493 inter
709 2441 739 2492 et
759 2438 917 2508 Acephalos
939 2437 976 2492 sit
1000 2437 1161 2504 discrimen,
1182 2438 1329 2494 Facundus
1351 2455 1403 2510 pro

127 2521 232 2575 defens.
251 2520 337 2575 trium
355 2522 464 2592 capitl
483 2540 505 2577 c.
519 2529 543 2578 5.
561 2522 601 2577 sic
618 2522 752 2592 explicat:
773 2527 987 2592 Eertpclzianarurn
1000 2528 1065 2576 duae
1077 2535 1135 2577 sunt
1153 2537 1255 2592 partes,
1274 2546 1325 2579 una
1339 2546 1403 2595 qnae

126 2626 178 2674 per
196 2617 272 2660 totum
290 2613 405 2676 sequitur
423 2612 546 2677 Eutychis
561 2614 690 2677 principis
707 2613 747 2661 sni
763 2615 926 2674 sententiam,
944 2614 996 2662 alin
1013 2629 1073 2663 nero
1092 2629 1157 2679 quac
1172 2615 1198 2662 in
1211 2613 1359 2680 qmbusdam
1370 2614 1403 2682 ab

126 2711 158 2745 ec
183 2696 336 2745 dissentiens
362 2712 411 2760 per
432 2696 577 2760 superbiam
604 2705 686 2747 tamen
713 2698 867 2762 dedignatur
889 2700 924 2747 ad
949 2697 1091 2746 Ecclesiam
1115 2700 1271 2762 poenitendo
1298 2702 1402 2750 reuerti.

127 2780 176 2830 lta·
193 2783 236 2845 qui
253 2782 313 2831 ticet
329 2781 479 2831 recedentes
496 2783 522 2831 in
541 2782 687 2848 quibusdam
704 2782 736 2831 ab
759 2785 839 2847 ipsius
856 2782 980 2848 Eutychis
997 2785 1110 2833 auctoris
1128 2791 1153 2832 st
1175 2786 1269 2848 capitis
1289 2787 1331 2834 srn'
1347 2801 1404 2835 sen·

116 2868 217 2924 tentia,
235 2868 307 2930 sequi
323 2872 406 2915 tamen
426 2867 596 2930 dedignantur
614 2867 767 2924 Ecclesiam,
787 2868 860 2931 cujus
883 2875 960 2931 capnt
977 2874 1016 2916 est
1030 2867 1152 2927 Christus,
1212 2875 1336 2934 tamquam
1348 2873 1403 2919 sine

125 2951 213 3014 eapite
230 2958 389 3000 remanentes
408 2952 537 3015 Accptali
552 2959 673 3002 uocantur
692 2968 708 3000 a
727 2951 847 3013 Graecis,
866 2967 929 3017 qnos
945 2953 1131 3016 significantias
1148 2968 1194 3003 nos
1206 2953 1403 3017 Sernieutgsalria·

126 3050 175 3085 nas
191 3050 323 3099 possumus
340 3039 481 3099 appellare.

197 3117 228 3183 ²⁸)
247 3116 275 3169 s¹
298 3131 355 3183 seq.
381 3123 517 3175 audentes:
544 3117 646 3171 rectius
668 3118 834 3172 vetustiores
857 3134 890 3171 ac
911 3134 975 3171 mss.
999 3124 1114 3172 odientes
1141 3135 1191 3172 ceu
1219 3121 1402 3174 exsecrantes.

126 3198 182 3265 Qui
203 3198 345 3255 hominem
371 3200 400 3254 in
423 3200 531 3256 Christo
556 3220 573 3256 a
595 3202 690 3256 divina
716 3218 837 3271 persona
864 3201 1015 3257 secundum
1040 3202 1198 3256 Nestorium
1225 3205 1403 3273 separabant,

125 3300 230 3356 graece
253 3299 309 3339 uno
331 3286 418 3340 verbo
441 3281 684 3358 ἀνθρωπόλατραι
711 3287 863 3353 (hominem
885 3287 1020 3356 colentes)
1046 3287 1252 3343 vocitabantur.
1297 3289 1404 3359 Aperta

125 3372 173 3426 est
190 3386 226 3424 ea
243 3369 277 3425 de
294 3386 325 3425 re
342 3369 492 3425 iustiniani
508 3371 525 3425 1.
540 3378 556 3426 5
572 3372 601 3425 et
617 3378 633 3425 6
650 3378 703 3436 §.2
723 3371 812 3438 c.1‚1
831 3370 979 3442 professio,
1008 3372 1057 3426 ubi
1073 3372 1293 3427 anathematizat
1310 3395 1404 3428 omnen

124 3460 266 3516 haeresim,
290 3455 457 3524 praesertim
474 3473 540 3511 vero
564 3455 724 3511 Nestorium
747 3462 979 3525 anthropolatrasn,
1009 3462 1159 3511 diuidentem
1181 3480 1255 3512 unum
1273 3464 1404 3514 Dominum

125 3551 242 3608 suestram
258 3544 342 3593 desum
363 3546 493 3597 Christum.
534 3539 669 3605 Quocirca
687 3540 777 3596 ethic
795 3541 911 3596 forsitan
929 3540 1079 3610 legendum
1092 3546 1262 3598 Nestorianos
1284 3550 1404 3598 ioannem

124 3631 253 3689 calentes,
278 3627 417 3694 expuncta
438 3625 532 3680 media
551 3626 690 3695 particula
713 3638 745 3682 et.
788 3626 868 3680 Nunc
889 3625 1010 3696 primum
1031 3625 1060 3679 in
1082 3625 1125 3680 his
1145 3627 1270 3696 epistolis
1293 3627 1405 3683 auditur

124 3708 334 3778 Acephalorum
351 3709 464 3765 mentio.

198 3796 230 3862 ²⁹)
248 3793 299 3848 Ed.
319 3801 448 3850 subsitae
521 3818 610 3866 supra.

198 3882 229 3948 ³⁰)
247 3879 298 3933 Ed.
320 3879 409 3934 omits.
430 3902 511 3935 unam.
547 3882 612 3935 Mox
629 3882 678 3935 H¹⁰
696 3899 748 3936 sec.
768 3900 853 3937 manu
870 3888 1031 3945 substantiis,
1050 3883 1087 3936 Hs
1104 3887 1305 3937 subsistentibus.

198 3967 231 4034 31)
248 3966 275 4019 a¹
294 3981 351 4034 seq.
373 3965 461 4020 omitt.
480 3971 602 4021 matheum
620 3979 658 4033 et,
678 3984 797 4036 moxque
814 3967 940 4022 scribunt
960 3974 1068 4022 divinans
1085 3974 1245 4036 majestatem
1262 3968 1334 4036 (loco
1353 3974 1402 4023 dio.

90 4062 92 4065 ’
124 4051 227 4119 math),
246 4050 284 4104 H⁸
298 4062 401 4119 patrum
419 4057 561 4110 anathema.
598 4053 647 4106 Η10
665 4057 825 4122 Unipenitarn
844 4058 893 4106 Dei
914 4057 1035 4117 Verbum,
1054 4053 1091 4106 H⁸
1109 4060 1181 4107 deum
1197 4074 1289 4108 nerum.
1412 4083 1428 4109 a

198 4139 230 4204 ³²)
249 4134 295 4190 Sic
311 4154 376 4191 mss.
413 4137 451 4191 At
469 4139 494 4191 0¹
512 4144 667 4205 confidentes
685 4149 711 4192 et
728 4144 888 4204 confitentes,
912 4140 938 4191 c²
956 4144 1091 4193 ardentes
1108 4151 1134 4192 et
1150 4145 1310 4206 confitentes,
1335 4136 1404 4191 editi

126 4220 178 4276 alii
195 4227 351 4288 confidentes
370 4233 393 4277 et
412 4229 554 4277 medentes.
591 4222 714 4277 Subinde
731 4238 783 4291 pro
801 4221 845 4275 his
864 4229 923 4293 qnia
941 4245 1014 4277 unam
1031 4227 1195 4277 substantiam
1212 4230 1252 4278 uel
1265 4243 1405 4292 personam

127 4311 200 4377 quod
216 4312 280 4360 iden
298 4319 352 4370 est,
374 4324 489 4377 macca,
507 4310 540 4362 ut
555 4307 703 4378 probabile
722 4309 776 4367 est,
794 4309 904 4361 tantum
921 4307 1069 4377 legebatur
1087 4300 1131 4363 ὅτι
1149 4311 1221 4379 μίαν
1237 4304 1404 4366 ὑπόστασιν.

126 4391 168 4445 H⁶
185 4411 235 4445 nna
252 4396 394 4446 substantia
411 4400 451 4448 vel
471 4413 583 4462 persana
607 4400 675 4463 qarod
696 4398 762 4446 idern
779 4398 837 4461 ipsa
854 4404 956 4455 sancta,
981 4400 1010 4447 et
1028 4393 1118 4447 omitt.
1138 4411 1200 4448 oum
1221 4394 1265 4448 ed.
1284 4404 1309 4448 et
1328 4394 1405 4460 (ante
1499 4393 1505 4400 '

127 4479 270 4545 nonninus).
307 4475 366 4542 Quo
389 4477 418 4531 in
440 4478 501 4533 loco
525 4477 650 4533 imitatus
669 4479 712 4533 est
733 4477 872 4547 interpres
891 4477 1087 4548 Augustinum,
1111 4478 1158 4547 qui
1177 4478 1347 4533 Graecorum
1365 4478 1405 4532 lo-

127 4560 235 4617 cutioni
257 4579 318 4617 sese
342 4564 527 4618 accomodans
550 4564 584 4617 de
603 4563 678 4618 Trin.
698 4562 750 4616 VII
771 4579 798 4615 n.
817 4568 833 4617 8
856 4565 913 4617 tres
935 4562 964 4616 in
987 4564 1126 4619 Trinitate
1152 4562 1324 4618 substantias
1347 4562 1405 4617 sive

125 4665 263 4719 personas
280 4648 438 4717 praedicat:
466 4653 509 4704 Sic
527 4659 603 4714 eninr,
627 4647 730 4718 inquit,
753 4654 839 4702 dicunt
861 4653 898 4702 illi
920 4660 973 4702 tres
994 4653 1149 4703 arabetantias
1169 4671 1243 4703 unam
1261 4654 1403 4708 essentiam,

128 4739 334 4804 quemadmodum
353 4754 398 4788 nos
416 4740 520 4789 dicimus
539 4746 592 4790 tres
606 4754 735 4803 personas
752 4754 825 4786 ranam
844 4739 978 4787 essentiam
994 4741 1033 4787 uel
1049 4738 1223 4791 substantiam.
1252 4735 1333 4788 Unde
1351 4733 1403 4786 ibi·

128 4819 194 4875 dem
212 4835 246 4873 ex
265 4818 436 4873 Graecorum
458 4820 598 4874 sententia
618 4820 660 4873 ita
683 4832 735 4874 tres
757 4819 786 4872 in
804 4818 864 4873 Deo
886 4823 1043 4874 substantias
1060 4821 1155 4881 vocat,
1179 4822 1210 4873 ut
1232 4819 1312 4872 simul
1336 4817 1406 4886 adji-

128 4905 187 4960 ciat
203 4911 243 4959 ael
257 4925 398 4973 personas,
417 4922 452 4960 ne
471 4906 532 4975 quis
549 4906 577 4959 in
595 4923 755 4975 perversam
772 4904 986 4975 intelligentiam
1005 4905 1168 4959 abducatur.

164 5009 322 5046 saissonis
336 5009 440 5050 nounu.
455 5010 567 5046 scuris.
587 4997 609 5046 l.
1159 5000 1200 5058 60
