3204 5506
619 122 790 172 nrrsronn
815 115 865 173 13.
1315 111 1379 177 265

175 292 234 353 W,
254 274 353 360 oeltroe,
379 275 493 360 idest,
527 277 594 342 sive
622 277 754 342 clericos
780 279 848 342 sive
878 280 1053 345 monachos
1080 281 1130 345 vel
1153 281 1327 347 monachas
1336 284 1375 371 ³⁴)
1397 288 1478 337 &48⁷
1515 295 1520 305 ·

31 375 37 383 ‘
88 408 93 415 “
170 377 296 443 serlsicoe
311 399 394 444 sexus
414 378 578 465 utriusque
599 402 763 465 personas,
787 402 865 466 quos
880 381 1082 470 violentia³⁶)
1104 386 1137 449 et
1157 384 1306 467 periculis
1326 409 1375 452 co·
1389 351 1485 406 ΜΒ·

63 524 66 531 -
162 480 233 543 actos
248 479 424 545 iterationem
445 481 648 565 baptismatis
671 483 806 548 subiisse
822 484 1012 569 constiterit,
1036 486 1086 549 vel
1102 487 1157 570 qui
1172 486 1279 571 aliquo
1295 510 1377 553 com-

155 585 243 645 mento
259 581 336 668 hujus
356 604 389 648 se
410 583 563 649 facinoris
585 585 719 669 piaculis
741 586 882 651 dixerint
903 610 968 652 non
989 588 1103 670 teneri,
1127 589 1377 673 inpoenitentia

145 703 197 767 per
219 683 367 750 triennium
393 687 507 751 durare
537 687 754 771 decernimus,
789 693 821 753 et
848 711 905 773 per
932 713 1045 754 manus
1073 690 1309 774 impositionem
1337 693 1378 758 ad

140 786 300 852 societatem
320 787 417 872 recipi
439 790 644 855 sacramenti.

671 978 752 1044 Car.
776 977 816 1044 V.

196 1094 255 1160 lllo
281 1118 339 1180 per
364 1097 472 1162 omnia
500 1098 667 1182 custodito,
696 1121 737 1163 ne
766 1121 804 1163 ex
833 1099 878 1163 eis
906 1122 1058 1184 unquam,
1090 1102 1143 1184 qui
1172 1103 1205 1167 in
1234 1104 1377 1186 qualibet

106 1200 215 1263 aetate
237 1198 313 1263 alibi
335 1216 430 1285 quam
451 1201 486 1265 in
501 1200 647 1266 Ecclesia
671 1201 828 1266 catholica
851 1206 906 1266 aut
928 1203 1083 1287 baptizati
1107 1208 1163 1268 aut
1185 1206 1376 1290 rebaptizati

99 1305 193 1384 sunt,
227 1301 268 1364 ad
297 1302 545 1367 ecclesiasticam
572 1304 721 1367 militiam
749 1326 878 1388 prorsus
904 1306 1134 1389 permittantur
1142 1308 1182 1391 ³⁰)
1215 1309 1374 1391 accedere,

93 1403 217 1489 quibus
238 1403 320 1467 satis
341 1425 410 1468 esse
430 1404 545 1488 debet·
558 1406 642 1490 quod
662 1406 697 1470 in
719 1406 948 1470 catholicorum
969 1429 1136 1471 numerum
1152 1414 1228 1474 sunt
1239 1412 1376 1495 recepti3
1423 1468 1431 1485 ,

88 1505 253 1591 quoniam
287 1505 326 1569 de
359 1528 416 1571 suo
443 1506 554 1571 ordine
583 1512 617 1571 et
645 1509 866 1572 communione
899 1509 1060 1574 videbitur
1092 1510 1177 1575 ferre
1208 1513 1373 1596 judicium,

84 1607 243 1694 quisquis
257 1606 334 1672 'hoc
361 1608 529 1673 violaverit
557 1609 739 1674 antistitum
747 1610 804 1693 ³⁷),
840 1611 890 1674 vel
919 1611 972 1696 qui
1001 1634 1065 1676 non
1094 1615 1265 1678 removerit
1293 1637 1375 1698 eum,

79 1732 186 1796 quem
214 1732 255 1775 ex
281 1710 327 1775 eis
350 1709 390 1773 ad
412 1710 625 1776 ministerium
649 1711 794 1776 clericale
817 1713 995 1797 obrepsisse
1019 1717 1221 1799 cognoverit:

658 1899 739 1965 Onu.
763 1899 820 1964 Vl.

169 2017 209 2081 9.
260 2015 448 2082 Curandum
475 2040 550 2083 vero
577 2019 715 2086 maxime
743 2024 775 2084 et
802 2021 889 2084 omni
914 2022 1039 2085 cautela
1063 2026 1110 2085 est
1132 2023 1373 2107 providendum,

66 2143 118 2185 ne
143 2119 232 2205 quis
256 2117 398 2183 fratrum
429 2121 748 2206 coepiscoporumque
774 2126 954 2187 nostrorum
978 2125 1153 2188 autetiam
1176 2126 1375 2210 presbytero-

64 2246 149 2287 rum
184 2221 229 2285 in
254 2220 389 2285 alterins
412 2222 542 2286 civitate
563 2224 614 2287 vel
642 2224 777 2288 dioecesi
805 2226 1023 2308 poenitentem
1047 2227 1096 2289 vel
1119 2227 1177 2289 sub
1200 2250 1297 2291 manu
1320 2252 1374 2313 po-

66 2325 188 2390 situm
222 2322 405 2387 sacerdotis
427 2328 485 2388 aut
507 2346 593 2407 eum,
618 2325 671 2409 qui
694 2326 983 2412 reconciliatum³⁸)
1008 2350 1041 2391 se
1064 2350 1132 2391 esse
1154 2330 1280 2412 dixerit,
1305 2331 1374 2395 sine

61 2425 239 2512 episcopi
257 2424 322 2489 vrel
342 2427 522 2510 presbyteri
548 2427 732 2492 testimonio
760 2432 793 2493 et
814 2429 930 2492 litteris
952 2431 1053 2513 antii)
1076 2431 1111 2494 in
1134 2433 1282 2514 paroecia
1304 2456 1373 2516 pre-

61 2530 214 2615 sbyter,
241 2529 304 2591 aut
326 2527 493 2612 episcopus
516 2528 550 2593 in
573 2528 703 2594 civitate
725 2531 889 2614 suscipiat.
936 2531 1025 2605 Quod
1035 2531 1075 2615 ⁴⁰)
1099 2532 1206 2616 aliqua
1229 2533 1373 2598 dissimu-
1433 2593 1440 2608 ,

60 2631 213 2697 latione
237 2629 438 2715 neglectum,
469 2631 595 2716 culpam
617 2632 727 2716 tangit
749 2633 847 2695 etiam
871 2633 1068 2716 clericorum,
1093 2635 1146 2717 qui
1169 2636 1202 2698 in
1225 2635 1313 2718 lucia,
1338 2637 1372 2701 in

62 2734 206 2821 quibus
230 2730 298 2796 hoc
320 2731 426 2796 minus
449 2735 594 2798 curatum
616 2733 723 2818 fuerit,
749 2738 993 2799 commorantur.

62 2914 165 2924 a—-a-

144 2991 188 3056 υ)
208 2984 353 3041 Veterum
376 2987 503 3042 codicum
525 2987 622 3055 (etiam
643 2988 740 3055 H⁸H⁹l
767 2989 935 3044 auctoritate
959 2987 1129 3042 restituimus
1157 2995 1303 3052 aranachae,
1334 2993 1370 3046 ab

65 3074 166 3131 editis
189 3070 340 3126 omissum.
374 3071 482 3126 Eodem
498 3072 641 3128 intellectu
659 3080 715 3128 nt
734 3073 834 3128 dicitur
852 3079 979 3129 monachia
997 3085 1041 3127 aut
1056 3080 1148 3143 puellis
1161 3079 1217 3128 aei.

146 3161 190 3226 εἱ)
210 3157 262 3212 lta
274 3172 339 3209 mss.
365 3155 441 3210 Editi
453 3163 588 3213 uiolentiae
604 3165 726 3227 periculis
788 3165 863 3226 eujus
880 3179 908 3213 re
924 3164 1049 3227 [amramis
1066 3166 1168 3228 piaculo
1232 3167 1270 3215 llis
1280 3169 1371 3230 poeta·

68 3251 200 3298 tentiam
278 3246 432 3295 decrevimus
504 3262 549 3297 eoa
565 3251 726 3302 sacramenti.

148 3330 193 3391 ⁸⁸)
212 3325 296 3380 Editi
314 3344 362 3380 noa
379 3333 559 3394 pemirtaatnr
632 3327 728 3382 debeatv
797 3348 912 3386 nurnero.-
932 3329 1104 3397 castigantur
1122 3346 1156 3384 ex
1173 3349 1237 3384 mss.
1265 3332 1371 3388 Nititur

70 3414 134 3469 hoc
153 3411 316 3466 decretum
332 3411 430 3480 regula
448 3412 646 3475 ecclesiastica,
673 3430 757 3481 qnam
775 3415 804 3466 et
820 3413 936 3467 Nicaeni
957 3416 1052 3482 patres
1070 3421 1176 3469 can.10
1199 3418 1370 3481 confimnant,

72 3514 157 3567 quae
186 3493 302 3549 scilicet
323 3494 416 3564 lapsos
438 3513 456 3550 a
478 3497 553 3551 clero
576 3499 661 3552 arcet.
711 3496 897 3552 Conferantur
919 3498 1072 3552 Innocentii
1095 3499 1174 3568 epist.
1195 3507 1224 3553 17
1247 3520 1273 3554 n.
1293 3507 1308 3555 8
1327 3521 1370 3569 ss„

70 3580 194 3637 laeonin
205 3579 293 3650 epist.
302 3585 341 3644 18,
359 3579 458 3634 Felicia
470 3581 549 3651 epist.
561 3588 585 3647 8,
603 3581 797 3636 acCoustantii
809 3582 838 3636 in
851 3600 897 3637 cas
909 3585 1015 3648 notata,
1034 3582 1104 3636 sicut
1115 3584 1328 3640 Balleriniorum
1340 3587 1369 3641 iu

72 3665 193 3722 leonis
211 3663 326 3734 epistl
345 3664 477 3720 admouit.
497 3685 523 3720 n.
539 3673 570 3720 16
582 3685 616 3721 ss.
663 3666 767 3731 Quibus
790 3668 893 3722 addere
918 3667 989 3722 libet
1010 3667 1084 3736 illud¹
1098 3669 1206 3723 concilii
1225 3670 1368 3740 Carthagi-

74 3749 184 3807 uenti!
196 3766 225 3805 a.
236 3754 289 3803 419
306 3749 396 3804 habiti
415 3751 485 3817 (cod.
500 3768 558 3806 can.
573 3752 667 3807 eccles.
681 3752 766 3806 Afric.
786 3771 807 3806 c.
819 3756 875 3819 27le
895 3774 974 3822 aeque
992 3759 1192 3822 permittendum,
1211 3765 1238 3807 nt
1256 3760 1369 3823 rebapti-

76 3842 137 3891 zati
154 3839 200 3889 ad
216 3839 359 3888 clericam
374 3840 481 3902 pradum
496 3849 702 3904 promoveantur.

154 3920 194 3985 1ἵ)
212 3919 263 3973 Ita
277 3918 404 3988 plerique
423 3937 486 3974 mss.
506 3921 602 3983 (stiam
619 3921 715 3989 H⁸H⁰)
734 3924 767 3976 et
780 3923 816 3987 T;
844 3922 951 3990 vulgati
968 3929 1118 3983 institutam.
1142 3923 1222 3977 male.
1259 3922 1368 3995 Quippe

79 4004 199 4061 ordinis
218 4002 265 4058 aui
280 4005 367 4073 atque
384 4005 584 4061 communionis
598 3994 738 4074 jacturam
750 4005 828 4060 Felix
846 4006 930 4060 cuivis
942 4008 1098 4069 antistitum
1111 4008 1301 4075 comminatur,
1321 4010 1368 4078 qui

79 4091 138 4145 hoc
158 4089 314 4143 decretum
330 4088 477 4144 violaverit
494 4092 543 4146 aut
561 4090 675 4145 clericos
686 4091 845 4160 hujusmodi
863 4110 880 4145 a
898 4109 926 4146 sc
944 4111 996 4162 per
1014 4092 1209 4162 obreptionem
1224 4095 1368 4161 promotos

77 4192 142 4231 non
161 4171 335 4230 removerit:
354 4172 421 4242 quia
437 4180 532 4245 capara·
548 4181 715 4244 deponuntur,
734 4176 863 4245 inquiunt
880 4178 997 4232 Nicaeni
1014 4179 1109 4248 patres
1129 4194 1186 4231 can.
1200 4184 1238 4231 10.

154 4262 195 4328 ⁸⁸)
212 4257 243 4312 Η
254 4257 285 4312 h¹
304 4264 469 4313 cosmam

156 4346 192 4412 ¹)
210 4341 292 4397 Edita·
311 4349 347 4398 ad
363 4348 438 4411 cnjus
452 4352 566 4413 pertinet
587 4351 734 4416 parochiam
755 4352 906 4416 presbyter,-
934 4347 1105 4417 castigantur
1127 4364 1161 4401 ex
1182 4365 1246 4400 mss.
1272 4348 1367 4413 (etiam

81 4428 123 4484 Η·
133 4428 177 4484 11·
187 4428 261 4495 11¹⁰).
299 4425 362 4481 Vox
378 4434 501 4496 paroecia
517 4429 563 4484 hic
580 4431 725 4486 ecclesiam
748 4434 828 4486 extra
846 4431 988 4486 civitatem
1004 4431 1133 4501 positam,
1159 4438 1283 4487 dioececis
1300 4450 1366 4488 vero

82 4512 216 4585 episcopi
234 4511 414 4566 territorium
431 4529 479 4569 seu
496 4513 639 4570 civitatem
657 4519 746 4571 sonat.

155 4600 189 4666 “l
208 4597 256 4652 Ita
267 4612 334 4650 mm.
348 4596 472 4666 poliores
484 4598 580 4665 (etiam
593 4599 675 4654 Hffl„
685 4601 744 4667 ΗΝ)
763 4603 792 4655 et
804 4602 836 4655 T.
861 4601 916 4655 Alii
935 4606 1007 4666 Quod
1022 4609 1046 4656 si
1063 4610 1148 4673 aliqua
1169 4604 1366 4678 dissiraulalioae

82 4688 233 4752 ueplipr'tar,
252 4687 334 4750 eulpa
354 4687 434 4751 laapr't
451 4689 525 4738 eliam
543 4685 685 4756 elenau-(i²
703 4689 838 4753 clericam),
858 4693 901 4756 qui
974 4701 1149 4745 corumoratur.
