<?xml version="1.0" encoding="UTF-8"?>
<!DOCTYPE html PUBLIC "-//W3C//DTD XHTML 1.0 Transitional//EN"
    "http://www.w3.org/TR/xhtml1/DTD/xhtml1-transitional.dtd">
<html xmlns="http://www.w3.org/1999/xhtml" xml:lang="en" lang="en">
 <head>
  <title>
</title>
<meta http-equiv="Content-Type" content="text/html;charset=utf-8" />
  <meta name='ocr-system' content='tesseract 3.04.00' />
  <meta name='ocr-capabilities' content='ocr_page ocr_carea ocr_par ocr_line ocrx_word'/>
</head>
<body>
  <div class='ocr_page' id='page_1' title='image "./epistolaeromano00thiegoog/epistolaeromano00thiegoog_0532.png"; bbox 0 0 3204 5506; ppageno 0'>
   <div class='ocr_carea' id='block_1_1' title="bbox 304 322 1251 391">
    <p class='ocr_par' dir='ltr' id='par_1_1' title="bbox 304 322 1251 391">
     <span class='ocr_line' id='line_1_1' title="bbox 304 322 1251 391; baseline 0.008 -8"><span class='ocrx_word' id='word_1_1' title='bbox 304 335 475 386; x_wconf 76' lang='lat' dir='ltr'>neronom</span> <span class='ocrx_word' id='word_1_2' title='bbox 496 325 548 384; x_wconf 79' lang='lat'><strong>«13.</strong></span> <span class='ocrx_word' id='word_1_3' title='bbox 574 357 611 367; x_wconf 90' lang='lat'><em>-</em></span> <span class='ocrx_word' id='word_1_4' title='bbox 636 336 875 386; x_wconf 77' lang='lat' dir='ltr'>nnnonnnnnn</span> <span class='ocrx_word' id='word_1_5' title='bbox 901 329 928 385; x_wconf 89' lang='lat'>1.</span> <span class='ocrx_word' id='word_1_6' title='bbox 1187 322 1251 391; x_wconf 85' lang='grc'>483</span> 
     </span>
    </p>
   </div>
   <div class='ocr_carea' id='block_1_2' title="bbox 100 487 1383 3331">
    <p class='ocr_par' dir='ltr' id='par_1_2' title="bbox 100 487 1383 1086">
     <span class='ocr_line' id='line_1_2' title="bbox 101 487 1356 574; baseline 0.002 -18"><span class='ocrx_word' id='word_1_7' title='bbox 101 489 167 556; x_wconf 81' lang='grc' dir='ltr'>καί</span> <span class='ocrx_word' id='word_1_8' title='bbox 188 489 346 572; x_wconf 79' lang='grc' dir='ltr'><strong><em>ἵπποις,</em></strong></span> <span class='ocrx_word' id='word_1_9' title='bbox 368 487 464 574; x_wconf 80' lang='grc' dir='ltr'><em>ἡμεῖς</em></span> <span class='ocrx_word' id='word_1_10' title='bbox 486 490 522 555; x_wconf 80' lang='lat' dir='ltr'>n</span> <span class='ocrx_word' id='word_1_11' title='bbox 546 490 590 556; x_wconf 85' lang='grc' dir='ltr'><strong><em>ἐν</em></strong></span> <span class='ocrx_word' id='word_1_12' title='bbox 638 497 736 571; x_wconf 82' lang='lat' dir='ltr'>pediti</span> <span class='ocrx_word' id='word_1_13' title='bbox 761 504 832 558; x_wconf 80' lang='lat' dir='ltr'>sunt</span> <span class='ocrx_word' id='word_1_14' title='bbox 858 503 887 556; x_wconf 84' lang='lat' dir='ltr'>et</span> <span class='ocrx_word' id='word_1_15' title='bbox 906 499 1081 558; x_wconf 80' lang='lat' dir='ltr'>ceciderunt</span> <span class='ocrx_word' id='word_1_16' title='bbox 1108 494 1168 559; x_wconf 85' lang='lat' dir='ltr'>sub</span> <span class='ocrx_word' id='word_1_17' title='bbox 1189 494 1252 559; x_wconf 91' lang='lat' dir='ltr'>Do·</span> <span class='ocrx_word' id='word_1_18' title='bbox 1270 503 1356 550; x_wconf 66' lang='lat' dir='ltr'>aros</span> 
     </span>
     <span class='ocr_line' id='line_1_3' title="bbox 100 571 1358 701; baseline 0.003 -45"><span class='ocrx_word' id='word_1_19' title='bbox 100 595 447 677; x_wconf 81' lang='grc' dir='ltr'><strong><em>ιτιιιυρίουθεοῦ</em></strong></span> <span class='ocrx_word' id='word_1_20' title='bbox 477 588 590 676; x_wconf 80' lang='grc' dir='ltr'><strong><em>ἡμῶν</em></strong></span> <span class='ocrx_word' id='word_1_21' title='bbox 640 593 720 658; x_wconf 87' lang='lat' dir='ltr'>mini</span> <span class='ocrx_word' id='word_1_22' title='bbox 753 594 911 679; x_wconf 80' lang='lat' dir='ltr'>gladium3</span> <span class='ocrx_word' id='word_1_23' title='bbox 948 617 1007 660; x_wconf 89' lang='lat' dir='ltr'>nos</span> <span class='ocrx_word' id='word_1_24' title='bbox 1043 598 1151 660; x_wconf 82' lang='lat' dir='ltr'>autem</span> <span class='ocrx_word' id='word_1_25' title='bbox 1184 571 1358 701; x_wconf 45' lang='lat' dir='ltr'>cnr-[323]</span> 
     </span>
     <span class='ocr_line' id='line_1_4' title="bbox 100 690 1351 779; baseline 0.003 -20"><span class='ocrx_word' id='word_1_26' title='bbox 100 694 324 779; x_wconf 80' lang='grc' dir='ltr'><strong><em>ινθησόμεθα·</em></strong></span> <span class='ocrx_word' id='word_1_27' title='bbox 350 690 447 759; x_wconf 77' lang='grc' dir='ltr'><strong><em>αὐτοὶ</em></strong></span> <span class='ocrx_word' id='word_1_28' title='bbox 462 711 587 758; x_wconf 84' lang='grc' dir='ltr'><strong><em>οννε-</em></strong></span> <span class='ocrx_word' id='word_1_29' title='bbox 640 703 775 761; x_wconf 80' lang='lat' dir='ltr'>reximus</span> <span class='ocrx_word' id='word_1_30' title='bbox 795 710 825 761; x_wconf 82' lang='lat' dir='ltr'>et</span> <span class='ocrx_word' id='word_1_31' title='bbox 845 705 957 763; x_wconf 79' lang='grc' dir='ltr'><strong><em>ινίυαίι·</em></strong></span> <span class='ocrx_word' id='word_1_32' title='bbox 976 719 1085 777; x_wconf 81' lang='lat' dir='ltr'>sumus,</span> <span class='ocrx_word' id='word_1_33' title='bbox 1114 699 1150 763; x_wconf 91' lang='lat' dir='ltr'>in</span> <span class='ocrx_word' id='word_1_34' title='bbox 1168 700 1251 763; x_wconf 86' lang='lat' dir='ltr'>vela·</span> <span class='ocrx_word' id='word_1_35' title='bbox 1266 706 1351 764; x_wconf 77' lang='lat'><strong>1⁷‚45·</strong></span> 
     </span>
     <span class='ocr_line' id='line_1_5' title="bbox 100 767 1383 881; baseline 0.003 -20"><span class='ocrx_word' id='word_1_36' title='bbox 100 803 242 881; x_wconf 77' lang='grc' dir='ltr'><strong><em>’θησαν</em></strong></span> <span class='ocrx_word' id='word_1_37' title='bbox 264 797 331 860; x_wconf 82' lang='grc' dir='ltr'>καί</span> <span class='ocrx_word' id='word_1_38' title='bbox 347 799 500 862; x_wconf 80' lang='grc' dir='ltr'><strong><em>ἔπεσαν</em></strong></span> <span class='ocrx_word' id='word_1_39' title='bbox 521 785 588 861; x_wconf 72' lang='grc' dir='ltr'><strong><em>ὑπὸ</em></strong></span> <span class='ocrx_word' id='word_1_40' title='bbox 641 801 749 862; x_wconf 89' lang='lat' dir='ltr'>mento</span> <span class='ocrx_word' id='word_1_41' title='bbox 765 797 826 862; x_wconf 92' lang='lat' dir='ltr'>Dei</span> <span class='ocrx_word' id='word_1_42' title='bbox 841 799 921 864; x_wconf 90' lang='lat' dir='ltr'>coeli</span> <span class='ocrx_word' id='word_1_43' title='bbox 941 798 1137 864; x_wconf 74' lang='lat' dir='ltr'><strong>habitantes.</strong></span> <span class='ocrx_word' id='word_1_44' title='bbox 1168 767 1383 866; x_wconf 71' lang='lat' dir='ltr'>Can-P⁸‘¹⁹’⁹&#39;</span> 
     </span>
     <span class='ocr_line' id='line_1_6' title="bbox 100 897 1251 985; baseline 0.003 -22"><span class='ocrx_word' id='word_1_45' title='bbox 100 899 228 983; x_wconf 79' lang='grc' dir='ltr'><strong><em>ίχαιραν</em></strong></span> <span class='ocrx_word' id='word_1_46' title='bbox 251 902 312 962; x_wconf 87' lang='grc' dir='ltr'>τοῦ</span> <span class='ocrx_word' id='word_1_47' title='bbox 336 901 469 983; x_wconf 77' lang='grc' dir='ltr'><strong><em>κυρίου,</em></strong></span> <span class='ocrx_word' id='word_1_48' title='bbox 495 897 589 982; x_wconf 76' lang='grc' dir='ltr'><strong><em>ἡμεῖς</em></strong></span> <span class='ocrx_word' id='word_1_49' title='bbox 638 903 707 965; x_wconf 83' lang='lat' dir='ltr'>tate</span> <span class='ocrx_word' id='word_1_50' title='bbox 733 901 827 965; x_wconf 85' lang='lat' dir='ltr'>nobie</span> <span class='ocrx_word' id='word_1_51' title='bbox 853 900 1045 985; x_wconf 76' lang='lat' dir='ltr'>spiritalium</span> <span class='ocrx_word' id='word_1_52' title='bbox 1075 906 1251 968; x_wconf 86' lang='lat' dir='ltr'>vestrorum</span> 
     </span>
     <span class='ocr_line' id='line_1_7' title="bbox 100 999 1250 1086; baseline 0.004 -22"><span class='ocrx_word' id='word_1_53' title='bbox 100 999 587 1086; x_wconf 81' lang='grc' dir='ltr'><strong><em>’στημενκαίὲσιίθημεν,</em></strong></span> <span class='ocrx_word' id='word_1_54' title='bbox 641 1001 852 1066; x_wconf 75' lang='lat' dir='ltr'>certaminum</span> <span class='ocrx_word' id='word_1_55' title='bbox 899 1003 1024 1067; x_wconf 79' lang='lat' dir='ltr'>dulcem</span> <span class='ocrx_word' id='word_1_56' title='bbox 1065 1004 1250 1069; x_wconf 82' lang='lat' dir='ltr'>melodiam:</span> 
     </span>
    </p>

    <p class='ocr_par' dir='ltr' id='par_1_3' title="bbox 100 1091 1349 1390">
     <span class='ocr_line' id='line_1_8' title="bbox 100 1091 1349 1213; baseline 0.004 -47"><span class='ocrx_word' id='word_1_57' title='bbox 100 1103 145 1188; x_wconf 77' lang='grc' dir='ltr'>’πῃ</span> <span class='ocrx_word' id='word_1_58' title='bbox 169 1107 231 1168; x_wconf 85' lang='grc' dir='ltr'>τοῦ</span> <span class='ocrx_word' id='word_1_59' title='bbox 252 1107 338 1167; x_wconf 84' lang='grc' dir='ltr'><strong><em>θεοῦ</em></strong></span> <span class='ocrx_word' id='word_1_60' title='bbox 361 1107 422 1167; x_wconf 85' lang='grc' dir='ltr'>τοῦ</span> <span class='ocrx_word' id='word_1_61' title='bbox 437 1101 589 1187; x_wconf 75' lang='grc' dir='ltr'><strong><em>οὐρανοῦ</em></strong></span> <span class='ocrx_word' id='word_1_62' title='bbox 640 1103 781 1188; x_wconf 77' lang='lat' dir='ltr'>prodibit</span> <span class='ocrx_word' id='word_1_63' title='bbox 803 1126 912 1168; x_wconf 90' lang='lat' dir='ltr'>rursus</span> <span class='ocrx_word' id='word_1_64' title='bbox 927 1103 1061 1188; x_wconf 87' lang='lat' dir='ltr'>pulchra</span> <span class='ocrx_word' id='word_1_65' title='bbox 1079 1106 1160 1191; x_wconf 62' lang='lat' dir='ltr'>et’l)</span> <span class='ocrx_word' id='word_1_66' title='bbox 1175 1106 1250 1171; x_wconf 91' lang='lat' dir='ltr'>fidc·</span> <span class='ocrx_word' id='word_1_67' title='bbox 1263 1091 1349 1213; x_wconf 40' lang='lat' dir='ltr'>szpd.</span> 
     </span>
     <span class='ocr_line' id='line_1_9' title="bbox 100 1169 1333 1291; baseline 0.002 -22"><span class='ocrx_word' id='word_1_68' title='bbox 100 1228 198 1272; x_wconf 83' lang='grc' dir='ltr'><strong><em>κενοι.</em></strong></span> <span class='ocrx_word' id='word_1_69' title='bbox 219 1202 418 1289; x_wconf 78' lang='grc' dir='ltr'><strong><em>Ἐνηχήσατε</em></strong></span> <span class='ocrx_word' id='word_1_70' title='bbox 428 1203 509 1289; x_wconf 78' lang='grc' dir='ltr'><strong><em>ἡμῖν</em></strong></span> <span class='ocrx_word' id='word_1_71' title='bbox 520 1208 589 1270; x_wconf 82' lang='grc' dir='ltr'><strong><em>τῶν</em></strong></span> <span class='ocrx_word' id='word_1_72' title='bbox 640 1207 680 1270; x_wconf 87' lang='lat' dir='ltr'>lis</span> <span class='ocrx_word' id='word_1_73' title='bbox 701 1229 789 1289; x_wconf 86' lang='lat' dir='ltr'>rosa,</span> <span class='ocrx_word' id='word_1_74' title='bbox 820 1228 901 1291; x_wconf 91' lang='lat' dir='ltr'>quae</span> <span class='ocrx_word' id='word_1_75' title='bbox 929 1206 1019 1270; x_wconf 82' lang='lat' dir='ltr'>vobis</span> <span class='ocrx_word' id='word_1_76' title='bbox 1047 1206 1175 1271; x_wconf 76' lang='lat' dir='ltr'>divinae</span> <span class='ocrx_word' id='word_1_77' title='bbox 1202 1212 1250 1272; x_wconf 89' lang='lat' dir='ltr'>tu·</span> <span class='ocrx_word' id='word_1_78' title='bbox 1278 1169 1333 1225; x_wconf 58' lang='lat'>&#39;⁹²&#39;</span> 
     </span>
     <span class='ocr_line' id='line_1_10' title="bbox 100 1303 1249 1390; baseline 0.003 -18"><span class='ocrx_word' id='word_1_79' title='bbox 100 1310 215 1372; x_wconf 80' lang='grc' dir='ltr'><strong><em>ιτικῶν</em></strong></span> <span class='ocrx_word' id='word_1_80' title='bbox 242 1303 339 1390; x_wconf 80' lang='grc' dir='ltr'><strong><em>ὑμῶν</em></strong></span> <span class='ocrx_word' id='word_1_81' title='bbox 361 1305 504 1390; x_wconf 73' lang='grc' dir='ltr'><strong><em>ἀγώνων</em></strong></span> <span class='ocrx_word' id='word_1_82' title='bbox 526 1304 588 1390; x_wconf 82' lang='grc' dir='ltr'><strong><em>τὴν</em></strong></span> <span class='ocrx_word' id='word_1_83' title='bbox 641 1309 725 1374; x_wconf 86' lang='lat' dir='ltr'>telae</span> <span class='ocrx_word' id='word_1_84' title='bbox 764 1310 884 1373; x_wconf 88' lang='lat' dir='ltr'>bonum</span> <span class='ocrx_word' id='word_1_85' title='bbox 921 1308 1074 1373; x_wconf 88' lang='lat' dir='ltr'>nuncium</span> <span class='ocrx_word' id='word_1_86' title='bbox 1110 1311 1249 1375; x_wconf 86' lang='lat' dir='ltr'>sonabit.</span> 
     </span>
    </p>

    <p class='ocr_par' dir='ltr' id='par_1_4' title="bbox 100 1409 1371 1905">
     <span class='ocr_line' id='line_1_11' title="bbox 103 1409 1345 1495; baseline 0.004 -23"><span class='ocrx_word' id='word_1_87' title='bbox 103 1432 125 1472; x_wconf 91' lang='grc' dir='ltr'><strong><em>ν</em></strong></span> <span class='ocrx_word' id='word_1_88' title='bbox 154 1409 340 1493; x_wconf 79' lang='grc' dir='ltr'><strong><em>μελῳδίαν·</em></strong></span> <span class='ocrx_word' id='word_1_89' title='bbox 378 1409 587 1493; x_wconf 75' lang='grc' dir='ltr'><strong><em>προπηδήσει</em></strong></span> <span class='ocrx_word' id='word_1_90' title='bbox 641 1411 779 1476; x_wconf 84' lang='lat' dir='ltr'>Narrate</span> <span class='ocrx_word' id='word_1_91' title='bbox 807 1410 969 1495; x_wconf 78' lang='lat' dir='ltr'>protinuS,</span> <span class='ocrx_word' id='word_1_92' title='bbox 1005 1412 1161 1495; x_wconf 88' lang='lat' dir='ltr'>quomodo</span> <span class='ocrx_word' id='word_1_93' title='bbox 1189 1413 1251 1477; x_wconf 90' lang='lat' dir='ltr'>Do·</span> <span class='ocrx_word' id='word_1_94' title='bbox 1286 1416 1345 1469; x_wconf 76' lang='lat' dir='ltr'>Act.</span> 
     </span>
     <span class='ocr_line' id='line_1_12' title="bbox 100 1491 1371 1598; baseline 0.003 -23"><span class='ocrx_word' id='word_1_95' title='bbox 100 1503 163 1587; x_wconf 74' lang='grc' dir='ltr'><strong><em>ἷθις</em></strong></span> <span class='ocrx_word' id='word_1_96' title='bbox 190 1507 211 1594; x_wconf 84' lang='grc' dir='ltr'><em>ἡ</em></span> <span class='ocrx_word' id='word_1_97' title='bbox 240 1508 326 1596; x_wconf 73' lang='grc' dir='ltr'><strong><em>καλὴ</em></strong></span> <span class='ocrx_word' id='word_1_98' title='bbox 357 1510 460 1597; x_wconf 56' lang='lat' dir='ltr'>natu)</span> <span class='ocrx_word' id='word_1_99' title='bbox 488 1509 588 1595; x_wconf 79' lang='grc' dir='ltr'><strong><em>πιστὴ</em></strong></span> <span class='ocrx_word' id='word_1_100' title='bbox 640 1513 721 1577; x_wconf 92' lang='lat' dir='ltr'>mini</span> <span class='ocrx_word' id='word_1_101' title='bbox 754 1512 888 1598; x_wconf 82' lang='lat' dir='ltr'>angelus</span> <span class='ocrx_word' id='word_1_102' title='bbox 922 1511 1083 1577; x_wconf 76' lang='lat' dir='ltr'>adstiterit</span> <span class='ocrx_word' id='word_1_103' title='bbox 1122 1516 1155 1578; x_wconf 89' lang='lat' dir='ltr'>et</span> <span class='ocrx_word' id='word_1_104' title='bbox 1182 1491 1371 1579; x_wconf 69' lang='lat' dir='ltr'>vin-¹²’⁷³³·</span> 
     </span>
     <span class='ocr_line' id='line_1_13' title="bbox 109 1611 1250 1699; baseline 0.004 -21"><span class='ocrx_word' id='word_1_105' title='bbox 109 1616 168 1697; x_wconf 83' lang='grc' dir='ltr'>τῆς</span> <span class='ocrx_word' id='word_1_106' title='bbox 198 1611 253 1677; x_wconf 80' lang='grc' dir='ltr'><strong><em>ἐπὶ</em></strong></span> <span class='ocrx_word' id='word_1_107' title='bbox 279 1617 366 1678; x_wconf 84' lang='grc' dir='ltr'><strong><em>θεοῦ</em></strong></span> <span class='ocrx_word' id='word_1_108' title='bbox 396 1612 589 1688; x_wconf 76' lang='grc' dir='ltr'><strong><em>ἐπιστασίας</em></strong></span> <span class='ocrx_word' id='word_1_109' title='bbox 642 1615 713 1678; x_wconf 84' lang='lat' dir='ltr'>cula</span> <span class='ocrx_word' id='word_1_110' title='bbox 742 1615 805 1679; x_wconf 90' lang='lat' dir='ltr'>cito</span> <span class='ocrx_word' id='word_1_111' title='bbox 833 1613 1029 1699; x_wconf 84' lang='lat' dir='ltr'>dissolverit,</span> <span class='ocrx_word' id='word_1_112' title='bbox 1060 1636 1171 1679; x_wconf 88' lang='lat' dir='ltr'>somno</span> <span class='ocrx_word' id='word_1_113' title='bbox 1199 1639 1250 1682; x_wconf 91' lang='lat' dir='ltr'>cu-</span> 
     </span>
     <span class='ocr_line' id='line_1_14' title="bbox 100 1708 1251 1802; baseline 0.005 -24"><span class='ocrx_word' id='word_1_114' title='bbox 100 1708 586 1799; x_wconf 77' lang='grc' dir='ltr'><strong><em>νωνοῦσατόνεάαγγελισμόν.</em></strong></span> <span class='ocrx_word' id='word_1_115' title='bbox 642 1717 748 1781; x_wconf 86' lang='lat' dir='ltr'>stodes</span> <span class='ocrx_word' id='word_1_116' title='bbox 778 1715 992 1780; x_wconf 88' lang='lat' dir='ltr'>mortificans:</span> <span class='ocrx_word' id='word_1_117' title='bbox 1030 1719 1063 1780; x_wconf 90' lang='lat' dir='ltr'>et</span> <span class='ocrx_word' id='word_1_118' title='bbox 1095 1720 1251 1802; x_wconf 80' lang='lat' dir='ltr'>quomodo</span> 
     </span>
     <span class='ocr_line' id='line_1_15' title="bbox 100 1817 1251 1905; baseline 0.003 -25"><span class='ocrx_word' id='word_1_119' title='bbox 100 1823 199 1881; x_wconf 80' lang='grc' dir='ltr'><strong><em>ῑασθε</em></strong></span> <span class='ocrx_word' id='word_1_120' title='bbox 213 1821 353 1900; x_wconf 85' lang='grc' dir='ltr'><strong><em>θᾶττον,</em></strong></span> <span class='ocrx_word' id='word_1_121' title='bbox 376 1821 447 1894; x_wconf 76' lang='grc' dir='ltr'><strong><em>πῶς</em></strong></span> <span class='ocrx_word' id='word_1_122' title='bbox 467 1817 588 1901; x_wconf 79' lang='grc' dir='ltr'><strong><em>ἐπέστη</em></strong></span> <span class='ocrx_word' id='word_1_123' title='bbox 640 1818 744 1883; x_wconf 85' lang='lat' dir='ltr'>ferrea</span> <span class='ocrx_word' id='word_1_124' title='bbox 772 1817 870 1882; x_wconf 83' lang='lat' dir='ltr'>ianua</span> <span class='ocrx_word' id='word_1_125' title='bbox 902 1821 1044 1882; x_wconf 87' lang='lat' dir='ltr'>reserata</span> <span class='ocrx_word' id='word_1_126' title='bbox 1072 1819 1132 1903; x_wconf 87' lang='lat' dir='ltr'>sit,</span> <span class='ocrx_word' id='word_1_127' title='bbox 1170 1843 1251 1905; x_wconf 90' lang='lat' dir='ltr'>quae</span> 
     </span>
    </p>

    <p class='ocr_par' dir='ltr' id='par_1_5' title="bbox 100 1917 1249 2108">
     <span class='ocr_line' id='line_1_16' title="bbox 101 1917 1248 2005; baseline 0.003 -23"><span class='ocrx_word' id='word_1_128' title='bbox 101 1922 161 1994; x_wconf 84' lang='grc' dir='ltr'>λος</span> <span class='ocrx_word' id='word_1_129' title='bbox 183 1921 318 2002; x_wconf 77' lang='grc' dir='ltr'><strong><em>κυρίου,</em></strong></span> <span class='ocrx_word' id='word_1_130' title='bbox 341 1921 398 1984; x_wconf 83' lang='grc' dir='ltr'>καί</span> <span class='ocrx_word' id='word_1_131' title='bbox 419 1917 458 1984; x_wconf 76' lang='lat' dir='ltr'>cd</span> <span class='ocrx_word' id='word_1_132' title='bbox 482 1917 589 2003; x_wconf 80' lang='grc' dir='ltr'><strong><em>δεσμὰ</em></strong></span> <span class='ocrx_word' id='word_1_133' title='bbox 640 1943 695 1985; x_wconf 89' lang='lat' dir='ltr'>vos</span> <span class='ocrx_word' id='word_1_134' title='bbox 723 1921 811 1983; x_wconf 87' lang='lat' dir='ltr'>intra</span> <span class='ocrx_word' id='word_1_135' title='bbox 846 1921 1008 1984; x_wconf 83' lang='lat' dir='ltr'>civitatem</span> <span class='ocrx_word' id='word_1_136' title='bbox 1036 1920 1096 1984; x_wconf 86' lang='lat' dir='ltr'>Dei</span> <span class='ocrx_word' id='word_1_137' title='bbox 1124 1922 1248 2005; x_wconf 86' lang='lat' dir='ltr'>recipit.</span> 
     </span>
     <span class='ocr_line' id='line_1_17' title="bbox 100 2018 1249 2108; baseline 0.003 -24"><span class='ocrx_word' id='word_1_138' title='bbox 100 2019 201 2102; x_wconf 80' lang='grc' dir='ltr'><strong><em>ραξεν</em></strong></span> <span class='ocrx_word' id='word_1_139' title='bbox 216 2018 326 2105; x_wconf 83' lang='grc' dir='ltr'><strong><em>ἀφνω,</em></strong></span> <span class='ocrx_word' id='word_1_140' title='bbox 343 2019 441 2108; x_wconf 81' lang='grc' dir='ltr'><strong><em>ὕπνῳ</em></strong></span> <span class='ocrx_word' id='word_1_141' title='bbox 457 2020 588 2105; x_wconf 77' lang='grc' dir='ltr'><strong><em>νεκροί·</em></strong></span> <span class='ocrx_word' id='word_1_142' title='bbox 640 2021 693 2086; x_wconf 80' lang='lat' dir='ltr'>Sic</span> <span class='ocrx_word' id='word_1_143' title='bbox 722 2022 824 2104; x_wconf 89' lang='lat' dir='ltr'>enim,</span> <span class='ocrx_word' id='word_1_144' title='bbox 857 2022 903 2085; x_wconf 86' lang='lat' dir='ltr'>sic</span> <span class='ocrx_word' id='word_1_145' title='bbox 932 2023 1090 2086; x_wconf 84' lang='lat' dir='ltr'>laetantes</span> <span class='ocrx_word' id='word_1_146' title='bbox 1112 2023 1147 2086; x_wconf 94' lang='lat' dir='ltr'>in</span> <span class='ocrx_word' id='word_1_147' title='bbox 1176 2045 1249 2087; x_wconf 90' lang='lat' dir='ltr'>con-</span> 
     </span>
    </p>

    <p class='ocr_par' dir='ltr' id='par_1_6' title="bbox 100 2119 1250 2311">
     <span class='ocr_line' id='line_1_18' title="bbox 100 2119 1250 2208; baseline 0.001 -21"><span class='ocrx_word' id='word_1_148' title='bbox 100 2119 145 2199; x_wconf 74' lang='grc' dir='ltr'>ἀς</span> <span class='ocrx_word' id='word_1_149' title='bbox 172 2122 344 2206; x_wconf 77' lang='grc' dir='ltr'><strong><em>φύλακας·</em></strong></span> <span class='ocrx_word' id='word_1_150' title='bbox 384 2120 474 2199; x_wconf 79' lang='grc' dir='ltr'><strong><em>ὅπως</em></strong></span> <span class='ocrx_word' id='word_1_151' title='bbox 501 2120 586 2207; x_wconf 83' lang='grc' dir='ltr'>τεὴ</span> <span class='ocrx_word' id='word_1_152' title='bbox 639 2124 788 2188; x_wconf 88' lang='lat' dir='ltr'>tubernio</span> <span class='ocrx_word' id='word_1_153' title='bbox 848 2122 970 2207; x_wconf 88' lang='lat' dir='ltr'>Deique</span> <span class='ocrx_word' id='word_1_154' title='bbox 1023 2124 1187 2208; x_wconf 80' lang='lat' dir='ltr'>magnalia</span> <span class='ocrx_word' id='word_1_155' title='bbox 1231 2149 1250 2188; x_wconf 89' lang='lat' dir='ltr'>a</span> 
     </span>
     <span class='ocr_line' id='line_1_19' title="bbox 100 2223 1248 2311; baseline 0.001 -23"><span class='ocrx_word' id='word_1_156' title='bbox 100 2226 228 2308; x_wconf 77' lang='grc' dir='ltr'><strong><em>απύίη</em></strong></span> <span class='ocrx_word' id='word_1_157' title='bbox 249 2223 480 2310; x_wconf 78' lang='grc' dir='ltr'><strong><em>ἀνεπετάσθη,</em></strong></span> <span class='ocrx_word' id='word_1_158' title='bbox 503 2223 588 2310; x_wconf 81' lang='grc' dir='ltr'><strong><em>πρὸς</em></strong></span> <span class='ocrx_word' id='word_1_159' title='bbox 640 2226 728 2290; x_wconf 85' lang='lat' dir='ltr'>vobis</span> <span class='ocrx_word' id='word_1_160' title='bbox 766 2225 947 2308; x_wconf 88' lang='lat' dir='ltr'>audientes,</span> <span class='ocrx_word' id='word_1_161' title='bbox 991 2225 1052 2309; x_wconf 85' lang='lat' dir='ltr'>ipsi</span> <span class='ocrx_word' id='word_1_162' title='bbox 1089 2225 1248 2311; x_wconf 81' lang='lat' dir='ltr'>prodigio-</span> 
     </span>
    </p>

    <p class='ocr_par' dir='ltr' id='par_1_7' title="bbox 100 2326 1250 2616">
     <span class='ocr_line' id='line_1_20' title="bbox 100 2326 1249 2409; baseline 0 -18"><span class='ocrx_word' id='word_1_163' title='bbox 100 2327 174 2391; x_wconf 81' lang='grc' dir='ltr'><strong><em>όλιν</em></strong></span> <span class='ocrx_word' id='word_1_164' title='bbox 207 2331 269 2392; x_wconf 83' lang='grc' dir='ltr'>τοῦ</span> <span class='ocrx_word' id='word_1_165' title='bbox 295 2331 381 2392; x_wconf 86' lang='grc' dir='ltr'><strong><em>θεοῦ</em></strong></span> <span class='ocrx_word' id='word_1_166' title='bbox 409 2326 587 2409; x_wconf 75' lang='grc' dir='ltr'><strong><em>ἀπάγουσα</em></strong></span> <span class='ocrx_word' id='word_1_167' title='bbox 639 2351 710 2391; x_wconf 90' lang='lat' dir='ltr'>rum</span> <span class='ocrx_word' id='word_1_168' title='bbox 733 2327 855 2391; x_wconf 87' lang='lat' dir='ltr'>auctori</span> <span class='ocrx_word' id='word_1_169' title='bbox 882 2327 972 2391; x_wconf 89' lang='lat' dir='ltr'>Patri</span> <span class='ocrx_word' id='word_1_170' title='bbox 995 2326 1064 2390; x_wconf 88' lang='lat' dir='ltr'>Deo</span> <span class='ocrx_word' id='word_1_171' title='bbox 1085 2349 1157 2391; x_wconf 90' lang='lat' dir='ltr'>eum</span> <span class='ocrx_word' id='word_1_172' title='bbox 1180 2329 1249 2392; x_wconf 89' lang='lat' dir='ltr'>uni-</span> 
     </span>
     <span class='ocr_line' id='line_1_21' title="bbox 120 2425 1250 2514; baseline -0.002 -19"><span class='ocrx_word' id='word_1_173' title='bbox 120 2426 219 2495; x_wconf 77' lang='grc' dir='ltr'><strong><em>Οὗτω</em></strong></span> <span class='ocrx_word' id='word_1_174' title='bbox 247 2430 312 2514; x_wconf 70' lang='lat' dir='ltr'>yde</span> <span class='ocrx_word' id='word_1_175' title='bbox 341 2425 429 2494; x_wconf 81' lang='grc' dir='ltr'><strong><em>οὕτω</em></strong></span> <span class='ocrx_word' id='word_1_176' title='bbox 463 2446 587 2494; x_wconf 89' lang='grc' dir='ltr'><strong><em>σννευ-</em></strong></span> <span class='ocrx_word' id='word_1_177' title='bbox 639 2430 750 2514; x_wconf 81' lang='lat' dir='ltr'>genito</span> <span class='ocrx_word' id='word_1_178' title='bbox 761 2428 842 2492; x_wconf 85' lang='lat' dir='ltr'>Filio</span> <span class='ocrx_word' id='word_1_179' title='bbox 865 2432 898 2492; x_wconf 89' lang='lat' dir='ltr'>ct</span> <span class='ocrx_word' id='word_1_180' title='bbox 912 2432 1024 2492; x_wconf 83' lang='lat' dir='ltr'>sancto</span> <span class='ocrx_word' id='word_1_181' title='bbox 1040 2428 1161 2512; x_wconf 83' lang='lat' dir='ltr'>Spiritu</span> <span class='ocrx_word' id='word_1_182' title='bbox 1183 2429 1250 2493; x_wconf 87' lang='lat' dir='ltr'>lau-</span> 
     </span>
     <span class='ocr_line' id='line_1_22' title="bbox 100 2528 1250 2616; baseline -0.002 -20"><span class='ocrx_word' id='word_1_183' title='bbox 100 2532 200 2616; x_wconf 76' lang='lat' dir='ltr'>ipevoe</span> <span class='ocrx_word' id='word_1_184' title='bbox 227 2536 269 2616; x_wconf 77' lang='grc' dir='ltr'>τῇ</span> <span class='ocrx_word' id='word_1_185' title='bbox 297 2533 449 2616; x_wconf 79' lang='grc' dir='ltr'><strong><em>κατοικία</em></strong></span> <span class='ocrx_word' id='word_1_186' title='bbox 473 2530 528 2595; x_wconf 77' lang='grc' dir='ltr'><strong><em>ἐπὶ</em></strong></span> <span class='ocrx_word' id='word_1_187' title='bbox 550 2528 587 2595; x_wconf 77' lang='lat' dir='ltr'>td</span> <span class='ocrx_word' id='word_1_188' title='bbox 640 2532 711 2595; x_wconf 88' lang='lat' dir='ltr'>dem</span> <span class='ocrx_word' id='word_1_189' title='bbox 742 2531 942 2595; x_wconf 87' lang='lat' dir='ltr'>concorditer</span> <span class='ocrx_word' id='word_1_190' title='bbox 971 2531 1158 2594; x_wconf 83' lang='lat' dir='ltr'>extollemus</span> <span class='ocrx_word' id='word_1_191' title='bbox 1193 2554 1250 2615; x_wconf 87' lang='lat' dir='ltr'>per</span> 
     </span>
    </p>

    <p class='ocr_par' dir='ltr' id='par_1_8' title="bbox 103 2631 1158 2718">
     <span class='ocr_line' id='line_1_23' title="bbox 103 2631 1158 2718; baseline -0.002 -20"><span class='ocrx_word' id='word_1_192' title='bbox 103 2635 159 2699; x_wconf 79' lang='lat' dir='ltr'>nal</span> <span class='ocrx_word' id='word_1_193' title='bbox 180 2631 244 2718; x_wconf 78' lang='grc' dir='ltr'><strong><em>τὴν</em></strong></span> <span class='ocrx_word' id='word_1_194' title='bbox 265 2633 504 2718; x_wconf 79' lang='grc' dir='ltr'><strong><em>μεγαλειότητα</em></strong></span> <span class='ocrx_word' id='word_1_195' title='bbox 527 2637 588 2697; x_wconf 89' lang='grc' dir='ltr'>τοῦ</span> <span class='ocrx_word' id='word_1_196' title='bbox 640 2634 766 2698; x_wconf 83' lang='lat' dir='ltr'>saecula</span> <span class='ocrx_word' id='word_1_197' title='bbox 789 2633 996 2697; x_wconf 82' lang='lat' dir='ltr'>saeculorum.</span> <span class='ocrx_word' id='word_1_198' title='bbox 1043 2634 1158 2697; x_wconf 82' lang='lat' dir='ltr'>Amen.</span> 
     </span>
    </p>

    <p class='ocr_par' dir='ltr' id='par_1_9' title="bbox 100 2733 586 2822">
     <span class='ocr_line' id='line_1_24' title="bbox 100 2733 586 2822; baseline -0.006 -21"><span class='ocrx_word' id='word_1_199' title='bbox 100 2733 166 2822; x_wconf 74' lang='grc' dir='ltr'><strong><em>κου’</em></strong></span> <span class='ocrx_word' id='word_1_200' title='bbox 190 2733 287 2821; x_wconf 80' lang='grc' dir='ltr'><strong><em>ὑμῶν</em></strong></span> <span class='ocrx_word' id='word_1_201' title='bbox 310 2734 502 2816; x_wconf 83' lang='grc' dir='ltr'><strong><em>ἀκούοντες,</em></strong></span> <span class='ocrx_word' id='word_1_202' title='bbox 526 2733 586 2799; x_wconf 80' lang='grc' dir='ltr'>αὐ-</span> 
     </span>
    </p>

    <p class='ocr_par' dir='ltr' id='par_1_10' title="bbox 114 2837 587 2924">
     <span class='ocr_line' id='line_1_25' title="bbox 114 2837 587 2924; baseline -0.008 -21"><span class='ocrx_word' id='word_1_203' title='bbox 114 2840 335 2924; x_wconf 77' lang='grc' dir='ltr'><strong><em>μεγαλουργῷ</em></strong></span> <span class='ocrx_word' id='word_1_204' title='bbox 355 2841 427 2922; x_wconf 80' lang='grc' dir='ltr'>θεῷ</span> <span class='ocrx_word' id='word_1_205' title='bbox 450 2837 506 2901; x_wconf 79' lang='grc' dir='ltr'>καί</span> <span class='ocrx_word' id='word_1_206' title='bbox 524 2859 587 2900; x_wconf 89' lang='grc' dir='ltr'><strong><em>πα-</em></strong></span> 
     </span>
    </p>

    <p class='ocr_par' dir='ltr' id='par_1_11' title="bbox 100 2937 590 3026">
     <span class='ocr_line' id='line_1_26' title="bbox 100 2937 590 3026; baseline -0.004 -22"><span class='ocrx_word' id='word_1_207' title='bbox 100 2965 127 3005; x_wconf 88' lang='grc' dir='ltr'>ια</span> <span class='ocrx_word' id='word_1_208' title='bbox 153 2945 199 3026; x_wconf 79' lang='grc' dir='ltr'>τῷ</span> <span class='ocrx_word' id='word_1_209' title='bbox 227 2949 407 3025; x_wconf 75' lang='grc' dir='ltr'><strong><em>μονονενεί</em></strong></span> <span class='ocrx_word' id='word_1_210' title='bbox 431 2939 494 3025; x_wconf 78' lang='grc' dir='ltr'>υἱῷ</span> <span class='ocrx_word' id='word_1_211' title='bbox 524 2937 590 3003; x_wconf 79' lang='grc' dir='ltr'><strong><em>συν</em></strong></span> 
     </span>
    </p>

    <p class='ocr_par' dir='ltr' id='par_1_12' title="bbox 100 3038 588 3127">
     <span class='ocr_line' id='line_1_27' title="bbox 100 3038 588 3127; baseline 0 -22"><span class='ocrx_word' id='word_1_212' title='bbox 100 3042 251 3127; x_wconf 73' lang='grc' dir='ltr'><strong><em>[νεύματι</em></strong></span> <span class='ocrx_word' id='word_1_213' title='bbox 266 3042 369 3119; x_wconf 79' lang='grc' dir='ltr'><strong><em>δόξαν</em></strong></span> <span class='ocrx_word' id='word_1_214' title='bbox 384 3038 588 3125; x_wconf 81' lang='grc' dir='ltr'><strong><em>ἀναπέμψω-</em></strong></span> 
     </span>
    </p>

    <p class='ocr_par' dir='ltr' id='par_1_13' title="bbox 100 3142 589 3230">
     <span class='ocr_line' id='line_1_28' title="bbox 100 3142 589 3230; baseline 0 -23"><span class='ocrx_word' id='word_1_215' title='bbox 100 3142 287 3230; x_wconf 79' lang='grc' dir='ltr'><strong><em>ιοθυμαδάν</em></strong></span> <span class='ocrx_word' id='word_1_216' title='bbox 308 3145 355 3220; x_wconf 85' lang='grc' dir='ltr'>είς</span> <span class='ocrx_word' id='word_1_217' title='bbox 369 3142 449 3218; x_wconf 83' lang='grc' dir='ltr'>τούς</span> <span class='ocrx_word' id='word_1_218' title='bbox 463 3144 589 3220; x_wconf 79' lang='grc' dir='ltr'><strong><em>αἰῶνας</em></strong></span> 
     </span>
    </p>

    <p class='ocr_par' dir='ltr' id='par_1_14' title="bbox 100 3244 368 3331">
     <span class='ocr_line' id='line_1_29' title="bbox 100 3244 368 3331; baseline 0.007 -24"><span class='ocrx_word' id='word_1_219' title='bbox 100 3246 215 3312; x_wconf 80' lang='grc' dir='ltr'><strong><em>ίάνων,</em></strong></span> <span class='ocrx_word' id='word_1_220' title='bbox 258 3244 368 3331; x_wconf 49' lang='grc' dir='ltr'><strong><em>Ἀμήν.</em></strong></span> 
     </span>
    </p>
   </div>
   <div class='ocr_carea' id='block_1_3' title="bbox 216 3555 1012 3792">
    <p class='ocr_par' dir='ltr' id='par_1_15' title="bbox 216 3555 1012 3792">
     <span class='ocr_line' id='line_1_30' title="bbox 429 3555 799 3630; baseline -0.005 -2"><span class='ocrx_word' id='word_1_221' title='bbox 429 3556 617 3630; x_wconf 70' lang='lat' dir='ltr'><strong>GELASH</strong></span> <span class='ocrx_word' id='word_1_222' title='bbox 643 3555 799 3629; x_wconf 81' lang='lat' dir='ltr'><strong>PAPAE</strong></span> 
     </span>
     <span class='ocr_line' id='line_1_31' title="bbox 216 3705 1012 3792; baseline -0.008 -1"><span class='ocrx_word' id='word_1_223' title='bbox 216 3709 568 3792; x_wconf 78' lang='lat' dir='ltr'><strong>EPISTOLARU</strong></span> <span class='ocrx_word' id='word_1_224' title='bbox 572 3710 617 3790; x_wconf 87' lang='lat' dir='ltr'>M</span> <span class='ocrx_word' id='word_1_225' title='bbox 645 3705 1012 3791; x_wconf 77' lang='lat' dir='ltr'><strong>FRAGMENTA.</strong></span> 
     </span>
    </p>
   </div>
   <div class='ocr_carea' id='block_1_4' title="bbox 448 3894 785 3999">
    <p class='ocr_par' dir='ltr' id='par_1_16' title="bbox 448 3894 785 3999">
     <span class='ocr_line' id='line_1_32' title="bbox 448 3894 785 3999; baseline -0.009 -21"><span class='ocrx_word' id='word_1_226' title='bbox 448 3894 728 3999; x_wconf 77' lang='lat' dir='ltr'>Fragmentum</span> <span class='ocrx_word' id='word_1_227' title='bbox 757 3895 785 3975; x_wconf 84' lang='lat'>1.</span> 
     </span>
    </p>
   </div>
   <div class='ocr_carea' id='block_1_5' title="bbox 349 4033 882 4099">
    <p class='ocr_par' dir='ltr' id='par_1_17' title="bbox 349 4033 882 4099">
     <span class='ocr_line' id='line_1_33' title="bbox 349 4033 882 4099; baseline -0.009 -15"><span class='ocrx_word' id='word_1_228' title='bbox 349 4036 388 4086; x_wconf 82' lang='lat' dir='ltr'>ne</span> <span class='ocrx_word' id='word_1_229' title='bbox 406 4037 572 4085; x_wconf 77' lang='lat' dir='ltr'>communione</span> <span class='ocrx_word' id='word_1_230' title='bbox 591 4035 753 4099; x_wconf 74' lang='lat' dir='ltr'>Eutychiana</span> <span class='ocrx_word' id='word_1_231' title='bbox 770 4033 882 4081; x_wconf 78' lang='lat' dir='ltr'>vitanda.</span> 
     </span>
    </p>
   </div>
   <div class='ocr_carea' id='block_1_6' title="bbox 134 4150 711 4218">
    <p class='ocr_par' dir='ltr' id='par_1_18' title="bbox 134 4150 711 4218">
     <span class='ocr_line' id='line_1_34' title="bbox 134 4150 711 4218; baseline -0.01 0"><span class='ocrx_word' id='word_1_232' title='bbox 134 4152 321 4218; x_wconf 83' lang='lat' dir='ltr'>Gelasins</span> <span class='ocrx_word' id='word_1_233' title='bbox 343 4151 521 4215; x_wconf 83' lang='lat' dir='ltr'>Johanni</span> <span class='ocrx_word' id='word_1_234' title='bbox 544 4150 711 4214; x_wconf 86' lang='lat' dir='ltr'>illustri.</span> 
     </span>
    </p>
   </div>
   <div class='ocr_carea' id='block_1_7' title="bbox 100 4260 1251 4458">
    <p class='ocr_par' dir='ltr' id='par_1_19' title="bbox 100 4260 1251 4458">
     <span class='ocr_line' id='line_1_35' title="bbox 101 4260 1249 4352; baseline -0.008 -16"><span class='ocrx_word' id='word_1_235' title='bbox 101 4295 229 4338; x_wconf 86' lang='lat' dir='ltr'>esacra</span> <span class='ocrx_word' id='word_1_236' title='bbox 250 4272 310 4336; x_wconf 87' lang='lat' dir='ltr'>tibi</span> <span class='ocrx_word' id='word_1_237' title='bbox 340 4271 560 4335; x_wconf 85' lang='lat' dir='ltr'>communione</span> <span class='ocrx_word' id='word_1_238' title='bbox 588 4267 808 4352; x_wconf 87' lang='lat' dir='ltr'>rescripsimus</span> <span class='ocrx_word' id='word_1_239' title='bbox 815 4316 824 4349; x_wconf 82' lang='lat'><em>‚</em></span> <span class='ocrx_word' id='word_1_240' title='bbox 854 4269 891 4329; x_wconf 90' lang='lat' dir='ltr'>ut</span> <span class='ocrx_word' id='word_1_241' title='bbox 917 4266 944 4329; x_wconf 87' lang='lat' dir='ltr'>si</span> <span class='ocrx_word' id='word_1_242' title='bbox 973 4268 1029 4328; x_wconf 87' lang='lat' dir='ltr'>tua</span> <span class='ocrx_word' id='word_1_243' title='bbox 1057 4260 1249 4345; x_wconf 84' lang='lat' dir='ltr'>sublimitas,</span> 
     </span>
     <span class='ocr_line' id='line_1_36' title="bbox 100 4362 1251 4458; baseline -0.011 -18"><span class='ocrx_word' id='word_1_244' title='bbox 100 4376 254 4440; x_wconf 85' lang='lat' dir='ltr'>tefaeere</span> <span class='ocrx_word' id='word_1_245' title='bbox 276 4396 334 4458; x_wconf 89' lang='lat' dir='ltr'>pro</span> <span class='ocrx_word' id='word_1_246' title='bbox 356 4376 413 4437; x_wconf 87' lang='lat' dir='ltr'>tua</span> <span class='ocrx_word' id='word_1_247' title='bbox 435 4373 467 4435; x_wconf 93' lang='lat' dir='ltr'>id</span> <span class='ocrx_word' id='word_1_248' title='bbox 489 4372 592 4434; x_wconf 86' lang='lat' dir='ltr'>salute</span> <span class='ocrx_word' id='word_1_249' title='bbox 621 4372 813 4434; x_wconf 87' lang='lat' dir='ltr'>conveniens</span> <span class='ocrx_word' id='word_1_250' title='bbox 843 4371 906 4449; x_wconf 89' lang='lat' dir='ltr'>est,</span> <span class='ocrx_word' id='word_1_251' title='bbox 936 4367 1031 4429; x_wconf 89' lang='lat' dir='ltr'>fidem</span> <span class='ocrx_word' id='word_1_252' title='bbox 1061 4362 1251 4428; x_wconf 85' lang='lat' dir='ltr'>catholicam</span> 
     </span>
    </p>
   </div>
   <div class='ocr_carea' id='block_1_8' title="bbox 100 4546 1252 5041">
    <p class='ocr_par' dir='ltr' id='par_1_20' title="bbox 100 4546 1252 4966">
     <span class='ocr_line' id='line_1_37' title="bbox 103 4546 1250 4628; baseline -0.011 -13"><span class='ocrx_word' id='word_1_253' title='bbox 103 4559 209 4626; x_wconf 83' lang='lat' dir='ltr'>Nescio,</span> <span class='ocrx_word' id='word_1_254' title='bbox 229 4577 277 4614; x_wconf 85' lang='lat' dir='ltr'>cur</span> <span class='ocrx_word' id='word_1_255' title='bbox 295 4559 396 4614; x_wconf 84' lang='lat' dir='ltr'>clariss.</span> <span class='ocrx_word' id='word_1_256' title='bbox 410 4557 501 4628; x_wconf 83' lang='lat' dir='ltr'>Majus</span> <span class='ocrx_word' id='word_1_257' title='bbox 519 4558 569 4611; x_wconf 83' lang='lat' dir='ltr'>hae</span> <span class='ocrx_word' id='word_1_258' title='bbox 587 4556 688 4611; x_wconf 87' lang='lat' dir='ltr'>codicis</span> <span class='ocrx_word' id='word_1_259' title='bbox 706 4572 787 4611; x_wconf 85' lang='lat' dir='ltr'>voces</span> <span class='ocrx_word' id='word_1_260' title='bbox 805 4554 863 4610; x_wconf 76' lang='lat' dir='ltr'>nul</span> <span class='ocrx_word' id='word_1_261' title='bbox 881 4550 983 4621; x_wconf 79' lang='grc' dir='ltr'><strong><em>πιστὴ</em></strong></span> <span class='ocrx_word' id='word_1_262' title='bbox 1002 4546 1088 4620; x_wconf 64' lang='lat' dir='ltr'>dodi}</span> <span class='ocrx_word' id='word_1_263' title='bbox 1107 4549 1135 4603; x_wconf 89' lang='lat' dir='ltr'>in</span> <span class='ocrx_word' id='word_1_264' title='bbox 1153 4565 1250 4604; x_wconf 85' lang='lat' dir='ltr'>vocem</span> 
     </span>
     <span class='ocr_line' id='line_1_38' title="bbox 100 4634 1251 4716; baseline -0.007 -18"><span class='ocrx_word' id='word_1_265' title='bbox 100 4645 172 4716; x_wconf 73' lang='grc' dir='ltr'>ιερά</span> <span class='ocrx_word' id='word_1_266' title='bbox 198 4645 321 4698; x_wconf 84' lang='lat' dir='ltr'>mutarit.</span> <span class='ocrx_word' id='word_1_267' title='bbox 358 4644 430 4697; x_wconf 81' lang='lat' dir='ltr'>Nam</span> <span class='ocrx_word' id='word_1_268' title='bbox 449 4644 546 4711; x_wconf 83' lang='lat' dir='ltr'>aperte</span> <span class='ocrx_word' id='word_1_269' title='bbox 569 4642 613 4695; x_wconf 87' lang='lat' dir='ltr'>hic</span> <span class='ocrx_word' id='word_1_270' title='bbox 631 4640 756 4695; x_wconf 75' lang='lat' dir='ltr'>Gelenius</span> <span class='ocrx_word' id='word_1_271' title='bbox 778 4638 856 4692; x_wconf 85' lang='lat' dir='ltr'>illum</span> <span class='ocrx_word' id='word_1_272' title='bbox 879 4635 1034 4690; x_wconf 85' lang='lat' dir='ltr'>mirabilem</span> <span class='ocrx_word' id='word_1_273' title='bbox 1057 4639 1144 4689; x_wconf 74' lang='lat' dir='ltr'>rubum</span> <span class='ocrx_word' id='word_1_274' title='bbox 1161 4634 1251 4690; x_wconf 79' lang='lat' dir='ltr'>Exodi</span> 
     </span>
     <span class='ocr_line' id='line_1_39' title="bbox 100 4717 1251 4799; baseline -0.01 -16"><span class='ocrx_word' id='word_1_275' title='bbox 100 4729 176 4799; x_wconf 86' lang='lat' dir='ltr'>picit,</span> <span class='ocrx_word' id='word_1_276' title='bbox 206 4728 253 4796; x_wconf 89' lang='lat' dir='ltr'>qui</span> <span class='ocrx_word' id='word_1_277' title='bbox 277 4731 309 4782; x_wconf 88' lang='lat' dir='ltr'>ut</span> <span class='ocrx_word' id='word_1_278' title='bbox 331 4727 396 4781; x_wconf 87' lang='lat' dir='ltr'>olim</span> <span class='ocrx_word' id='word_1_279' title='bbox 414 4728 502 4796; x_wconf 80' lang='lat' dir='ltr'>Moysi</span> <span class='ocrx_word' id='word_1_280' title='bbox 524 4728 565 4780; x_wconf 90' lang='lat' dir='ltr'>ita</span> <span class='ocrx_word' id='word_1_281' title='bbox 582 4742 653 4780; x_wconf 89' lang='lat' dir='ltr'>nuno</span> <span class='ocrx_word' id='word_1_282' title='bbox 675 4722 800 4777; x_wconf 85' lang='lat' dir='ltr'>fidelibus</span> <span class='ocrx_word' id='word_1_283' title='bbox 825 4738 922 4777; x_wconf 89' lang='lat' dir='ltr'>vocem</span> <span class='ocrx_word' id='word_1_284' title='bbox 945 4718 1119 4774; x_wconf 86' lang='lat' dir='ltr'>liberationis</span> <span class='ocrx_word' id='word_1_285' title='bbox 1137 4718 1172 4773; x_wconf 90' lang='lat' dir='ltr'>de</span> <span class='ocrx_word' id='word_1_286' title='bbox 1190 4717 1251 4772; x_wconf 68' lang='lat' dir='ltr'>dno</span> 
     </span>
     <span class='ocr_line' id='line_1_40' title="bbox 100 4800 1252 4878; baseline -0.011 -11"><span class='ocrx_word' id='word_1_287' title='bbox 100 4821 146 4870; x_wconf 84' lang='lat' dir='ltr'>ate</span> <span class='ocrx_word' id='word_1_288' title='bbox 164 4814 268 4868; x_wconf 88' lang='lat' dir='ltr'>ederet.</span> <span class='ocrx_word' id='word_1_289' title='bbox 306 4811 357 4876; x_wconf 82' lang='lat' dir='ltr'>Qui</span> <span class='ocrx_word' id='word_1_290' title='bbox 375 4813 460 4866; x_wconf 85' lang='lat' dir='ltr'>rubus</span> <span class='ocrx_word' id='word_1_291' title='bbox 478 4813 506 4865; x_wconf 91' lang='lat' dir='ltr'>in</span> <span class='ocrx_word' id='word_1_292' title='bbox 524 4811 649 4867; x_wconf 87' lang='lat' dir='ltr'>versione</span> <span class='ocrx_word' id='word_1_293' title='bbox 668 4807 853 4878; x_wconf 79' lang='lat' dir='ltr'>Septuaginta</span> <span class='ocrx_word' id='word_1_294' title='bbox 871 4800 975 4876; x_wconf 77' lang='grc' dir='ltr'><strong><em>βάτος</em></strong></span> <span class='ocrx_word' id='word_1_295' title='bbox 997 4805 1179 4872; x_wconf 86' lang='lat' dir='ltr'>nuncupatus,</span> <span class='ocrx_word' id='word_1_296' title='bbox 1196 4818 1252 4855; x_wconf 84' lang='lat' dir='ltr'>aer·</span> 
     </span>
     <span class='ocr_line' id='line_1_41' title="bbox 100 4889 1039 4966; baseline -0.007 -15"><span class='ocrx_word' id='word_1_297' title='bbox 100 4899 247 4966; x_wconf 75' lang='lat' dir='ltr'>matidiano</span> <span class='ocrx_word' id='word_1_298' title='bbox 266 4915 317 4966; x_wconf 89' lang='lat' dir='ltr'>per</span> <span class='ocrx_word' id='word_1_299' title='bbox 335 4898 478 4966; x_wconf 83' lang='lat' dir='ltr'>emphasin</span> <span class='ocrx_word' id='word_1_300' title='bbox 496 4897 576 4950; x_wconf 82' lang='lat' dir='ltr'>saeile</span> <span class='ocrx_word' id='word_1_301' title='bbox 593 4915 655 4949; x_wconf 78' lang='grc' dir='ltr'><strong><em>νοοο</em></strong></span> <span class='ocrx_word' id='word_1_302' title='bbox 672 4891 766 4962; x_wconf 57' lang='lat' dir='ltr'>(podir)</span> <span class='ocrx_word' id='word_1_303' title='bbox 785 4889 921 4962; x_wconf 85' lang='lat' dir='ltr'>appellari</span> <span class='ocrx_word' id='word_1_304' title='bbox 937 4889 1039 4960; x_wconf 84' lang='lat' dir='ltr'>potuit</span> 
     </span>
    </p>

    <p class='ocr_par' dir='ltr' id='par_1_21' title="bbox 1034 4974 1100 5041">
     <span class='ocr_line' id='line_1_42' title="bbox 1034 4974 1100 5041; baseline -0.03 0"><span class='ocrx_word' id='word_1_305' title='bbox 1034 4974 1100 5041; x_wconf 86' lang='lat'>31*</span> 
     </span>
    </p>
   </div>
   <div class='ocr_carea' id='block_1_9' title="bbox 0 0 1606 5506">
    <p class='ocr_par' dir='ltr' id='par_1_22' title="bbox 0 0 1606 5506">
     <span class='ocr_line' id='line_1_43' title="bbox 0 0 1606 5506; baseline 0 0"><span class='ocrx_word' id='word_1_306' title='bbox 0 0 1606 5506; x_wconf 95' lang='lat' dir='ltr'> </span> 
     </span>
    </p>
   </div>
  </div>
 </body>
</html>
