3204 5506
636 375 835 424 srtsrocnn
851 367 879 424 5.
1351 363 1392 428 91

176 536 229 592 dnn
241 537 394 594 absolutionis
412 541 603 611 meorumue,
626 537 679 593 boc
699 547 741 594 ost
761 554 828 611 qnae
844 556 939 613 papam
959 539 1117 603 absolverat,
1140 538 1259 596 libellum
1275 544 1393 597 conscri-

68 688 72 700 ,
171 619 255 677 beent
287 621 325 679 Sin
343 631 430 679 sutem
452 620 587 694 subjectas
608 621 789 696 expendamus
809 622 1037 698 subscriptiones,
1059 633 1127 698 quet
1148 626 1175 680 in
1196 627 1234 680 eis
1256 624 1393 681 mendacia

162 707 310 781 detegemus?
345 708 401 786 lam
421 706 514 764 Binins
536 716 599 782 post
619 708 762 764 baronium
784 707 994 772 observantem
1016 709 1260 785 subscriptionibus
1282 712 1391 784 quintae

156 792 244 867 synodi
252 792 366 868 plurimos
380 792 533 850 orientales
545 795 685 857 nominari,
709 797 760 867 qui
773 798 894 852 conscilio
911 796 1141 852 Calabedonensi
1159 803 1227 852 ante
1242 814 1335 853 artroos
1350 797 1390 852 52

149 878 332 949 interfuerunt,
353 885 380 934 et
399 896 522 952 qnorum
541 887 606 952 post
628 881 669 937 10
684 897 777 936 annos
797 900 816 936 a
838 888 964 952 ternpore
979 883 1049 937 dicti
1062 885 1177 938 concilii
1191 884 1272 938 nodia
1288 886 1391 938 morolio

146 959 288 1036 mundior.
316 962 366 1019 Sed
386 970 415 1020 et
433 964 458 1020 si
478 961 690 1039 subscriptiones
711 966 901 1039 episcoporum
922 966 1049 1021 italorum
1070 964 1191 1036 ejusdem
1212 966 1390 1040 synodicum

140 1049 197 1105 aliis
210 1049 363 1123 geminarum
382 1048 550 1123 synodorum
571 1049 755 1112 conderemus,
777 1050 907 1124 pleraque
926 1051 1031 1107 sodinrn
1052 1053 1159 1107 nomina
1180 1060 1315 1124 corrupta,
1339 1068 1389 1107 nec

134 1150 232 1209 paneas
249 1133 383 1197 ecclesias,
410 1150 525 1209 quarum
545 1136 671 1210 ‘episcopi
692 1136 750 1191 neti
770 1152 800 1191 ac
820 1137 887 1192 certi
908 1145 980 1198 sunt,
1007 1136 1100 1192 alienis
1121 1135 1263 1193 attributas
1283 1153 1391 1211 compc-

130 1221 240 1276 riennes.
269 1216 400 1287 Quorsum
421 1236 485 1275 nero
502 1218 582 1275 italae
602 1219 700 1295 synodi
720 1220 891 1276 virnlicandac
911 1223 997 1296 gratia
1020 1229 1061 1277 tot
1076 1221 1193 1277 Orientis
1209 1223 1329 1295 episcopi
1346 1240 1391 1277 vo·

127 1305 202 1360 usti?
234 1302 301 1360 lium
320 1305 476 1361 Anastasius
497 1306 644 1379 imperator
659 1306 809 1362 laacreticus
829 1307 880 1380 ipsi
903 1323 986 1381 papae
1002 1306 1069 1362 adeo
1085 1306 1206 1362 infensus
1223 1314 1265 1362 tot
1280 1305 1389 1362 Ronrarn

123 1389 266 1446 weilnere
279 1390 464 1464 permisisset?
510 1392 564 1446 but
578 1392 602 1447 si
617 1392 792 1465 permisisset,
809 1408 842 1447 an
858 1400 885 1447 ct
901 1392 928 1448 bi
943 1391 976 1448 de
991 1391 1072 1448 relius
1088 1392 1214 1455 Orientis,
1231 1408 1299 1465 qnae
1315 1391 1390 1447 valde

120 1469 299 1550 perturbatus
313 1483 397 1538 erant,
412 1477 522 1550 penitus
537 1475 695 1533 siluissent?

211 1586 263 1644 10.
296 1584 345 1642 Vel
366 1584 432 1643 baec
457 1588 586 1662 temperis
611 1595 675 1644 neta
699 1596 766 1659 post
792 1591 972 1646 consulatum
992 1590 1093 1645 Aniena·
1112 1576 1175 1645 XV
1190 1589 1390 1644 Kalendarum

118 1671 327 1728 Novembrium
338 1672 498 1729 Indictione
513 1690 599 1744 arona,
615 1674 721 1747 synodo
737 1675 846 1747 quintae
861 1672 912 1728 snb
927 1673 1085 1746 Symnraclro
1102 1674 1128 1728 in
1145 1672 1280 1730 veteribus
1295 1671 1389 1728 lsidori

117 1754 330 1831 exemplaribus,
352 1773 420 1830 qnae
433 1756 492 1813 sela
505 1757 577 1814 illam
596 1758 731 1821 exhibent.
752 1758 869 1836 praolrpa
886 1758 1007 1814 fraudem
1022 1758 1189 1814 manifestam
1206 1758 1294 1814 habet.
1325 1758 1389 1813 Nam

117 1844 211 1916 primo
225 1840 302 1898 istud
321 1842 390 1898 Post
407 1846 590 1900 consonatum
603 1844 706 1900 Avieni
724 1845 866 1918 negotium
883 1844 953 1912 lacit,
977 1860 1025 1900 nec
1046 1843 1079 1899 de
1101 1860 1155 1917 qno
1172 1845 1272 1900 brieno
1288 1842 1389 1899 dietum

116 1929 166 1989 sit,
189 1927 297 1983 animus
312 1925 537 1999 iaciledljmlieat.
568 1926 596 1983 ld
617 1927 726 2003 quidem
747 1928 865 1985 editores
886 1929 1072 1991 conciliorum.
1093 1928 1157 1984 alum
1177 1929 1297 2002 quintam
1318 1928 1389 1984 illam

117 2010 262 2086 synodum
276 2027 344 2068 anne
360 2011 421 2070 503
436 2011 552 2087 illigant,
568 2012 602 2069 de
617 2015 718 2071 brieno
730 2013 839 2084 juniore
854 2016 1026 2087 interpretari
1042 2032 1072 2069 se
1092 2014 1179 2087 palam
1195 2013 1305 2069 iaciunt.
1337 2012 1388 2068 Sed

119 2099 143 2152 si
160 2098 202 2152 ita
215 2103 270 2159 est.
290 2113 372 2170 quum
392 2097 522 2172 synodus,
545 2115 597 2173 qua
612 2098 789 2174 Symmachus
806 2098 946 2155 absolutus
968 2101 1027 2161 luit,
1049 2107 1155 2172 quaarta
1177 2097 1209 2153 ab
1224 2097 1328 2154 isidoro
1344 2115 1390 2170 ap·

120 2180 253 2255 pellatur,
269 2198 435 2255 consequens
451 2191 517 2247 crat,
540 2191 570 2240 ut
587 2200 656 2246 onae
671 2186 910 2257 Aaicroo‘jnniore
926 2188 1043 2241 consule
1059 2183 1147 2239 babitu
1163 2191 1213 2246 est,
1236 2187 1344 2256 quoinde,
1362 2191 1389 2237 et

122 2267 203 2328 baec,
223 2282 304 2340 quam
318 2266 436 2324 isidorus
449 2275 516 2339 post
531 2272 712 2326 eonndatnm
726 2271 829 2327 alniensi
843 2271 956 2331 notavit.
980 2277 1065 2326 scala
1082 2276 1294 2341 nuncuparetur.
1326 2265 1389 2322 {nile

125 2352 214 2425 igitur
228 2350 288 2407 inlsi
308 2355 476 2409 conducitur
491 2371 545 2410 non
566 2353 648 2410 modo
670 2355 765 2411 titulus
786 2354 884 2429 synodi
901 2363 969 2427 post
990 2356 1171 2412 consulatum
1186 2356 1287 2409 Anioni
1301 2353 1390 2407 consi·

128 2443 237 2509 gnatae
253 2445 381 2510 quatenus
396 2437 489 2494 eadem
501 2439 622 2513 synodus
637 2438 670 2495 ab
681 2439 784 2496 isidoro
800 2444 900 2514 quinta
915 2438 1078 2501 inscribitur,
1094 2456 1176 2512 quum
1192 2446 1266 2493 sexta
1278 2436 1389 2493 dicenda

131 2525 415 2582 mastrucarum
436 2523 590 2597 primarium
611 2525 670 2596 eins
691 2524 838 2586 decretum,
860 2525 1050 2598 quoepiscopi
1070 2525 1098 2581 in
1120 2541 1150 2579 ca
1171 2522 1285 2597 synode,
1310 2539 1389 2597 qnam

135 2609 264 2678 quintam
277 2617 357 2671 vocat.
371 2609 493 2665 sanxisse
508 2617 657 2683 ponuntur,
680 2619 709 2666 nt
732 2608 838 2666 libellus
861 2609 973 2668 dntaodii
993 2614 1070 2666 inter
1090 2616 1215 2682 astartae
1230 2618 1257 2665 et
1272 2611 1391 2682 quintae

139 2693 306 2762 mederum
324 2702 489 2752 nostrarum
509 2698 640 2752 actiones
659 2699 873 2767 interponatur.
904 2694 936 2750 Et
958 2711 1021 2750 vere
1043 2694 1115 2750 lrnnc
1135 2692 1254 2751 libellum
1270 2693 1389 2750 isidorus

143 2791 198 2830 non
210 2775 416 2851 interspuodum
432 2779 534 2835 Avieno
545 2779 655 2850 juniore
670 2780 782 2836 consule
810 2778 924 2835 habitam
945 2778 993 2835 sed
1014 2781 1084 2835 inter
1104 2796 1170 2842 carn,
1194 2797 1261 2853 qnae
1280 2779 1389 2834 Fausto

147 2862 246 2916 brieno
258 2863 360 2919 consule
374 2863 508 2920 celebrata
523 2872 574 2928 cst,
597 2874 625 2921 ct
640 2882 706 2927 eam,
728 2881 807 2937 quam
821 2872 886 2937 post
902 2867 1082 2921 corrsnlatum
1099 2864 1199 2920 Ariani
1213 2840 1388 2937 praenetlrin

150 2943 303 3017 interposuit.
330 2948 413 3004 Nemo
430 2950 510 3006 ctiam
526 2966 581 3006 non
597 2949 679 3014 videt,
700 2951 722 3006 si
738 2951 781 3005 cui
796 2949 901 3025 synodo
917 2949 1089 3024 approbanda
1104 2948 1256 3005 Errnodiana
1279 2956 1389 3021 ‹prrarrtae

153 3027 240 3099 smmi
256 3029 385 3108 apologia,
412 3032 439 3089 id
457 3035 485 3108 ei
504 3033 708 3108 praestandum,
731 3051 800 3108 quae
819 3037 942 3108 proximo
964 3052 1033 3091 atino
1055 3033 1143 3090 lrabita
1164 3042 1214 3096 est,
1237 3051 1290 3088 nrm
1312 3032 1388 3087 alteri

156 3109 250 3169 imnum
262 3125 317 3188 post
330 3117 479 3175 celebratae
495 3118 579 3175 luisse
599 3118 768 3175 serrandum.
808 3119 864 3175 llos
883 3121 969 3193 ipsum
990 3117 1131 3175 confirmat
1152 3125 1179 3173 et
1194 3116 1327 3192 generalis
1343 3115 1389 3171 lsi·

75 3230 80 3237 ·
160 3195 296 3265 dediudsx.
313 3204 340 3259 in
360 3220 416 3278 quo
431 3203 553 3277 synodus
573 3205 685 3261 Fausto
700 3208 807 3261 Aniena
822 3209 937 3262 seniore
951 3207 1069 3261 contrade
1091 3203 1178 3258 babitu
1198 3204 1312 3276 pdnrnrn
1328 3218 1389 3273 per·

164 3282 282 3355 sinatur
293 3287 330 3344 bis
345 3288 448 3345 verbis:
478 3291 605 3346 Decreta
620 3292 768 3363 syrrodica,
786 3292 835 3347 ubi
853 3298 939 3347 totam
955 3306 1075 3367 carosam
1090 3290 1146 3344 ilci
1153 3289 1268 3360 judicio
1284 3293 1389 3342 sancta

68 3404 71 3413 ·
165 3369 267 3436 modes
278 3382 401 3431 reseratu
416 3381 472 3430 etc.
498 3374 566 3430 'inm
581 3373 736 3446 subjicitur:
758 3376 887 3432 Decreta
908 3377 1046 3447 synodica
1069 3376 1105 3430 ab
1121 3373 1251 3429 Eronodio
1266 3374 1389 3428 diacono

68 3450 70 3457 ¹
167 3462 292 3525 milesio
309 3467 334 3514 at
353 3463 530 3516 auctoritate
543 3464 693 3517 memorati
707 3460 872 3534 Symmucbi
889 3477 987 3532 papae
1003 3467 1090 3532 atque
1105 3463 1226 3515 omnium
1241 3462 1389 3530 episcopo·

68 3586 72 3623 Ι
170 3550 228 3601 ΠΙ,
239 3543 277 3610 ssi
291 3546 316 3599 in
330 3547 457 3601 eamdem
472 3547 609 3618 synodum
626 3561 796 3616 conuenere,
817 3549 938 3617 scripte,
956 3553 983 3601 et
995 3545 1172 3617 postmodnm
1187 3548 1216 3599 in
1232 3551 1390 3615 conspectu

68 3642 71 3673 2
171 3632 247 3676 ‘mn
261 3631 369 3687 anniam
389 3633 514 3687 recitata
535 3639 622 3704 atque
642 3632 815 3704 approbata,
836 3633 978 3705 dipaaqne
1001 3633 1037 3686 ab
1059 3631 1188 3687 omatibus
1206 3632 1293 3685 tande
1309 3630 1390 3684 roba·

174 3711 232 3773 ΓΜ,
244 3710 363 3771 adrasus
377 3731 436 3785 ees,
458 3719 508 3789 qttt‘
529 3723 631 3773 contra
646 3709 836 3788 praemissam
857 3718 995 3788 synodum
1017 3712 1084 3784 (scil.
1102 3731 1171 3770 anno
1188 3714 1245 3770 501
1264 3712 1391 3784 babitans)

174 3790 541 3873 “fibupraesumpsernnt
565 3808 596 3858 nt
616 3817 671 3858 nee
690 3804 725 3858 de
748 3804 925 3873 apostolicae
945 3803 1022 3857 sedis
1040 3803 1178 3872 prraesade
1201 3815 1255 3854 nec
1276 3800 1311 3854 de
1334 3802 1391 3854 utto

176 3888 269 3945 ”lm
284 3890 405 3959 irrupere
431 3890 568 3959 episeopo
591 3890 662 3943 talia
688 3895 926 3959 praesumuntur,
955 3889 1053 3959 quaetio
1075 3887 1110 3941 de
1124 3888 1191 3957 jam
1211 3886 1287 3940 dieto
1311 3885 1390 3956 Syn-

176 3959 250 4018 wbt
264 3983 332 4043 papa
345 3978 547 4044 praesumpta.
576 3970 677 4027 Exinde
698 3973 819 4045 proxime
839 3973 977 4045 sequitur:
995 3972 1123 4027 Decreta
1142 3972 1289 4041 praedicti
1312 3968 1390 4039 Spao-

177 4044 247 4101 “ilt'
256 4067 342 4127 nepae
363 4059 407 4114 eei
425 4057 562 4129 praesnti
580 4060 677 4113 saneti
695 4059 810 4113 concilii
833 4052 921 4128 (cujus
943 4057 1001 4112 scil.
1024 4057 1185 4111 auctoritate
1207 4063 1234 4111 et
1255 4052 1391 4109 [innodius

68 4170 71 4187 ·
177 4126 279 4200 ”lilim
290 4148 314 4196 st
326 4143 411 4216 ipsius
425 4143 557 4216 scripturn
572 4140 749 4216 approbatum
765 4159 824 4197 esse
840 4158 901 4197 mox
917 4140 1066 4212 dicebatur)
1092 4143 1392 4213 snperepiscoporum

178 4210 394 4284 biduanensem.
432 4225 501 4283 ilinc
520 4226 586 4282 illud
600 4235 666 4298 post
682 4229 862 4284 consulatum
877 4230 979 4284 Aoirni
997 4225 1031 4281 de
1047 4226 1138 4281 Avieni
1156 4224 1273 4294 junioris
1295 4240 1393 4277 eonsn-

68 4304 72 4367 '.
178 4291 266 4358 latam
276 4306 303 4365 de
316 4327 385 4369 mne
397 4310 458 4370 503
478 4313 650 4386 interpretari
666 4328 720 4368 non
742 4312 822 4368 licere
838 4313 1010 4386 perspicuum
1025 4319 1076 4367 cst.
1105 4310 1224 4382 lienique
1240 4309 1333 4382 quinta
1348 4307 1394 4362 illa

178 4383 297 4450 ³r1dnts
315 4395 450 4453 veteribus
463 4395 559 4452 isidori
582 4395 720 4453 codicibus
741 4405 768 4453 et
788 4396 921 4453 lnlronte
936 4405 965 4452 et
980 4394 1012 4451 ad
1028 4396 1126 4451 calcem
1141 4396 1301 4451 indictione
1317 4412 1393 4449 narra

68 4512 71 4533 .
178 4469 317 4544 mquam.
342 4481 413 4537 liaec
427 4489 516 4537 autem
531 4480 643 4538 indictio
660 4499 713 4537 non
730 4491 793 4556 post
807 4482 978 4538 consulatum
995 4482 1087 4536 beleni
1100 4479 1226 4550 junioris.
1243 4480 1293 4534 lroe
1310 4481 1409 4551 estin

179 4561 250 4641 m
261 4559 318 4629 ⁵03,
332 4566 379 4623 sed
394 4568 423 4623 in
438 4567 583 4640 ipsummet
599 4568 691 4623 Anioni
706 4568 821 4624 senioris
836 4567 1017 4629 consulatum,
1034 4566 1087 4621 lroc
1101 4573 1143 4620 est
1165 4566 1192 4619 in
1208 4581 1307 4620 antrum
1324 4565 1394 4626 501,

178 4635 282 4703 menn

68 4738 75 4835 r,
240 4751 277 4813 ll·
300 4757 427 4829 Quocirca
446 4777 497 4818 nee
518 4761 618 4819 bandis
643 4771 734 4819 notam
755 4780 785 4819 ac
807 4762 893 4819 labem
913 4762 1070 4836 abstergere
1094 4761 1186 4824 valeat,
1208 4763 1231 4816 si
1253 4762 1313 4834 qnis
1329 4759 1395 4815 illud

68 4828 76 4941 J
177 4839 508 4906 miseratamiserata·
530 4847 564 4904 dc
580 4848 680 4904 Avieno
701 4849 808 4905 seniore
829 4851 1017 4922 interpretans,
1040 4847 1159 4921 quintatn
1175 4846 1247 4902 illam
1262 4844 1395 4919 synodum

68 4970 72 4993 ι
179 4911 290 4986 dunum
301 4930 360 4992 502
380 4932 491 4992 ruerat
523 4931 577 4990 Sed
597 4942 625 4990 ct
640 4935 668 4990 In
683 4933 732 4989 ana
753 4941 877 4991 occurret
898 4931 1078 4996 incommoda,
1100 4950 1115 4988 a
1130 4930 1226 5007 quibus
1241 4948 1301 4987 sese
1317 4947 1396 5003 espe-
