3204 5506
557 344 751 393 arrsroaan
777 331 959 393 111-113.
1323 321 1394 390 ‘913

118 500 201 586 quid
222 498 301 563 mihi
329 499 455 584 gratiae
483 498 657 584 dignanter
683 496 884 582 impenditis,
914 496 948 560 in
977 495 1183 560 ecclesiarum
1210 493 1521 574 defensioneaaeo.)

119 602 320 667 monstratis.

208 704 240 767 2.
275 701 337 768 Sed
358 707 394 766 ut
417 703 457 767 ad
479 702 528 787 id,
552 703 636 787 quod
658 702 812 767 celsitudo
834 705 940 767 vestra
961 701 1137 784 desiderat,
1161 703 1271 766 noster
1292 722 1396 767 sermo

121 806 294 890 dirigatur,
319 825 511 889 quamquam
526 808 559 870 et
575 804 839 870 clementissimus
855 804 1029 889 imperator
1044 807 1076 868 et
1090 825 1147 868 vos
1166 804 1364 889 promittatis
1370 803 1397 891 ²)
1410 827 1454 880 ep.
1466 813 1522 864 108.

121 907 321 993 legationem
343 928 411 971 esse
434 910 618 991 venturam,
647 911 680 971 et
702 907 735 971 id
759 928 831 973 cum
852 907 977 971 ratione
1000 905 1201 990 convenerit,
1232 908 1400 971 uteorum

123 1009 180 1095 qui
203 1009 363 1095 dirigendi
385 1012 462 1073 sunt
484 1031 579 1094 super
603 1009 751 1073 omnibus
779 1031 838 1074 nos
866 1009 1009 1074 decuerit
1037 1011 1222 1093 exspectare
1250 1029 1400 1092 praesen-

123 1112 221 1176 tiam:
250 1115 359 1176 tamen
381 1112 457 1196 quia
478 1113 607 1197 gratum
629 1112 723 1176 nobis
745 1117 794 1177 est
819 1111 970 1196 studium,
994 1111 1078 1196 quod
1100 1111 1185 1175 circa
1211 1111 1400 1196 religionem

124 1234 182 1277 ros
205 1212 324 1277 habere
346 1212 544 1297 declarastis,
567 1235 631 1278 non
656 1217 773 1299 gravat
793 1214 972 1299 praelibare
994 1212 1140 1295 dicendo,
1162 1235 1229 1277 non
1251 1235 1341 1297 opus,
1364 1217 1401 1277 ut

125 1314 340 1380 stabilitatem
360 1315 435 1380 fidei
458 1318 582 1380 vestrae
605 1316 828 1403 intentionisi)
850 1316 1073 1401 potiusquam
1094 1314 1229 1379 rationis
1250 1335 1401 1399 sequaces

125 1418 257 1502 procaci
285 1418 453 1482 verborum
486 1418 630 1482 novitate
664 1419 875 1484 confundant.
926 1417 1046 1483 Sancta
1073 1417 1216 1481 Trinitas
1244 1417 1342 1481 Pater
1369 1419 1402 1480 et

125 1519 227 1584 Filius
251 1522 283 1583 et
305 1518 443 1604 Spiritus
466 1522 596 1584 sanctus
619 1542 702 1585 unus
730 1524 780 1585 est
801 1520 899 1585 Deus.
944 1519 1041 1584 Hanc
1067 1518 1168 1583 lsrael
1192 1519 1300 1602 jussus
1328 1518 1401 1582 ado·

95 1670 97 1675 ·
125 1643 217 1704 rare,
248 1621 338 1704 cujus
360 1621 584 1707 inseparabilis
607 1624 639 1684 et
661 1622 835 1687 indiscreta
857 1622 1039 1688 substantia
1061 1643 1126 1685 non
1154 1623 1261 1705 potest
1291 1621 1399 1703 dividi,

126 1746 195 1789 non
217 1725 325 1807 potest
346 1724 503 1808 sacrilega
526 1724 731 1789 distinctione
754 1725 907 1809 separari,
932 1727 1059 1788 servata
1081 1727 1191 1787 tamen
1206 1723 1403 1808 proprietate

126 1848 187 1891 sua
209 1825 379 1909 unicuique
401 1846 568 1909 personae.
613 1825 703 1891 Haec
725 1827 855 1891 interim
884 1825 1137 1891 commendanda
1163 1825 1237 1889 fidei
1267 1827 1402 1907 vestrae,

127 1927 312 2013 epistolaris
341 1927 408 1991 stili
436 1927 610 1992 terminum
639 1928 835 2013 cogitantes,
878 1949 1021 2013 congrua
1057 1925 1215 1992 credimus
1246 1927 1405 1991 brevitate

127 2029 309 2113 sufficere,
329 2028 455 2112 plenius
483 2029 685 2114 disserenda,
720 2053 818 2115 quum
844 2029 979 2094 florente
1006 2029 1141 2113 imperio
1165 2028 1406 2094 clementissimi
1446 2064 1449 2069 ·

126 2131 287 2217 principis
295 2131 321 2215 ⁴)
349 2133 539 2215 promissam
566 2131 764 2217 legationem
792 2134 825 2196 et
852 2154 911 2196 nos
933 2132 1094 2215 suscipere
1116 2131 1185 2195 Deo
1207 2130 1406 2217 propitiante

129 2233 322 2318 contigerit,
352 2236 384 2296 et
413 2232 552 2318 cognitis
574 2234 723 2298 omnibus
752 2255 825 2299 cum
853 2234 1012 2318 adjutorio
1034 2232 1095 2298 Dei
1122 2233 1225 2299 nostri
1252 2254 1406 2318 responso

127 2335 256 2399 reddito
277 2355 336 2419 pro
357 2334 579 2400 universitatis
601 2334 830 2401 informatione
852 2336 1027 2401 remittere.

630 2522 812 2627 Epistola
839 2523 914 2607 113.

180 2676 392 2743 Hormisdaa
415 2692 526 2759 papae
549 2675 592 2741 ad
615 2676 859 2759 Epiphanlum
880 2676 1086 2759 epismpum
1110 2677 1356 2745 Constantino·
1417 2656 1516 2723 (affl

664 2779 878 2862 paliarum.
1417 2722 1543 2792 Μ’)

80 2914 119 2963 ιθ,
168 2904 264 2967 Arpait
282 2918 348 2958 cura,
367 2904 437 2968 qnod
452 2903 638 2952 ordinationem
654 2916 724 2950 cnara
741 2903 876 2951 occasione
892 2902 954 2952 data
970 2903 1053 2952 masia
1063 2904 1155 2966 Iepatic
1167 2905 1218 2967 tpci
1229 2908 1312 2953 notam
1324 2919 1374 2954 non

297 2988 403 3051 feccrit,
422 2994 448 3037 et
466 2994 492 3036 at
510 2995 619 3037 veterem
636 2986 701 3036 tanc
718 3002 810 3037 marem
828 3002 877 3037 non
894 2989 1098 3051 praetermittat,
1116 2987 1243 3038 hortatur.

263 3100 1407 3186 HormisdaEpiphanioConstantinopolitanoepiscopo.
1433 3134 1439 3144 ·

222 3219 288 3285 Diu
311 3243 370 3285 nos
380 3222 405 3307 ¹)
429 3221 581 3285 nuntiata
608 3224 684 3284 tuae
712 3220 888 3304 primordia
917 3220 1089 3305 dignitatis
1116 3225 1249 3286 tenuere
1278 3244 1410 3307 suspen-

133 3345 206 3407 sos,
245 3326 279 3387 et
305 3323 341 3386 in
375 3323 446 3408 ipsa
473 3323 650 3387 communis
680 3321 897 3407 gratulatione
926 3323 1069 3387 laetitiae
1104 3323 1212 3388 mirati
1242 3324 1411 3389 admodum

133 3447 245 3491 sumus
267 3446 388 3489 morem
410 3425 583 3509 pristinum
606 3424 704 3488 fuisse
726 3424 926 3509 neglectum,
949 3425 1025 3509 quia
1039 3429 1189 3509 reparata
1205 3427 1411 3491 ecclesiarum

134 3527 205 3592 Deo
227 3531 392 3592 annuente
415 3528 601 3610 concordia,
632 3526 763 3610 plenum
790 3526 954 3591 fraternae
976 3527 1067 3611 pacis
1094 3527 1128 3592 id
1149 3527 1321 3613 flagitabat
1342 3528 1411 3592 offi-

135 3630 233 3713 cium,
256 3630 447 3715 praesertim
469 3629 553 3714 quod
574 3628 668 3714 sibi²)
691 3650 759 3693 non
781 3629 968 3713 arrogantia
990 3630 1184 3713 personalis,
1209 3631 1264 3695 sed
1285 3631 1411 3716 regula·

204 3802 227 3866 ²)
247 3797 310 3854 Scil.
329 3798 432 3852 Justini
455 3815 526 3867 quae
549 3815 634 3868 supra
656 3797 737 3868 epist.
759 3803 819 3865 108;
841 3798 992 3853 iustiniani
1017 3801 1111 3854 autern
1129 3799 1248 3870 epistola
1265 3801 1347 3855 simul
1366 3818 1413 3856 aa·

135 3901 210 3940 nexa
228 3883 356 3953 deperiit.

206 3972 228 4037 ³)
245 3968 306 4024 Hoc
323 3971 366 4024 est
383 3976 564 4025 cantentionis:
586 3967 662 4037 quod
686 3968 720 4021 de
739 3967 848 4037 Scythis
866 3968 1007 4024 monachis
1025 3969 1144 4037 dictam,
1169 3986 1288 4039 quorum
1305 3971 1334 4024 in
1352 3987 1411 4024 ver-

135 4055 239 4110 borum
256 4054 381 4108 noumte
403 4053 561 4125 procaciam
583 4053 624 4107 ita
641 4053 747 4122 arguit,
768 4055 800 4107 ut
822 4071 957 4122 nusquam
980 4054 1019 4109 eia
1041 4055 1200 4110 haereticae
1222 4055 1295 4110 labis
1315 4057 1413 4110 notam

135 4141 241 4195 inurat.

206 4226 229 4294 ⁴)
248 4227 274 4279 cn
292 4241 350 4294 seq.
369 4224 434 4279 add.
453 4231 484 4278 ai.

138 4316 188 4366 113
226 4312 245 4380 ¹)
265 4310 299 4365 θ’
319 4329 365 4364 noa
383 4315 510 4373 nuntiata,
532 4309 591 4364 scil.
610 4327 628 4364 a
644 4310 777 4365 Dioscoro
802 4309 919 4365 diacono
946 4312 999 4380 (ep.
1021 4314 1087 4379 111).
1129 4312 1196 4367 bcc
1219 4331 1265 4366 aas
1283 4331 1333 4366 non
1350 4332 1413 4367 aaa·
1433 4304 1438 4315 '

137 4402 213 4452 tiata.
553 4398 560 4418 ³

208 4481 229 4548 ¹)
248 4480 315 4535 bcc
336 4485 400 4536 ittad
420 4485 481 4549 nitri,
505 4480 540 4535 (Ξῖ
562 4485 587 4535 ιι·
607 4480 732 4548 (abbrev.
756 4496 808 4550 pro
830 4484 898 4549 citt).
939 4478 1088 4537 Scribebat
1110 4481 1176 4536 olim
1199 4479 1354 4551 Cyprianus
1377 4480 1414 4535 ad

137 4564 299 4622 Cornelium
317 4564 409 4634 (Corn.
429 4565 538 4636 epistt
555 4583 582 4619 n.
596 4569 635 4635 3):
655 4568 729 4630 Quod
745 4576 827 4620 antem
843 4571 943 4634 scripta
961 4572 1112 4634 catteparraa
1130 4576 1286 4629 nostrorum,
1304 4571 1348 4636 qai
1363 4570 1415 4619 ittic

137 4656 300 4708 ordinationi
321 4661 380 4707 tane
403 4657 554 4719 adsuerant,
578 4656 792 4716 desideravimus,
817 4672 866 4706 nan
889 4662 987 4705 veteres
1004 4671 1088 4705 mares
1108 4655 1189 4714 obliti,
1214 4670 1301 4706 nonam
1319 4655 1417 4720 aliquid

138 4740 331 4809 quaerebamus.
369 4741 434 4790 Nam
451 4742 516 4791 satia
533 4748 603 4800 crat,
623 4747 651 4790 nt
669 4749 694 4792 tn
714 4748 737 4791 te
756 4742 901 4805 episcopam
915 4741 995 4803 sactis
1012 4741 1104 4790 titteris
1120 4742 1263 4800 nuntiares,
1283 4741 1333 4789 nisi
1348 4745 1416 4789 essct

139 4844 176 4878 era
195 4827 297 4877 diversa
316 4827 467 4889 discrepans
482 4826 578 4891 factio,
597 4844 661 4892 qaae
722 4827 885 4891 plurimarum
903 4832 998 4876 mentes
1009 4825 1134 4876 turbaret.
1170 4819 1226 4875 Sed
1237 4836 1323 4876 novas
1337 4837 1417 4889 quas·

140 4908 208 4963 dam
226 4907 304 4976 leges
321 4906 436 4976 maj0ris
456 4907 591 4961 cautionis
610 4921 677 4974 ergo
695 4906 806 4976 tompus
824 4904 945 4969 induxit,
964 4906 994 4960 et
1012 4924 1029 4961 a
1047 4905 1163 4962 dirersis
1180 4906 1291 4962 sedibus
1308 4906 1417 4961 diversa

175 5009 333 5049 amasonia
351 5011 455 5047 nouas.
471 5011 584 5052 rorare.
604 4996 625 5046 1.
1171 5001 1212 5058 58
