3224 5506
130 298 192 362 648
585 312 612 359 s,
630 310 809 359 sruuacai
832 311 945 357 aaran

22 481 116 532 ussa
215 467 244 532 8.
289 416 413 530 Coclitis
442 463 650 549 Symmachus
684 463 850 548 episcopus
877 468 1008 529 sanctae
1041 464 1197 531 ecclesiae
1226 465 1401 532 catholicae

131 570 219 636 urbis
242 568 363 632 Romae
384 568 435 632 his
458 566 641 631 constitutis
664 566 868 652 synodalibus
896 589 987 631 ame
1009 567 1156 652 probatis
1180 571 1279 655 atque
1302 569 1405 634 firma-

132 675 174 738 tis
198 670 450 756 consentiens⁴¹)
474 668 657 753 subscripsi.

218 772 344 839 Coelius
366 772 518 836 Rusticus
546 772 713 855 episcopus
737 771 875 836 civitatis
897 771 1140 839 Menturnensis
1169 773 1353 858 subscripsi
1380 779 1412 839 et

134 875 281 943 consensi
303 874 508 958 synodalibus
531 874 730 958 constitutis,
760 876 856 959 ablue
883 875 918 939 in
946 874 1008 940 hac
1036 898 1087 942 me
1114 877 1325 961 profiteor⁴²)
1349 900 1414 941 ma·

134 1001 210 1045 nere
233 976 405 1041 sententia.
1175 969 1177 973 ’

219 1078 344 1145 Coelius
373 1077 558 1142 Bonifacius
587 1076 754 1162 episcopus
782 1079 935 1144 ecclesiae
963 1079 1202 1145 veliternensis
1233 1081 1419 1166 subscripsi

135 1187 167 1248 et
190 1181 336 1247 consensi
359 1178 564 1265 synodalibus
586 1180 785 1265 constitutis,
821 1183 916 1266 atque
943 1182 979 1245 in
1006 1180 1068 1246 hac
1090 1205 1142 1247 me
1165 1183 1331 1268 profiteor
1353 1207 1420 1248 ma-

136 1308 211 1351 nere
234 1284 406 1349 sententia.

221 1384 394 1470 Coeliusli)
423 1384 565 1448 Misenus
600 1386 767 1470 episcopus
796 1385 936 1450 civitatis
964 1386 1129 1452 Cumanae
1164 1387 1355 1473 subscripsi
1391 1391 1424 1453 et

138 1489 285 1555 consensi
307 1486 512 1571 synodalibus
536 1488 733 1571 constitutis,
764 1489 859 1572 atque
886 1488 921 1552 in
943 1487 1004 1553 hac
1025 1511 1076 1553 me
1098 1490 1262 1574 profiteor
1286 1512 1424 1554 manere

137 1590 337 1657 sentcntia‘

222 1692 358 1756 Rufinus
380 1692 546 1776 episcopus
570 1692 722 1757 ecclesiae
745 1691 927 1758 Canusinae
950 1692 1137 1778 subscripsi.

223 1794 412 1860 Cresconius
435 1795 601 1879 episcopus
624 1794 776 1859 ecclesiae
798 1794 993 1860 'lirdertinae
1016 1795 1208 1880 subscripsi.

225 1897 336 1963 Clarus
359 1897 524 1981 episcopus
548 1896 701 1961 ecclesiae
723 1897 887 1962 Allifanus
909 1896 1095 1981 subscripsi.

224 1999 364 2064 Basilius
387 2000 553 2084 episcopus
576 1999 729 2064 ecclesiae
751 1999 966 2064 Tolentinatis
988 1998 1179 2084 subscripsi.

223 2101 342 2167 Vitalis
365 2101 531 2185 episcopus
555 2101 708 2166 ecclesiae
730 2102 905 2165 Fundanus
928 2101 1113 2185 subscripsi.

223 2203 341 2268 Decius
364 2203 530 2287 episcopus
553 2203 705 2268 ecclesiae
727 2202 838 2267 Trium
860 2203 1079 2268 Tabernarum
1103 2204 1307 2289 subscripsi.

224 2305 433 2370 Innocentius
456 2305 622 2390 episcopus
645 2305 798 2369 ecclesiae
819 2304 994 2369 Mivanatis
1016 2306 1209 2390 subscripsi.

225 2407 417 2472 Valentinus
439 2407 606 2491 episcopus
629 2407 782 2471 ecclesiae
804 2407 1027 2471 Amiterninus
1049 2408 1246 2493 subscripsi.

226 2508 344 2573 Bassus
367 2509 544 2593 episcopus·
557 2509 710 2573 ecclesiae
730 2508 942 2595 Ferentini⁴⁴)
966 2508 1049 2573 Novi
1070 2509 1271 2596 subscripsi.

227 2610 344 2675 Vitalis
367 2610 534 2695 episcopus
557 2609 710 2675 ecclesiae
732 2610 897 2675 Fanestris
920 2611 1106 2694 subscripsi.

226 2711 408 2777 Vitalianus
430 2712 598 2797 episcopus
620 2713 772 2777 ecclesiae
795 2712 986 2777 Rosellanue
1008 2713 1201 2797 subscripsi.

227 2813 385 2879 Maximus
408 2815 574 2898 episcopus
598 2815 750 2879 ecclesiae
773 2814 931 2879 Bleranae
953 2814 1138 2899 subscripsi.

216 2916 460 2994 ⁸Constantinus
483 2917 649 3001 episcopus
673 2916 826 2981 ecclesiae
849 2915 1021 3001 Capuanae
1044 2917 1239 3002 subscripsi.

229 3019 396 3103 Benignus
410 3019 586 3102 episcopus
608 3019 761 3083 ecclesiae
784 3018 1036 3102 Aquaevivensis
1059 3019 1256 3104 subscripsi.

228 3121 423 3186 Fortunatus
447 3121 615 3205 episcopus
637 3120 789 3185 ecclesiae
812 3119 989 3185 Suessanae
1011 3121 1202 3206 subscripsi.

229 3221 392 3288 Palladius
415 3222 581 3306 episcopus
604 3221 757 3287 ecclcsiae
780 3221 1049 3310 Sulmontinae⁴⁵)
1072 3222 1271 3309 subscripsi.
1330 3258 1331 3261 ¹

145 3513 294 3583 scripsisse.
324 3510 517 3580 Neutrobique
536 3524 607 3576 vero,
626 3511 657 3563 ut
674 3509 779 3565 ibidem
793 3509 855 3580 jam
867 3511 1083 3580 observavimus,
1100 3515 1241 3571 securata
1260 3517 1308 3572 est
1326 3516 1431 3588 episco

146 3616 246 3669 porum
263 3597 307 3652 vel
324 3597 553 3666 presbyterorum
570 3595 700 3649 recensio.

213 3686 245 3752 ⁴¹)
263 3683 298 3736 Fi
310 3682 347 3737 H⁸
360 3683 388 3735 a³
405 3687 522 3735 consensi
538 3691 563 3734 et
579 3684 727 3749 subscripsi.
764 3681 796 3734 ΒΙ
810 3680 847 3735 Hi
865 3677 894 3736 ct
912 3681 1001 3737 editos
1019 3683 1173 3752 sequimur.

214 3771 246 3837 12)
265 3768 302 3821 Η6
318 3765 364 3820 hic
382 3768 411 3820 et
427 3766 457 3819 in
474 3781 550 3834 sequ.
567 3769 664 3832 fateor.

214 3855 247 3922 ⁴³)
265 3849 330 3906 Η1]1
344 3851 374 3905 h²
393 3851 525 3904 omittunt
544 3854 650 3905 Coelius.
690 3849 798 3906 Deinde
815 3851 896 3906 B¹n⁶
915 3857 1039 3921 sliesinus,
1063 3856 1089 3908 οι
1108 3858 1255 3921 Mesenius,
1283 3857 1335 3913 K¹²
1354 3863 1429 3913 Mos·

147 3958 229 4005 senus,
250 3937 284 3992 al.
305 3942 443 3991 Mensenus
460 3935 504 3989 vel
522 3938 676 3998 Messenius,
699 3936 728 3989 h·
741 3937 772 3990 h²
785 3937 811 3990 c²
823 3953 899 4007 seqq.
919 3942 1043 3993 Misenus.
1078 3938 1128 3994 Ille
1147 3938 1210 4010 ipse
1229 3942 1278 3996 est
1295 3942 1429 4009 Missum

149 4041 231 4093 quem
249 4021 326 4077 Felix
344 4038 361 4076 a
378 4019 519 4090 legatione
536 4021 723 4075 revertentem
745 4021 873 4092 deposuit
895 4028 924 4078 et
939 4021 1066 4077 Celusius
1088 4022 1244 4094 pristinum
1266 4026 1299 4081 in
1321 4029 1426 4083 statum

148 4107 278 4163 restituit.
314 4106 403 4176 Hujus
422 4107 516 4160 autern
534 4122 567 4160 ac
584 4107 759 4174 sequentium
777 4106 972 4178 episcoporum
989 4107 1207 4178 subscriptiones
1228 4108 1372 4167 Crsbbins
1388 4127 1427 4167 so

149 4193 269 4248 cundum
287 4191 495 4261 alphabeticum
511 4190 654 4245 nominum
672 4191 798 4247 ordinem
815 4192 959 4265 disposuit,
977 4194 1063 4262 atque
1073 4192 1097 4247 is
1109 4192 1180 4248 ordo
1193 4193 1300 4251 exinde
1315 4194 1348 4250 in
1358 4195 1423 4252 edit

150 4278 244 4333 concil.
263 4294 350 4347 usquc
368 4277 405 4331 ad
422 4275 596 4331 Harduinum
612 4280 737 4331 servatus
756 4279 805 4332 est.
837 4278 1004 4333 Commodus
1022 4277 1134 4347 quidem
1153 4280 1198 4334 est
1214 4279 1256 4335 sd
1268 4279 1423 4351 deprehen·

150 4363 270 4417 dendum
290 4362 370 4417 citius
388 4362 520 4431 cujusque
538 4361 662 4431 episcopi
679 4378 788 4429 nomen,
805 4363 855 4418 sed
871 4365 1007 4435 praestat,
1024 4363 1106 4434 gesta
1122 4363 1195 4434 ipss,
1212 4365 1249 4420 ut
1266 4363 1422 4435 conscript}

150 4453 221 4514 sunt,
239 4447 459 4517 repraesentare.
500 4446 621 4514 Ideoque
645 4448 674 4501 et
690 4447 906 4518 subscriptiones
929 4448 1054 4519 integras
1075 4447 1233 4504 authentici
1256 4447 1419 4521 οιαωρΙιώ

127 4602 130 4607 β
151 4532 276 4587 codicum
287 4531 321 4585 Β1
333 4532 368 4585 Fd
380 4532 427 4586 K¹2
440 4530 697 4586 detruncationibus
709 4533 743 4586 E²
754 4533 780 4587 Η
790 4534 812 4588 0
822 4533 850 4586 h¹
861 4533 892 4587 h²
904 4535 927 4588 ο1
939 4536 965 4588 c¹
983 4531 1185 4602 anteponimus
1213 4534 1250 4589 In
1260 4534 1306 4590 his
1316 4534 1460 4606 quipp&

150 4617 192 4672 iu
209 4617 373 4672 efferuntur:
392 4621 530 4672 Mensenus
547 4621 678 4680 Cumanus,
696 4621 800 4686 Rufinus
814 4622 959 4681 Canusinus,
979 4621 1131 4673 Cresconius
1147 4621 1312 4687 Tudertinus,
1330 4623 1460 4696 ⁰¹⁰¹*

152 4708 281 4771 Allifanus
299 4703 350 4757 etc.
378 4702 442 4756 Mox
459 4702 494 4755 Fi
508 4707 610 4770 Rufinus
627 4706 673 4770 eps
685 4709 752 4759 eccle
769 4707 938 4759 i'odernensis
955 4701 1024 4768 suile,
1043 4703 1071 4757 et
1083 4701 1192 4758 amisus
1204 4704 1460 4781 stando&

219 4789 251 4857 ⁴⁴)
270 4788 313 4841 lta
330 4788 363 4841 B¹
376 4786 411 4840 F‘¹
423 4788 452 4841 h¹
465 4787 503 4841 h².
540 4787 595 4841 Alii
612 4793 775 4854 Ferentinae,
794 4793 980 4852 Ferentininus,
999 4788 1049 4842 aut
1065 4792 1230 4847 antim.

219 4873 252 4941 ⁴⁵)
270 4872 314 4927 Ita
331 4871 362 4927 B'
377 4873 406 4927 h¹
418 4872 449 4927 h*
462 4875 485 4926 c'
500 4875 533 4927 θ’.
565 4875 744 4929 Saloninitane
762 4873 805 4938 1³⁶,
824 4877 1012 4928 Sulmonitcnne
1030 4876 1056 4928 ο*
1068 4876 1113 4928 0¹⁰.
1150 4872 1235 4928 inii⁸
1247 4870 1344 4929 deindo
1358 4871 1460 4955 Q
