3224 5506
660 121 861 173 reserares
884 125 916 170 ν.
1360 110 1422 176 587

170 274 229 333 ted
246 283 326 342 totius
344 281 458 341 mundi.
492 274 582 351 Quod
604 276 743 340 breviter
764 276 951 360 indicatum,
974 278 1113 364 prudens
1128 279 1229 344 lector
1248 301 1306 364 per
1320 283 1423 344 totum

167 369 393 462 Scripturarum
432 399 546 463 corpus
580 379 715 463 copiosis
751 380 870 461 poterit
902 380 1181 444 testificationibus
1213 381 1359 447 invenire
1392 386 1425 447 et

163 479 359 543 manifestius
387 480 580 564 approbare:
614 480 660 544 sic
689 483 899 563 temperatum
929 484 1057 545 nostrae
1086 483 1198 546 salutis
1231 484 1421 567 antidotum,

160 579 201 640 ut
223 583 304 645 omni
324 583 531 666 protervitate
553 582 712 665 deposita,
735 591 788 662 piri
806 590 970 661 gloriatur,
996 606 1054 648 nou
1079 592 1108 648 iu
1131 607 1162 649 sc
1183 573 1522 650 sedinnomtno‘2001'·

155 686 314 758 glorietur.
1437 648 1523 708 Μ’

253 786 295 850 14.
324 778 433 849 Etiam
462 786 541 849 illud
569 789 735 870 praeterea
763 786 998 873 diligentius⁵¹)
1027 789 1215 852 intuendum
1244 791 1307 870 est,
1341 787 1425 872 quod

155 887 311 968 quosdam
332 909 459 951 movere
481 889 716 972 perspeximus,
739 888 838 970 idem,
863 889 945 973 quod
969 890 1016 953 ait
1038 891 1214 974 apostolus,
1239 913 1336 974 quum
1352 911 1424 953 con·

149 985 289 1072 jugibus
310 989 455 1054 fidelibus
482 990 725 1075 infidelibusque
752 989 951 1073 loqueretur,
985 992 1180 1056 sanctificari
1209 991 1332 1055 scilicet
1359 985 1525 1053 sivelcor-

152 1089 263 1155 virum
284 1091 348 1155 sive
371 1091 537 1156 mulierem
559 1092 720 1155 infidelem
743 1114 800 1174 por
818 1091 989 1174 cujuslibet
1003 1115 1095 1156 sexus
1110 1094 1202 1157 fidele
1219 1093 1423 1157 consortium.
1444 1057 1467 1120 τ’
1479 1059 1517 1106 ll.

153 1189 201 1254 Et
218 1194 374 1278 imprimis
398 1216 463 1258 non
479 1195 743 1257 inconvenienter
758 1194 907 1276 occurrit,
925 1195 1008 1278 quod
1024 1194 1144 1258 <lictum
1167 1198 1215 1258 est
1237 1196 1275 1259 de
1297 1194 1424 1258 foedere

155 1296 335 1381 conjugali:
368 1308 458 1359 eruut
480 1302 540 1360 dice
562 1304 593 1360 iu
616 1318 711 1360 curnc
739 1318 810 1361 uuo.
866 1295 928 1360 Per
956 1296 1039 1379 quod
1066 1297 1167 1380 possit
1195 1275 1574 1396 consequenterffiffiffi‘

87 1386 90 1425 ⁵
117 1427 119 1430 ·
155 1395 311 1482 intelligi,
341 1401 379 1461 ut
401 1398 557 1481 quoniam*
575 1399 745 1481 cujuslibet
767 1399 914 1483 conjugis
936 1398 1039 1462 fidelis
1063 1420 1177 1482 eorpus
1200 1398 1355 1481 templum
1378 1401 1426 1461 est
1449 1385 1537 1471 19,ss

157 1494 220 1562 Dei
245 1503 274 1563 et
294 1499 538 1584 regeneratione
560 1503 733 1584 purgatum
755 1500 917 1584 divinique
940 1501 1176 1564 sanctificatum
1198 1523 1256 1583 per
1277 1499 1425 1583 purifica·
1439 1477 1524 1599 ¹„qu

159 1598 279 1664 tionem
305 1601 467 1685 mysterii,
499 1602 673 1666 seeundum
702 1601 869 1686 quemdam
897 1603 1025 1665 modum
1052 1624 1109 1686 per
1143 1601 1322 1685 conjugalis
1356 1601 1425 1663 uni-
1461 1588 1468 1614 ¹
1508 1589 1513 1600 ’

161 1700 262 1765 tatem
286 1703 392 1766 carrris
420 1702 516 1766 otiam
545 1703 691 1788 conjugis
718 1703 856 1766 infidelis
885 1704 1098 1767 sanctificatio
1127 1725 1239 1786 corpus
1269 1703 1423 1786 attingat,
1456 1772 1464 1784 ,

162 1798 316 1889 longeque
338 1805 437 1869 distet
458 1805 521 1868 ista
543 1805 678 1868 societas
701 1806 741 1868 ab
759 1805 814 1868 illo
831 1806 1000 1890 consortio,
1025 1804 1106 1889 quod
1130 1805 1163 1867 in
1186 1805 1328 1888 utrisque
1352 1826 1425 1868 eon·

161 1901 288 1988 jugibus
310 1905 402 1970 idolis
425 1907 643 1990 mancipatum
666 1909 714 1970 ost
741 1910 774 1970 et
801 1907 958 1969 immundi
986 1907 1116 1991 spiritus
1138 1906 1336 1970 habitatione
1358 1907 1425 1990 pol·

163 1999 277 2073 lutum:
298 2009 373 2072 dum
395 2009 430 2072 in
453 2007 508 2072 illo
530 2030 647 2093 genere
670 2009 855 2092 nuptiarum
883 2031 941 2092 per
962 2010 1067 2093 legem
1089 2008 1262 2091 foedusque
1283 2008 1425 2093 conjugii

163 2103 194 2167 ul
223 2110 367 2194 alterum,
391 2111 520 2174 tametsi
543 2111 739 2175 nescientem
761 2111 897 2174 forsitan
920 2133 980 2175 nee
1003 2109 1172 2192 volentem,
1200 2109 1309 2173 divina
1330 2110 1425 2172 bene-

161 2201 261 2273 dictio
279 2234 335 2296 per
357 2212 489 2275 alterius
512 2212 621 2275 unitae
644 2212 704 2276 sibi
728 2213 833 2276 carnis
848 2215 864 2250 '¹‘
880 2214 1019 2296 accredit3
1047 2212 1081 2275 in
1104 2213 1165 2275 isto
1189 2234 1261 2275 vero
1284 2214 1316 2275 et
1338 2211 1425 2295 prin·
1439 2223 1524 2291 (mail,
1537 2227 1578 2276 ue-

158 2302 274 2388 cipalis
294 2313 349 2377 illa
371 2313 602 2401 fornicatio⁵²),
626 2338 688 2398 qua
704 2314 812 2378 anima
828 2314 986 2378 alienatur
1006 2337 1024 2378 a
1040 2314 1118 2397 Deo,
1143 2316 1174 2377 et
1189 2313 1321 2396 spiritus
1335 2313 1426 2397 pravi
1440 2297 1560 2426 ”ww

154 2413 345 2499 turstagium
372 2419 440 2479 tam
467 2416 580 2479 reddat
608 2420 777 2500 utrumque
808 2417 979 2501 conjugem
1007 2416 1196 2480 detestanda
1219 2415 1427 2499 coninquina-

150 2503 253 2578 lione
270 2518 480 2600 maculatum,
510 2540 604 2602 quam
628 2519 668 2582 ab
689 2518 745 2582 illa
768 2518 845 2602 fide,
874 2540 955 2602 quae
979 2518 1073 2582 corda
1095 2518 1260 2600 purificat,
1284 2537 1427 2580 summae

145 2600 351 2683 Divinitatis
375 2622 525 2683 externus
533 2620 583 2704 ³³³).

254 2721 297 2784 15.
327 2720 452 2784 Deinde
471 2743 539 2786 non
562 2721 835 2805 irrationabiliter,
860 2721 1175 2806 quantummbitror,
1200 2723 1233 2783 et
1253 2720 1331 2783 illud
1354 2743 1426 2785 con·

139 2821 277 2905 currit,
309 2825 345 2887 ut
372 2823 516 2887 oratione
544 2822 645 2886 fidelis
674 2825 824 2908 cujusque
858 2825 1004 2908 conjugis
1032 2823 1129 2886 etiam
1156 2821 1277 2885 infideli
1306 2823 1427 2886 miseri·

135 2919 272 2986 ⁰0rdia
291 2920 551 3009 quantorumque
566 2929 764 3008 praestetur,
800 2928 848 2990 vol
879 2927 949 3010 ipsa
977 2927 1078 3007 certe,
1113 2945 1194 3007 quae
1224 2924 1262 2987 ad
1292 2925 1426 2988 salutem

130 3021 323 3090 pertineat
343 3027 568 3111 temporalem:
598 3027 632 3090 in
660 3049 722 3111 qna
749 3028 966 3093 misericordia
989 3048 1054 3090 non
1076 3047 1189 3110 parum
1213 3026 1340 3089 divinae
1362 3026 1427 3110 pie-

129 3109 247 3221 tetis
270 3129 419 3213 acquirit,
456 3134 488 3193 et
522 3150 579 3213 per
605 3128 667 3192 hoc
694 3130 868 3194 seeundum
902 3129 1070 3213 quemdam
1105 3128 1233 3191 modum
1265 3128 1427 3212 particeps

128 3208 289 3294 dlvinae
310 3231 508 3316 dignationis
531 3232 662 3296 effectus
685 3232 830 3296 edicitur.
860 3232 893 3297 Si
909 3233 996 3296 enim
1012 3230 1156 3312 cibos54),
1182 3230 1235 3313 qui
1251 3252 1308 3313 per
1323 3231 1429 3315 legem
1488 3296 1494 3306 ,

126 3330 287 3393 sat-ram
313 3333 537 3397 deseribuntur
564 3333 737 3416 immundi,
768 3357 828 3416 per
854 3338 972 3398 rerlutm
997 3339 1054 3397 Dei
1073 3339 1265 3408 sanctificari
1291 3335 1430 3396 testatur
1443 3305 1472 3419 ¹4
1487 3315 1532 3419 ¹5¹¹¹

127 3431 333 3516 apostolus,
356 3435 442 3498 unde
465 3436 562 3499 etiam
584 3435 662 3499 illud
685 3439 749 3499 est:
775 3442 860 3511 (tirou
873 3442 953 3500 Deus
974 3442 1140 3514 recruduerit,
1165 3447 1197 3498 tu
1218 3456 1373 3498 commuue
1392 3456 1430 3498 ne
1439 3407 1499 3504 Aris.
1509 3455 1577 3514 11‚o.

126 3518 296 3608 dixere,-
321 3558 387 3600 non
411 3537 473 3600 erit
494 3536 666 3601 absurdum
689 3559 749 3601 nee
770 3538 1015 3621 inconvenienS,
1046 3538 1127 3621 quod
1150 3535 1332 3620 perfidelis
1355 3558 1428 3601 con-

127 3652 466 3685 N*

241 3737 267 3803 51)
282 3739 323 3794 lia
340 3740 384 3794 G¹.
416 3739 470 3794 Alii
488 3745 648 3810 diligentibus
708 3747 737 3796 id
754 3747 822 3812 quod
834 3783 853 3794 ..
864 3785 868 3797 .
881 3746 1031 3809 conjugibus
1045 3746 1211 3810 fidelibusque
1229 3748 1383 3809 toqueretur.

219 3815 319 3878 iisdem
336 3825 434 3880 scribit
450 3825 620 3894 Augustinus
639 3826 673 3880 de
690 3828 795 3896 peccat.
816 3827 906 3880 merit.
920 3826 967 3880 Η
986 3845 1007 3881 e.
1022 3833 1067 3879 26:
1096 3831 1161 3886 Noa,
1180 3832 1280 3894 operor,
1300 3832 1431 3894 qnisquam

242 3910 365 3972 infideliter
383 3915 521 3978 intelligat,
545 3921 572 3963 ut
593 3916 624 3964 ob
646 3915 693 3965 lroc
716 3918 841 3965 eeiatiruct
864 3918 939 3965 etium
961 3917 1074 3964 irretitum
1098 3932 1146 3965 non
1167 3914 1346 3970 Christianum,
1371 3916 1431 3978 quia

133 3971 309 4070 “Utri-suana
322 3999 404 4063 fuerit
423 4015 490 4048 umor
508 3999 576 4061 rjus,
597 4015 676 4064 acque
694 4000 822 4063 baptizari
833 4002 891 4063 jum
909 4007 1042 4062 oportere.
1067 4006 1092 4049 et
1109 4002 1145 4048 acl
1160 4005 1323 4063 peccatorum
1341 4000 1429 4047 rearis·

134 4070 324 4145 ‘mnemjam
341 4085 498 4149 peruenisse.
527 4079 590 4148 Ipse
608 4097 675 4134 vcro
688 4081 829 4150 Pelagius,
849 4088 879 4134 ut
891 4079 1061 4149 Augustinus
1078 4080 1182 4134 ibidem
1200 4079 1248 4132 lib.
1263 4087 1278 4134 3
1297 4096 1318 4133 c.
1334 4084 1364 4131 12
1383 4079 1431 4132 ob·

138 4152 272 4227 mviii,
287 4163 337 4219 hou
354 4165 396 4218 ita
413 4163 626 4232 interpretatur:
656 4169 782 4234 Exempla
795 4173 851 4234 jum
867 4178 1065 4234 praecesserunt
1078 4178 1102 4218 et
1115 4170 1232 4228 uirorum,
1251 4184 1314 4233 quos
1326 4183 1430 4225 uxores,

145 4232 171 4278 θ’
201 4238 364 4311 Feminarum,
384 4269 448 4318 quas
465 4255 550 4303 mariti
567 4255 747 4316 lucrifecerant
765 4255 874 4306 Christo.
916 4275 925 4299 ι

243 4330 268 4397 ⁵¹)
284 4331 393 4389 Scilicet
410 4340 507 4388 uuimuc
528 4341 679 4402 fornicatio,
705 4352 760 4402 qua
779 4340 810 4388 ub
828 4341 907 4404 ipsius
925 4340 975 4388 net
991 4340 1168 4400 conjunctione
1191 4340 1332 4388 disceditur
1355 4344 1430 4403 utque

157 4397 198 4450 αα
225 4413 351 4474 inmundos
368 4425 475 4488 spiritus
496 4425 623 4488 spiritalis
641 4425 761 4474 adulterii
779 4440 874 4487 genere
893 4425 1027 4480 transitur,
1051 4419 1083 4471 ut
1105 4418 1192 4471 habet
1209 4419 1290 4471 tract.
1310 4417 1347 4470 Vl
1367 4423 1429 4470 nl.

203 4566 211 4576 ·
243 4500 489 4567 ”traicerentur
508 4504 623 4573 (scilieet
642 4514 771 4574 utrumque
789 4508 931 4574 conjugem)
949 4503 1106 4572 legendum,
1125 4504 1174 4556 aut
1192 4501 1375 4571 supplendum
1393 4512 1432 4555 est

169 4570 275 4639 mittet
289 4596 393 4658 spiritus
410 4611 514 4658 prunus.

243 4670 324 4738 “iliu
341 4673 386 4728 Gt
416 4673 471 4728 Alii
490 4677 546 4731 cibi.
575 4674 639 4728 Mox
658 4691 720 4728 cum
738 4676 765 4728 α’
784 4695 833 4744 per
850 4674 984 4731 addimus.

128 3800 178 3853 De

130 3899 204 3942 ram
