3204 5506
193 383 256 448 6⁸20
621 395 649 442 s.
667 391 849 440 sussrnsu
873 391 897 436 11
920 388 1033 434 eursu

63 569 180 636 (aton)
193 554 345 632 dicamus,
369 555 415 632 ut,
439 549 522 612 sicut
544 547 680 617 dcccliii
705 548 737 608 et
752 543 889 628 Spiritus
905 545 1034 605 sanetus
1049 540 1164 622 dietat,
1190 537 1337 602 monitis
1360 536 1477 600 nostris

192 653 373 720 obedientia
395 652 600 735 praebeatur,
631 652 666 712 ut
694 648 777 710 bona
806 645 913 709 onmia
935 646 1074 707 vestram
1095 640 1347 726 rempublicam
1372 660 1476 704 conse

91 755 177 809 Exod-
192 761 342 841 quantur,
365 756 448 817 sieut
470 753 504 815 in
520 751 630 815 Exodo
646 749 857 833 promittitur:
881 752 915 812 Si
936 752 1068 811 audieris
1090 763 1192 809 r’oceru
1209 748 1339 808 domiui
1353 747 1414 806 Dei
1426 749 1475 817 tai,

93 829 178 891 ¹⁶’26'
191 872 220 923 et
243 879 321 937 quae
342 855 513 937 placetum)
538 857 652 930 fereris
677 873 780 916 coram
814 857 879 930 ipsa
911 861 940 912 et
968 853 1114 911 obedieris
1140 853 1330 926 praeceptis
1357 850 1428 925 ejus
1450 856 1477 907 et

192 966 369 1026 custodieris
391 978 503 1022 ornnem
521 961 670 1035 justitiam
693 962 768 1033 iy'as,
793 972 905 1016 omnem
934 957 1153 1027 infirmitatem,
1186 969 1288 1028 qaam
1311 953 1479 1028 importavi

194 1070 362 1149 .·teppptiis‚
393 1081 452 1123 uon
481 1062 650 1137 importabo
679 1062 709 1118 in
738 1067 781 1118 te:
811 1075 866 1133 epo
888 1061 964 1116 euim
991 1074 1053 1116 snut
1076 1057 1235 1128 domitius,
1273 1057 1334 1130 qai
1360 1054 1477 1113 satana

42 1146 168 1269 ,022⁰ss
188 1170 277 1243 facio
299 1176 336 1227 ta.
382 1160 425 1224 Et
448 1158 514 1222 illie
536 1159 651 1221 iturum
674 1157 752 1219 tuba
774 1154 996 1239 potentissima
1019 1153 1162 1217 canitur:
1186 1157 1231 1216 Et
1253 1173 1343 1216 uuae
1366 1156 1476 1231 Israel,

75 1256 81 1280 '
106 1252 128 1268 '⁸
171 1258 265 1346 'auiti
287 1271 424 1329 aouama
447 1267 527 1324 Deus
548 1273 615 1323 tuas
632 1265 767 1339 postulat
788 1280 807 1320 a
830 1271 857 1320 te
879 1263 977 1332 atiud,
1008 1278 1098 1336 qnam
1126 1266 1161 1319 at
1182 1262 1299 1318 timeas
1322 1259 1476 1318 dominam

192 1373 285 1433 Derim
307 1379 399 1440 tuarn,
424 1377 452 1426 et
468 1367 599 1425 anrbuics
621 1360 698 1443 mn)
715 1365 848 1423 omnibus
863 1367 917 1423 uiis
932 1366 1008 1438 ejas,
1032 1364 1187 1436 eruiturus
1203 1378 1286 1432 mem,
1314 1367 1349 1419 et
1362 1363 1477 1420 saetas

192 1475 312 1533 (lomina
327 1472 386 1530 lieo
398 1475 450 1527 tuo
462 1485 502 1527 cs
517 1473 579 1526 toto
594 1468 687 1526 corae
702 1475 753 1526 tao
765 1476 793 1525 et
804 1483 843 1524 es
858 1474 921 1525 tota
934 1468 1037 1524 auirna
1048 1475 1111 1537 tua,
1129 1465 1292 1524 custodire
1300 1470 1477 1538 praecepta

192 1574 371 1633 ‹lominiliei
391 1574 435 1629 tui
455 1578 483 1628 et
499 1572 633 1643 justitias
654 1572 730 1643 ejus,
755 1586 831 1643 aretis
852 1586 908 1642 epa
923 1569 1033 1627 iurantia
1047 1568 1122 1626 tibi?
1159 1561 1255 1625 Haec
1279 1583 1337 1625 me
1362 1582 1478 1645 sugge

192 1673 316 1734 rentem
336 1666 534 1752 frequentius
557 1688 621 1729 non
645 1668 776 1749 spernat
798 1665 901 1750 pictas
924 1669 989 1747 tua,
1014 1676 1089 1729 ante
1111 1663 1224 1728 oeulos
1247 1666 1329 1727 tuos
1353 1662 1479 1728 habeus

94 1759 172 1880 ffl‘g
191 1770 320 1836 Domini
337 1770 370 1833 in
394 1767 559 1853 evangelio
581 1768 694 1831 rerba:
722 1773 777 1842 Oui
791 1774 876 1831 arcuit
892 1790 952 1845 ros,
977 1772 1132 1843 neuuilit,
1156 1777 1186 1830 et
1203 1773 1262 1846 qni
1275 1787 1334 1831 aas
1349 1773 1478 1847 speruit,

126 1869 132 1893 '
173 1869 237 1937 'ma
251 1881 375 1954 spernit,
399 1883 428 1935 et
442 1878 494 1950 qui
507 1890 553 1933 rue
567 1878 692 1950 spernit,
716 1877 831 1949 speruit
845 1892 920 1947 artur,
938 1877 992 1948 qai
1005 1892 1051 1933 rna
1065 1875 1153 1933 misit.
1186 1867 1280 1931 Nam
1297 1871 1336 1932 et
1352 1872 1481 1953 aposto

60 1962 177 2084 ¹312}ss
192 1975 251 2058 lus,
276 1971 497 2055 concinensb)
521 1970 677 2034 salvatori
701 1975 819 2053 nostro,
843 1971 889 2034 ita
910 1971 1066 2055 loquitur:
1095 1975 1301 2050 Quapropter
1326 1979 1386 2051 qai
1405 1977 1483 2036 baec

110 2072 144 2095 ’⁹
191 2085 315 2158 spernit,
339 2098 398 2140 nou
420 2080 568 2138 baratinam
590 2081 706 2152 spernit
727 2081 781 2137 sati
803 2079 911 2152 licran,
937 2083 990 2153 aui
1011 2080 1093 2137 aurate
1114 2076 1271 2152 Spiritum
1297 2096 1392 2138 surim
1414 2096 1482 2139 suu-

191 2193 269 2245 atum
286 2187 316 2243 iu
333 2182 426 2242 nobis.
460 2174 576 2239 Pectus
600 2176 787 2239 elementiae
809 2179 933 2239 restrae
956 2175 1130 2240 sacrarium
1152 2177 1206 2238 est
1229 2175 1394 2258 publicae
1415 2176 1483 2241 seli·

194 2281 316 2363 citatis,
352 2279 434 2362 ut²⁹)
464 2300 520 2362 per
548 2277 736 2341 instantiam
766 2281 921 2359 vestrum,
957 2300 1052 2362 qnam
1082 2277 1169 2342 velut
1198 2277 1373 2343 vicarium
1398 2278 1484 2343 Deus

192 2382 372 2469 praesidere
391 2380 544 2471 jussitin
566 2380 676 2460 terris,
710 2380 904 2463 evangelicis
927 2379 1171 2465 apostolicisque
1196 2381 1398 2467 praeceptis
1421 2403 1484 2446 nou

193 2484 272 2548 dura
294 2482 444 2566 superbia
467 2482 645 2563 resistatur,
670 2481 724 2545 sed
747 2504 803 2564 per
825 2482 1049 2563 obedientiam,
1079 2503 1160 2566 quae
1184 2485 1271 2546 sunt
1295 2483 1482 2566 salutifera,

194 2587 424 2670 compleantur.

737 2704 818 2767 Gar.
842 2703 915 2767 VII.

277 2806 307 2870 8.
342 2803 427 2868 Nam
450 2804 622 2867 secundum
638 2804 801 2869 Ecclesiae
825 2805 1000 2870 catholicae
1023 2805 1356 2893 cousrreurdinem³⁰)
1380 2830 1481 2873 sacm-

193 2909 352 2975 tissimum
374 2907 557 2971 serenitatis
579 2911 653 2970 luae
677 2912 787 2991 peetus
811 2910 976 2992 agnoscat,
1006 2907 1089 2991 quod
1112 2905 1246 2972 nullum
1270 2909 1317 2974 de
1342 2910 1407 2993 lris,
1436 2910 1484 2973 rel

260 3167 292 3234 ²⁵)
311 3165 344 3217 E*
356 3164 393 3216 Hs
411 3170 483 3217 (lecet
499 3169 607 3231 spiritus
628 3168 666 3214 sci
683 3168 751 3216 elicta
770 3162 817 3229 (ll‘³
835 3167 925 3230 (liutai)
948 3168 1047 3217 ruonitis
1065 3162 1113 3228 lH⁸
1131 3167 1258 3232 nouitas)
1281 3172 1340 3219 aris
1364 3171 1482 3221 abedien-

193 3257 229 3304 tia
246 3255 426 3319 praedicatur:
446 3250 584 3318 corrupte.
620 3248 693 3301 Loco
712 3253 792 3301 dictat
809 3248 825 3300 J
829 3251 848 3284 ¹³
860 3249 881 3301 i²
899 3255 972 3312 aicit,
992 3247 1039 3302 alii
1057 3247 1072 3299 J
1091 3252 1171 3300 dieat.

260 3339 293 3402 ²⁶)
313 3337 336 3388 0¹
350 3336 368 3387 b
382 3352 420 3402 sq.
440 3341 542 3400 placent
560 3338 611 3387 ci.¹

260 3423 292 3487 ²⁷)
312 3420 374 3472 11⁴2
387 3418 469 3471 H⁵E²
488 3418 525 3482 th*
546 3418 581 3471 ad
601 3425 699 3484 margi
718 3439 802 3471 ornnes
820 3424 872 3472 aias
891 3424 960 3484 ejrrs,
979 3418 1016 3472 Η6
1034 3423 1058 3471 iu
1077 3436 1161 3471 omues
1181 3424 1240 3472 aias
1261 3427 1335 3489 ejas.

260 3508 293 3569 ²⁵)
311 3504 338 3556 J⁸
356 3510 482 3556 accinens.
518 3502 582 3555 Mox
601 3503 635 3555 E*
648 3503 685 3555 ll*
703 3503 790 3556 emili.
813 3509 897 3556 licant.

260 3592 293 3656 ²⁹)
312 3589 326 3640 l
341 3594 362 3641 0
376 3590 399 3640 c¹
420 3600 445 3640 ut
462 3595 623 3656 praestantia
641 3598 725 3641 uestra
789 3595 906 3647 resistat:
925 3592 951 3642 o²
968 3607 1025 3656 seq.
1046 3599 1071 3640 ut
1087 3608 1137 3656 per
1154 3598 1359 3656 praestantiam
1372 3605 1482 3648 uestra·

248 3680 359 3729 resistat,
392 3671 559 3726 Sureeriorcs
577 3692 640 3726 mss.
661 3673 757 3739 (oliam
776 3673 810 3725 ir
822 3674 857 3726 H·
870 3677 896 3726 a¹
911 3675 928 3725 b
942 3674 969 3726 h'
984 3673 1004 3725 i²
1017 3677 1064 3727 e¹⁰i
1082 3672 1237 3740 sequimur.

262 3764 293 3828 ³⁰)
312 3758 475 3812 lliuemarus
494 3758 574 3827 epist.
594 3766 625 3810 in
644 3758 679 3812 aa
698 3757 842 3827 episcopos
862 3758 969 3813 eorreilii
988 3759 1023 3814 ΙΙΙ
1042 3757 1255 3813 suessionensis
1277 3762 1345 3832 (Op.
1367 3764 1414 3817 ed.
1428 3763 1482 3817 Sir·

194 3845 285 3900 moad.
307 3844 343 3907 ll,
362 3849 419 3907 278,
437 3844 521 3896 llarcl.
542 3844 602 3897 coll.
623 3861 697 3897 conc.
711 3843 744 3908 V,
763 3846 822 3911 618)
842 3844 912 3896 huuc
931 3843 1021 3896 locum
1039 3843 1129 3913 primo
1147 3842 1292 3900 inscitae:
1315 3852 1353 3901 Et
1368 3854 1479 3903 Anasta

192 3937 245 3984 sias
257 3935 349 3996 jauior
365 3950 436 3996 papa
454 3935 490 3981 ari
503 3934 663 3982 Anastasiou
683 3936 858 3997 imperatorem
876 3935 990 3981 scribens
1008 3934 1040 3981 de
1052 3934 1181 3982 orrliuatls
1198 3950 1216 3982 a
1235 3936 1368 3987 damnato
1384 3940 1479 3989 ,trado

193 4008 353 4084 recipiendia
371 4020 397 4065 iu
414 4021 466 4066 sais
484 4018 613 4067 ordinibus
631 4021 706 4069 elicit:
724 4017 783 4067 lum
796 4013 901 4067 subdit:
922 4022 1072 4082 (ticinaquarn
1090 4019 1178 4066 errcleru
1196 4022 1317 4083 epistola
1335 4025 1426 4073 saeris
1437 4041 1477 4074 cs·

194 4106 298 4155 nauibus
316 4111 340 4152 ct
359 4105 468 4151 decretis
488 4103 643 4159 iunocentii,
664 4105 766 4159 Zosimi,
788 4105 882 4152 herroris
901 4109 975 4167 atqrrc
995 4103 1091 4151 Gelasii
1107 4120 1122 4152 a
1141 4103 1299 4168 quibuisdam
1319 4123 1374 4158 narr
1386 4124 1478 4159 eam·

194 4192 248 4239 nire
267 4190 381 4239 elicietur:
405 4190 476 4251 quia,
500 4196 525 4236 at
544 4189 657 4253 arrrbipua
674 4190 800 4237 scatentia
822 4191 846 4235 iu
865 4189 952 4237 caulem
970 4189 1078 4252 epistola
1103 4189 1168 4236 idem
1186 4190 1358 4243 Anastasius
1380 4194 1477 4251 scribit,

193 4283 220 4324 et
237 4274 372 4338 baptizarit
391 4273 525 4327 catboiice.
550 4290 598 4322 aon
617 4277 749 4327 caruruica.
774 4289 819 4322 nce
836 4274 971 4321 sccnruluru
987 4288 1077 4322 sacras
1099 4276 1201 4336 repulus
1225 4292 1312 4340 neque
1337 4280 1478 4328 secundun

195 4360 326 4408 Ecclesiae
344 4360 545 4407 cousuetudinem
563 4361 711 4408 sacerdotes
729 4361 768 4408 uel
784 4360 872 4407 leuitas
891 4360 1023 4407 ‹larnuatas
1041 4359 1169 4408 ordinauit
1184 4359 1313 4412 Aeacius.
1346 4360 1380 4413 In
1399 4376 1477 4429 proc·

190 4438 345 4506 judicat-aru
358 4438 516 4506 hujusmodi
530 4437 686 4506 opinionem
700 4439 768 4492 abiit
783 4438 946 4505 (irat-ianus,
965 4440 1012 4507 qui
1031 4445 1181 4508 postquam
1194 4456 1217 4493 c.
1233 4446 1251 4495 8
1264 4441 1299 4496 D.
1314 4442 1385 4498 xlx
1397 4461 1476 4517 prae-

194 4523 278 4575 misit:
304 4529 456 4576 r-tnastasius
476 4528 507 4576 II
523 4530 619 4589 savara
639 4529 772 4576 .·luastasii
789 4529 963 4592 inperatoris,
983 4543 1044 4593 quos
1064 4530 1175 4578 scuras
1189 4538 1257 4593 post
1273 4536 1435 4583 sententian
1451 4536 1477 4583 ia

193 4627 220 4660 se
238 4615 364 4676 prolatam
382 4614 529 4661 sacerdotes
548 4616 586 4661 rel
602 4617 690 4661 irritas
709 4614 885 4669 ordinarunt,
904 4615 953 4661 rite
968 4613 1043 4678 surripi
1060 4614 1173 4677 acceptis
1191 4615 1291 4677 officiis
1309 4619 1414 4670 debere
1431 4622 1476 4671 tle·

193 4699 286 4747 creuit:
305 4691 404 4745 ‹lcirule
423 4693 514 4745 verbis
533 4693 672 4746 Anastasii
691 4694 785 4748 relatis
805 4694 944 4764 udjmrgil:
977 4698 1039 4758 Quia
1057 4714 1119 4763 erpo
1137 4699 1241 4757 illicite,
1266 4708 1294 4751 et
1318 4720 1375 4753 narr
1398 4720 1477 4754 eua-

194 4783 261 4833 uiee.
280 4783 328 4829 scri
344 4788 433 4829 contra
452 4783 555 4830 clecrcta
577 4786 804 4846 praedecessorum
826 4791 851 4833 ct
873 4800 1044 4832 srrcccssorurn
1061 4799 1162 4833 suoram
1182 4785 1249 4835 baec
1269 4791 1412 4855 rescripta
1433 4790 1477 4839 de

195 4866 242 4921 att,
267 4871 292 4912 at
314 4865 409 4928 probat
428 4866 547 4915 Falisci
566 4869 691 4924 Gelasias,
716 4871 759 4933 qui
777 4869 896 4918 Acacium
915 4877 974 4918 aute
993 4870 1156 4918 Ariastasiurs
1174 4878 1476 4932 emanantium,

193 4957 219 4997 et
239 4949 389 5007 Ilorraisrla,
412 4953 455 5014 qui
472 4951 503 4998 ab
521 4953 577 5014 ipsa
598 4954 736 5002 Antistasio
756 4957 845 5003 tertius
863 4955 972 5003 craruleru
992 4954 1113 5004 Acacium
1129 4961 1224 5018 postea
1242 4957 1395 5017 demanii,
1416 4961 1476 5010 idea
