3204 5506
543 340 569 357 Ν.

678 406 849 456 nmssom
874 399 901 454 1.
1366 388 1429 455 229

218 559 421 642 congregationis
458 561 588 628 evectio
640 561 857 646 Congregatio
895 563 1125 645 memorabilis,
1164 563 1428 647 quemadmodum
1441 574 1535 623 0483.

214 659 287 722 verba
303 659 388 727 diviua
408 684 469 727 nos
491 664 666 746 lustrarunt,
691 686 787 744 neque
809 671 839 728 in
862 670 1005 729 dextrum
1027 653 1523 774 ηιηιιείπ1111131νο10Ιιὶιιέ-ΒξὲξΙ

134 846 137 857 Ι
204 775 252 825 {en
268 775 346 829 rectae
363 771 564 845 dispositionis
578 773 706 846 excedit,
730 772 785 831 sed
805 773 863 844 nio,
888 768 925 829 ut
947 768 1102 850 scriptum
1124 770 1182 848 est,
1207 774 1294 846 repis
1316 774 1427 831 niedio-
1443 760 1456 773 ”
1477 762 1483 786 '
1507 760 1529 774 ”’

198 886 249 944 que
267 873 426 944 prodiendo,
463 866 539 931 hino
566 871 661 952 atque
682 868 758 931 inde
780 868 922 932 Nestorii
945 868 1198 953 Eutychctisque
1221 869 1426 954 sacrilega³⁴)

167 973 341 1037 commenta
360 969 533 1049 detestans,
562 970 609 1034 ita
637 992 776 1054 magnae
801 971 932 1055 pietatis
961 971 1151 1054 praedicans
1178 974 1425 1053 sacramentum,

184 1075 220 1134 ut
237 1071 443 1155 omnipotentis
465 1069 526 1134 Dei
548 1071 655 1136 Patris
679 1073 955 1158 consubstantiale
979 1072 1332 1155 consempiternumquo
1348 1071 1426 1135 Ver-

116 1190 122 1199 '
176 1174 259 1253 bum,
280 1172 357 1256 quod
371 1173 628 1238 incommutabili
643 1173 821 1261 Deitatc³⁵)
844 1175 1009 1239 descendit
1030 1178 1063 1237 et
1081 1174 1285 1238 incarnatum
1301 1178 1360 1256 est,
1384 1175 1425 1237 ab

166 1277 240 1360 ipso
260 1264 402 1339 ineffabili
425 1275 645 1359 conceptionis
668 1276 806 1359 exordio,
831 1298 926 1360 quam
949 1277 1010 1339 sibi
1033 1276 1065 1339 in
1088 1278 1180 1339 utero
1202 1275 1337 1358 virginis
1359 1298 1425 1339 ma-

162 1377 224 1441 tris
245 1380 385 1460 potenter
405 1377 559 1461 instituit,
588 1401 689 1442 unum
714 1378 921 1462 eumdemque
943 1377 1054 1441 Jesum
1077 1377 1239 1442 Christum
1262 1377 1425 1440 domiuum

157 1482 315 1563 nostrum,
340 1501 440 1543 uuum
467 1480 674 1564 eumdemque
702 1484 735 1544 et
756 1480 817 1544 Dei
846 1484 878 1544 et
904 1480 1044 1543 hominis
1072 1479 1189 1562 filium,
1219 1502 1319 1543 uuum
1340 1501 1424 1542 emn-

153 1581 292 1664 demque
316 1570 494 1665 inconfuse,
523 1582 659 1646 indivise
682 1582 785 1646 Deum
806 1582 1030 1666 hominemque
1057 1583 1214 1645 veraciter
1235 1603 1424 1664 permanen-

151 1688 221 1747 tem
245 1683 434 1747 intemerata
456 1683 563 1748 Patris
585 1685 657 1769 lege
679 1684 849 1768 prolatum,
879 1685 912 1747 in
938 1683 999 1746 hoc
1031 1685 1150 1748 mundo
1177 1684 1276 1746 fuisse
1291 1684 1424 1767 ¹conspi-

149 1808 261 1867 cuum‚
284 1785 390 1850 divina
412 1786 508 1849 simul
530 1786 734 1870 humanaque
760 1787 907 1871 gessisse,
937 1789 1097 1849 mortuum
1120 1790 1215 1869 atque
1239 1807 1276 1848 ex
1292 1789 1424 1849 mortuis

146 1891 374 1972 resurgentem
405 1889 441 1952 in
467 1888 573 1952 Patris
606 1888 737 1953 dextera
765 1889 918 1972 residere,
954 1888 1112 1974 itaque³⁶)
1141 1887 1215 1950 inde
1243 1891 1421 1970 venturum,

146 1994 185 2054 ut
205 1994 259 2053 est
279 1989 364 2053 visus
385 1990 432 2054 ire
455 1991 490 2054 in
513 1991 626 2074 coelos,
652 1993 783 2055 eatenus
806 1992 1004 2075 profiteatur,
1029 1993 1186 2074 quatenus
1216 1993 1248 2052 et
1269 1990 1423 2052 librorrmr

144 2094 310 2157 memorat
330 2092 462 2156 traditio
483 2092 663 2157 divinorum
686 2098 719 2157 et
738 2093 873 2157 Nicaeni
898 2093 1024 2157 concilii
1044 2093 1181 2157 formam
1197 2092 1297 2154 secuti
1315 2091 1422 2155 cuncti

143 2198 239 2258 retro
259 2193 484 2278 praedicavere
499 2195 683 2279 pontifices:
706 2196 789 2260 sicut
804 2217 912 2259 eorum
927 2198 994 2260 tam
1010 2194 1173 2278 Ephesino
1189 2193 1326 2277 plurima
1340 2215 1422 2256 eom-

143 2300 302 2381 petenter
327 2297 450 2361 inserta
479 2298 665 2380 couventui,
695 2320 757 2382 quo
785 2297 871 2361 beati
899 2319 1002 2381 papae
1026 2296 1199 2361 Coelestini
1226 2296 1422 2379 temporibus

142 2399 345 2464 Nestoriana
359 2399 460 2482 pestis
476 2400 636 2463 exstincta
651 2403 710 2483 est,
735 2422 829 2483 quam
852 2399 935 2461 datis
959 2403 1113 2484 assignatae
1136 2398 1307 2461 memoriae
1322 2397 1422 2462 Leoni

143 2523 254 2587 papae
276 2505 408 2566 sanctae
430 2502 603 2566 memoriae
626 2501 741 2566 Leonis
764 2501 906 2585 epistolis
931 2502 1071 2584 capitula
1085 2500 1230 2585 subjectu
1245 2502 1421 2584 testantia-3

133 2604 264 2689 quibus
294 2603 342 2667 vi'r
369 2603 472 2690 111037)
494 2607 667 2688 permotus,
699 2605 868 2668 consulens
896 2604 994 2668 etiam
1015 2603 1113 2667 totins
1137 2602 1279 2668 Orientis
1302 2604 1421 2687 episco-

139 2729 201 2792 pos
226 2727 399 2790 eorumque
422 2728 575 2790 responsa
597 2706 909 2791 subscriptionesque
932 2694 1026 2791 super
1048 2705 1161 2789 synodi
1184 2703 1421 2770 Calchedonem

139 2809 185 2873 sis
210 2808 482 2893 approbationem
503 2808 691 2892 suscipiens,
716 2830 786 2872 eam
808 2809 992 2872 nullatenus
1015 2829 1127 2894 passus
1149 2810 1197 2870 est
1218 2808 1346 2871 mutari.

234 2910 287 2974 12.
332 2909 402 2986 Quo
434 2910 538 2995 magis
566 2909 751 2975 Christiana
777 2914 884 2974 mente
911 2909 1168 2994 perpendisse),
1206 2913 1238 2971 et
1264 2909 1325 2973 hoc
1353 2931 1421 2973 esse

140 3035 269 3096 verum,
308 3012 391 3098 quod
421 3034 493 3077 cum
523 3012 638 3076 divinis
667 3012 895 3076 assertionibus
924 3011 1153 3076 catholicorum
1180 3011 1219 3074 de
1247 3014 1316 3074 toto
1345 3012 1420 3075 orbe

138 3116 316 3181 doctorum
342 3115 439 3199 louge
468 3117 640 3199 antequam
666 3114 847 3198 hujusmodi
875 3115 1019 3199 quaestio
1047 3116 1248 3195 nasceretur,
1280 3135 1421 3177 consona

139 3218 264 3302 ubique
293 3216 380 3281 dicta
409 3215 611 3299 cecinenmt,
644 3219 677 3280 et
704 3217 774 3281 ideo
802 3217 892 3281 nulla
919 3217 1088 3280 iteratione
1116 3215 1304 3297 refovenda,
1339 3238 1420 3298 quae

138 3322 337 3384 &instarent
360 3319 433 3402 jure
461 3318 630 3382 damnata:
664 3341 705 3382 nc
738 3341 802 3382 non
831 3319 931 3382 solum
961 3340 1055 3382 causa
1082 3338 1233 3400 praesens
1262 3318 1296 3379 in
1325 3339 1419 3380 omne

138 3421 299 3487 catholici
332 3419 472 3483 nominis
504 3419 664 3504 tendat³⁹)
698 3421 847 3503 exitimn,
891 3420 944 3483 sed
979 3419 1076 3482 etiam
1117 3418 1240 3483 cunctis
1281 3419 1418 3483 haeresi-

134 3615 209 3664 tione
287 3613 439 3677 capnitionie
456 3611 563 3660 evectio.
600 3611 764 3670 alterniuistie,
784 3613 987 3675 quemadmodum
1059 3613 1195 3661 excedere.
1232 3610 1272 3673 a³,
1293 3607 1419 3660 codicum

133 3712 203 3748 mx.
224 3709 346 3763 expers,
367 3692 430 3746 1000
448 3696 598 3760 copnitionis
621 3691 709 3746 suasit
730 3696 915 3745 constitutionis
939 3708 987 3745 seu
1011 3697 1175 3758 definitionis,
1200 3695 1225 3745 06
1242 3698 1418 3759 protectionis,

134 3779 184 3834 ubi
204 3782 308 3833 tamen
325 3793 378 3832 nec
396 3794 492 3832 sensus
508 3793 560 3830 nee
579 3776 670 3830 oratio
689 3776 757 3830 satis
776 3779 897 3830 sanatur.

204 3865 239 3931 ⁸)
259 3863 308 3916 lta
319 3861 353 3916 ΕΙ
367 3861 412 3927 E'3
430 3862 464 3916 F²
480 3868 608 3932 saerilepa
625 3868 781 3916 commendat
842 3867 956 3923 instruit,
976 3861 1045 3915 editi
1056 3869 1192 3930 socriiepio
1204 3867 1370 3916 condemnate

130 3957 379 4020 sempiternamque.

201 4037 240 4102 ⁸⁵)
261 4032 310 4086 Ita
321 4030 355 4084 ΕΙ
368 4030 402 4084 E'
414 4031 455 4085 F'.
485 4032 560 4086 Editi
579 4038 675 4087 deitate
693 4043 718 4086 et
736 4038 894 4086 incorrectum
911 4045 950 4086 esi
968 4044 993 4086 et
1010 4036 1042 4086 ob
1055 4038 1111 4101 ipso
1130 4037 1266 4100 ineffabilis
1329 4045 1418 4101 polea

129 4132 172 4175 ter
189 4123 337 4174 innuo.

200 4207 237 4272 Ι)
259 4200 344 4256 Editi
360 4207 466 4271 itemque
484 4217 603 4271 moxque
621 4209 806 4272 profiterentur
864 4207 962 4269 forna,
980 4209 1056 4257 sicuti
1117 4208 1154 4256 sio
1173 4221 1256 4256 eorum
1270 4214 1318 4254 tum
1333 4206 1416 4270 Episc-

127 4298 187 4345 eino
203 4294 300 4359 primo
319 4297 492 4354 competenter
508 4294 615 4343 inserta.
649 4287 682 4341 Ε1
696 4288 730 4340 E*
743 4288 776 4340 1⁴²²
794 4286 943 4355 sequimur.

198 4377 234 4442 ³⁷)
257 4372 306 4426 Ita
325 4369 358 4424 Ε1
372 4370 407 4424 11ι
418 4370 459 4425 W.
494 4371 571 4425 Edibi
593 4379 634 4426 ille
652 4379 785 4426 consedens
860 4381 988 4442 episcopis
1062 4395 1093 4427 eo
1111 4381 1251 4427 nisiinteuns
1322 4394 1416 4440 ‹appro-

125 4466 247 4517 batione.
268 4487 305 4497 -
324 4454 367 4508 Ex
384 4455 483 4511 horum
504 4456 643 4526 responsis
667 4457 846 4512 concinnatus
865 4461 907 4512 est
928 4458 1000 4512 liber
1023 4457 1172 4527 encyclius,
1195 4475 1279 4525 quem
1296 4458 1417 4527 Epipha·

123 4547 189 4601 nius
213 4539 409 4598 scholasticus
432 4544 464 4595 ut
484 4541 513 4595 in
530 4542 695 4597 Belvaccnci
718 4543 813 4597 codice
836 4545 962 4609 notatur,
985 4543 1013 4596 in
1036 4544 1153 4598 latinum
1175 4560 1331 4597 sermonem
1354 4561 1416 4597 eou-

123 4631 223 4686 vertit.

194 4718 234 4783 ¹⁴³)
256 4713 306 4766 lea
324 4709 358 4764 E¹
378 4709 465 4765 E'F'.
502 4710 578 4766 Editi
600 4720 750 4783 perpendit,
774 4729 893 4782 moxque
915 4721 1082 4769 eonsennntin
1106 4714 1149 4780 (F2
1172 4718 1305 4776 consonuit
1328 4719 1416 4784 sibique

119 4808 197 4857 dicta
216 4803 415 4853 concinuerant
485 4802 648 4865 refodienda.
926 4832 934 4842 -

194 4887 233 4952 ¹³)
254 4884 304 4937 Ita
322 4880 356 4934 In
370 4880 418 4948 13¹,
440 4880 493 4936 uisi
515 4882 591 4952 quod
613 4900 675 4937 cum
693 4883 726 4937 Ρ*
745 4891 853 4939 exilium.
890 4884 966 4938 Editi
989 4887 1018 4938 et
1035 4885 1068 4937 F²
1086 4891 1220 4941 exierisne.
1255 4884 1416 4941 Lectionem

118 4973 262 5028 nostram
285 4966 458 5023 cenomani
478 4966 529 5023 illa
546 4968 686 5037 sequentis
704 4969 840 5040 epistolae
858 4988 884 5024 n.
904 4977 932 5026 8:
958 4973 1031 5025 Uinde
1048 4976 1072 5026 si
1093 4982 1183 5025 eontra
1200 4977 1293 5040 synodi
1310 4976 1415 5026 Cande—

737 5167 753 5217 ὶ
