<?xml version="1.0" encoding="UTF-8"?>
<!DOCTYPE html PUBLIC "-//W3C//DTD XHTML 1.0 Transitional//EN"
    "http://www.w3.org/TR/xhtml1/DTD/xhtml1-transitional.dtd">
<html xmlns="http://www.w3.org/1999/xhtml" xml:lang="en" lang="en">
 <head>
  <title>
</title>
<meta http-equiv="Content-Type" content="text/html;charset=utf-8" />
  <meta name='ocr-system' content='tesseract 3.04.00' />
  <meta name='ocr-capabilities' content='ocr_page ocr_carea ocr_par ocr_line ocrx_word'/>
</head>
<body>
  <div class='ocr_page' id='page_1' title='image "./epistolaeromano00thiegoog/epistolaeromano00thiegoog_0999.png"; bbox 0 0 3204 5506; ppageno 0'>
   <div class='ocr_carea' id='block_1_1' title="bbox 169 317 1003 383">
    <p class='ocr_par' dir='ltr' id='par_1_1' title="bbox 169 317 1003 383">
     <span class='ocr_line' id='line_1_1' title="bbox 169 317 1003 383; baseline -0.013 0"><span class='ocrx_word' id='word_1_1' title='bbox 169 317 234 383; x_wconf 79' lang='grc'><strong>950</strong></span> <span class='ocrx_word' id='word_1_2' title='bbox 613 328 640 377; x_wconf 88' lang='lat' dir='ltr'><strong>s.</strong></span> <span class='ocrx_word' id='word_1_3' title='bbox 656 326 864 376; x_wconf 74' lang='lat' dir='ltr'><strong>normanna</strong></span> <span class='ocrx_word' id='word_1_4' title='bbox 886 325 1003 374; x_wconf 74' lang='lat' dir='ltr'><strong>ouras</strong></span> 
     </span>
    </p>
   </div>
   <div class='ocr_carea' id='block_1_2' title="bbox 61 479 1501 3009">
    <p class='ocr_par' dir='ltr' id='par_1_2' title="bbox 61 479 1501 1483">
     <span class='ocr_line' id='line_1_2' title="bbox 61 479 1442 570; baseline -0.002 -20"><span class='ocrx_word' id='word_1_5' title='bbox 61 521 86 558; x_wconf 67' lang='lat' dir='ltr'><strong>a,</strong></span> <span class='ocrx_word' id='word_1_6' title='bbox 97 509 155 559; x_wconf 73' lang='lat'><strong>520,</strong></span> <span class='ocrx_word' id='word_1_7' title='bbox 169 489 270 551; x_wconf 88' lang='lat' dir='ltr'><strong>stram</strong></span> <span class='ocrx_word' id='word_1_8' title='bbox 285 484 559 570; x_wconf 74' lang='lat' dir='ltr'>dispensationem</span> <span class='ocrx_word' id='word_1_9' title='bbox 574 483 684 547; x_wconf 87' lang='lat' dir='ltr'><strong>tantas</strong></span> <span class='ocrx_word' id='word_1_10' title='bbox 698 480 826 566; x_wconf 90' lang='lat' dir='ltr'><strong>quidem</strong></span> <span class='ocrx_word' id='word_1_11' title='bbox 842 483 971 545; x_wconf 86' lang='lat' dir='ltr'><strong>sanctas</strong></span> <span class='ocrx_word' id='word_1_12' title='bbox 986 479 1142 546; x_wconf 87' lang='lat' dir='ltr'><strong>ecclesias</strong></span> <span class='ocrx_word' id='word_1_13' title='bbox 1157 481 1336 566; x_wconf 84' lang='lat' dir='ltr'><strong>tantosque</strong></span> <span class='ocrx_word' id='word_1_14' title='bbox 1346 502 1442 547; x_wconf 84' lang='lat' dir='ltr'><strong>eorum</strong></span> 
     </span>
     <span class='ocr_line' id='line_1_3' title="bbox 169 581 1445 667; baseline -0.003 -15"><span class='ocrx_word' id='word_1_15' title='bbox 169 587 350 653; x_wconf 76' lang='lat' dir='ltr'><strong>sacerdotes</strong></span> <span class='ocrx_word' id='word_1_16' title='bbox 384 588 416 650; x_wconf 91' lang='lat' dir='ltr'><strong>et</strong></span> <span class='ocrx_word' id='word_1_17' title='bbox 450 585 689 650; x_wconf 72' lang='lat' dir='ltr'><strong>multitudinem</strong></span> <span class='ocrx_word' id='word_1_18' title='bbox 721 581 1005 667; x_wconf 79' lang='lat' dir='ltr'><strong>innumerabilem,</strong></span> <span class='ocrx_word' id='word_1_19' title='bbox 1040 604 1130 647; x_wconf 91' lang='lat' dir='ltr'><strong>nunc</strong></span> <span class='ocrx_word' id='word_1_20' title='bbox 1164 581 1299 667; x_wconf 92' lang='lat' dir='ltr'><strong>quidem</strong></span> <span class='ocrx_word' id='word_1_21' title='bbox 1331 582 1445 648; x_wconf 83' lang='lat' dir='ltr'><strong>unitam</strong></span> 
     </span>
     <span class='ocr_line' id='line_1_4' title="bbox 169 684 1445 772; baseline -0.002 -19"><span class='ocrx_word' id='word_1_22' title='bbox 169 692 301 754; x_wconf 88' lang='lat' dir='ltr'><strong>sanotae</strong></span> <span class='ocrx_word' id='word_1_23' title='bbox 329 687 508 771; x_wconf 78' lang='lat' dir='ltr'><strong>Ecclesiae,</strong></span> <span class='ocrx_word' id='word_1_24' title='bbox 542 686 780 772; x_wconf 83' lang='lat' dir='ltr'><strong>periclitantem</strong></span> <span class='ocrx_word' id='word_1_25' title='bbox 808 687 915 749; x_wconf 91' lang='lat' dir='ltr'><strong>autem</strong></span> <span class='ocrx_word' id='word_1_26' title='bbox 943 685 976 749; x_wconf 90' lang='lat' dir='ltr'><strong>et</strong></span> <span class='ocrx_word' id='word_1_27' title='bbox 1004 685 1236 769; x_wconf 83' lang='lat' dir='ltr'><strong>errantem¹²),</strong></span> <span class='ocrx_word' id='word_1_28' title='bbox 1272 684 1301 749; x_wconf 92' lang='lat' dir='ltr'><strong>si</strong></span> <span class='ocrx_word' id='word_1_29' title='bbox 1330 689 1445 750; x_wconf 80' lang='lat' dir='ltr'><strong>restrae</strong></span> 
     </span>
     <span class='ocr_line' id='line_1_5' title="bbox 169 784 1501 875; baseline -0.002 -21"><span class='ocrx_word' id='word_1_30' title='bbox 169 789 381 855; x_wconf 83' lang='lat' dir='ltr'><strong>beatitudinis</strong></span> <span class='ocrx_word' id='word_1_31' title='bbox 397 788 650 874; x_wconf 81' lang='lat' dir='ltr'><strong>gubernaculum</strong></span> <span class='ocrx_word' id='word_1_32' title='bbox 666 788 888 869; x_wconf 88' lang='lat' dir='ltr'><strong>commoretur,</strong></span> <span class='ocrx_word' id='word_1_33' title='bbox 913 788 945 850; x_wconf 94' lang='lat' dir='ltr'><strong>et</strong></span> <span class='ocrx_word' id='word_1_34' title='bbox 960 786 1099 850; x_wconf 82' lang='lat' dir='ltr'><strong>maxime</strong></span> <span class='ocrx_word' id='word_1_35' title='bbox 1114 784 1177 869; x_wconf 88' lang='lat' dir='ltr'><strong>his,</strong></span> <span class='ocrx_word' id='word_1_36' title='bbox 1202 786 1258 871; x_wconf 89' lang='lat' dir='ltr'><strong>qui</strong></span> <span class='ocrx_word' id='word_1_37' title='bbox 1282 787 1318 851; x_wconf 93' lang='lat' dir='ltr'><strong>in</strong></span> <span class='ocrx_word' id='word_1_38' title='bbox 1334 790 1446 852; x_wconf 82' lang='lat' dir='ltr'><strong>sanctis</strong></span> <span class='ocrx_word' id='word_1_39' title='bbox 1498 868 1501 875; x_wconf 25' lang='grc' dir='ltr'>Ι</span> 
     </span>
     <span class='ocr_line' id='line_1_6' title="bbox 170 886 1446 972; baseline -0.001 -16"><span class='ocrx_word' id='word_1_40' title='bbox 170 891 249 956; x_wconf 91' lang='lat' dir='ltr'><strong>locis</strong></span> <span class='ocrx_word' id='word_1_41' title='bbox 271 889 423 955; x_wconf 88' lang='lat' dir='ltr'><strong>habitant</strong></span> <span class='ocrx_word' id='word_1_42' title='bbox 445 890 565 956; x_wconf 83' lang='lat' dir='ltr'><strong>Christi</strong></span> <span class='ocrx_word' id='word_1_43' title='bbox 586 891 648 955; x_wconf 90' lang='lat' dir='ltr'><strong>Dei</strong></span> <span class='ocrx_word' id='word_1_44' title='bbox 670 889 784 970; x_wconf 84' lang='lat' dir='ltr'><strong>nostri,</strong></span> <span class='ocrx_word' id='word_1_45' title='bbox 807 888 854 952; x_wconf 92' lang='lat' dir='ltr'><strong>ita</strong></span> <span class='ocrx_word' id='word_1_46' title='bbox 875 888 992 972; x_wconf 92' lang='lat' dir='ltr'><strong>ubique</strong></span> <span class='ocrx_word' id='word_1_47' title='bbox 1015 889 1139 953; x_wconf 88' lang='lat' dir='ltr'><strong>sanctis</strong></span> <span class='ocrx_word' id='word_1_48' title='bbox 1166 886 1382 953; x_wconf 81' lang='lat' dir='ltr'><strong>adhaerentes</strong></span> <span class='ocrx_word' id='word_1_49' title='bbox 1402 912 1446 955; x_wconf 89' lang='lat' dir='ltr'><strong>ec·</strong></span> 
     </span>
     <span class='ocr_line' id='line_1_7' title="bbox 172 989 1448 1077; baseline -0.002 -20"><span class='ocrx_word' id='word_1_50' title='bbox 172 992 292 1075; x_wconf 89' lang='lat' dir='ltr'><strong>clesiis,</strong></span> <span class='ocrx_word' id='word_1_51' title='bbox 323 996 360 1057; x_wconf 93' lang='lat' dir='ltr'><strong>ut</strong></span> <span class='ocrx_word' id='word_1_52' title='bbox 387 1014 497 1057; x_wconf 89' lang='lat' dir='ltr'><strong>eorum</strong></span> <span class='ocrx_word' id='word_1_53' title='bbox 524 993 633 1077; x_wconf 88' lang='lat' dir='ltr'><strong>respui</strong></span> <span class='ocrx_word' id='word_1_54' title='bbox 659 1013 726 1056; x_wconf 93' lang='lat' dir='ltr'><strong>non</strong></span> <span class='ocrx_word' id='word_1_55' title='bbox 753 991 870 1055; x_wconf 89' lang='lat' dir='ltr'><strong>debeat</strong></span> <span class='ocrx_word' id='word_1_56' title='bbox 896 989 1078 1054; x_wconf 87' lang='lat' dir='ltr'><strong>multitudo.</strong></span> <span class='ocrx_word' id='word_1_57' title='bbox 1128 989 1219 1054; x_wconf 89' lang='lat' dir='ltr'><strong>Nam</strong></span> <span class='ocrx_word' id='word_1_58' title='bbox 1251 1011 1364 1055; x_wconf 91' lang='lat' dir='ltr'><strong>omnes</strong></span> <span class='ocrx_word' id='word_1_59' title='bbox 1396 1014 1448 1076; x_wconf 88' lang='lat' dir='ltr'><strong>per</strong></span> 
     </span>
     <span class='ocr_line' id='line_1_8' title="bbox 171 1091 1449 1179; baseline 0.001 -21"><span class='ocrx_word' id='word_1_60' title='bbox 171 1093 414 1179; x_wconf 83' lang='lat' dir='ltr'><strong>suggestionem</strong></span> <span class='ocrx_word' id='word_1_61' title='bbox 441 1115 551 1158; x_wconf 88' lang='lat' dir='ltr'><strong>eorum</strong></span> <span class='ocrx_word' id='word_1_62' title='bbox 577 1094 625 1158; x_wconf 90' lang='lat' dir='ltr'><strong>ita</strong></span> <span class='ocrx_word' id='word_1_63' title='bbox 652 1094 687 1157; x_wconf 94' lang='lat' dir='ltr'><strong>in</strong></span> <span class='ocrx_word' id='word_1_64' title='bbox 715 1091 942 1156; x_wconf 87' lang='lat' dir='ltr'><strong>obstinationis</strong></span> <span class='ocrx_word' id='word_1_65' title='bbox 970 1113 1046 1156; x_wconf 89' lang='lat' dir='ltr'><strong>suae</strong></span> <span class='ocrx_word' id='word_1_66' title='bbox 1074 1091 1159 1156; x_wconf 88' lang='lat' dir='ltr'><strong>malo</strong></span> <span class='ocrx_word' id='word_1_67' title='bbox 1188 1092 1383 1177; x_wconf 88' lang='lat' dir='ltr'><strong>perdurant,</strong></span> <span class='ocrx_word' id='word_1_68' title='bbox 1415 1101 1449 1159; x_wconf 89' lang='lat' dir='ltr'><strong>nt</strong></span> 
     </span>
     <span class='ocr_line' id='line_1_9' title="bbox 171 1192 1449 1279; baseline -0.001 -18"><span class='ocrx_word' id='word_1_69' title='bbox 171 1195 273 1261; x_wconf 82' lang='lat' dir='ltr'><strong>velint</strong></span> <span class='ocrx_word' id='word_1_70' title='bbox 295 1198 371 1260; x_wconf 90' lang='lat' dir='ltr'><strong>ante</strong></span> <span class='ocrx_word' id='word_1_71' title='bbox 394 1216 411 1260; x_wconf 99' lang='lat' dir='ltr'><strong>e</strong></span> <span class='ocrx_word' id='word_1_72' title='bbox 432 1195 501 1260; x_wconf 84' lang='lat' dir='ltr'><strong>vita</strong></span> <span class='ocrx_word' id='word_1_73' title='bbox 522 1195 685 1279; x_wconf 86' lang='lat' dir='ltr'><strong>recedere,</strong></span> <span class='ocrx_word' id='word_1_74' title='bbox 713 1216 809 1279; x_wconf 89' lang='lat' dir='ltr'><strong>quam</strong></span> <span class='ocrx_word' id='word_1_75' title='bbox 831 1193 1014 1279; x_wconf 82' lang='lat' dir='ltr'><strong>excogitata</strong></span> <span class='ocrx_word' id='word_1_76' title='bbox 1036 1192 1235 1279; x_wconf 85' lang='lat' dir='ltr'><strong>relinquere:</strong></span> <span class='ocrx_word' id='word_1_77' title='bbox 1259 1197 1297 1259; x_wconf 90' lang='lat' dir='ltr'><strong>ut</strong></span> <span class='ocrx_word' id='word_1_78' title='bbox 1319 1195 1347 1259; x_wconf 90' lang='lat' dir='ltr'><strong>si</strong></span> <span class='ocrx_word' id='word_1_79' title='bbox 1368 1195 1449 1260; x_wconf 89' lang='lat' dir='ltr'><strong>Deus</strong></span> 
     </span>
     <span class='ocr_line' id='line_1_10' title="bbox 171 1295 1449 1381; baseline 0.001 -20"><span class='ocrx_word' id='word_1_80' title='bbox 171 1297 230 1362; x_wconf 87' lang='lat' dir='ltr'><strong>hos</strong></span> <span class='ocrx_word' id='word_1_81' title='bbox 257 1319 316 1381; x_wconf 92' lang='lat' dir='ltr'><strong>per</strong></span> <span class='ocrx_word' id='word_1_82' title='bbox 341 1299 483 1362; x_wconf 87' lang='lat' dir='ltr'><strong>vestram</strong></span> <span class='ocrx_word' id='word_1_83' title='bbox 509 1296 742 1362; x_wconf 84' lang='lat' dir='ltr'><strong>beatitudinem</strong></span> <span class='ocrx_word' id='word_1_84' title='bbox 771 1295 907 1359; x_wconf 89' lang='lat' dir='ltr'><strong>adunari</strong></span> <span class='ocrx_word' id='word_1_85' title='bbox 934 1297 1151 1380; x_wconf 83' lang='lat' dir='ltr'><strong>praeceperit,</strong></span> <span class='ocrx_word' id='word_1_86' title='bbox 1188 1298 1318 1361; x_wconf 85' lang='lat' dir='ltr'><strong>vestrae</strong></span> <span class='ocrx_word' id='word_1_87' title='bbox 1350 1296 1449 1362; x_wconf 85' lang='lat' dir='ltr'><strong>laudis</strong></span> 
     </span>
     <span class='ocr_line' id='line_1_11' title="bbox 171 1397 1275 1483; baseline -0.001 -20"><span class='ocrx_word' id='word_1_88' title='bbox 171 1400 321 1465; x_wconf 91' lang='lat' dir='ltr'><strong>meritum</strong></span> <span class='ocrx_word' id='word_1_89' title='bbox 343 1402 377 1464; x_wconf 92' lang='lat' dir='ltr'><strong>et</strong></span> <span class='ocrx_word' id='word_1_90' title='bbox 398 1398 622 1483; x_wconf 88' lang='lat' dir='ltr'><strong>praesentibus</strong></span> <span class='ocrx_word' id='word_1_91' title='bbox 645 1400 678 1462; x_wconf 90' lang='lat' dir='ltr'><strong>et</strong></span> <span class='ocrx_word' id='word_1_92' title='bbox 698 1397 816 1461; x_wconf 89' lang='lat' dir='ltr'><strong>futuris</strong></span> <span class='ocrx_word' id='word_1_93' title='bbox 839 1397 1041 1462; x_wconf 84' lang='lat' dir='ltr'><strong>adscribatur</strong></span> <span class='ocrx_word' id='word_1_94' title='bbox 1062 1397 1275 1482; x_wconf 84' lang='lat' dir='ltr'><strong>temporibus.</strong></span> 
     </span>
    </p>

    <p class='ocr_par' dir='ltr' id='par_1_3' title="bbox 172 1498 1450 1889">
     <span class='ocr_line' id='line_1_12' title="bbox 256 1498 1448 1585; baseline 0.003 -20"><span class='ocrx_word' id='word_1_95' title='bbox 256 1501 287 1565; x_wconf 89' lang='lat'><strong>3.</strong></span> <span class='ocrx_word' id='word_1_96' title='bbox 321 1500 401 1564; x_wconf 90' lang='lat' dir='ltr'><strong>Oret</strong></span> <span class='ocrx_word' id='word_1_97' title='bbox 427 1500 529 1585; x_wconf 90' lang='lat' dir='ltr'><strong>igitur</strong></span> <span class='ocrx_word' id='word_1_98' title='bbox 554 1503 663 1565; x_wconf 86' lang='lat' dir='ltr'><strong>vestra</strong></span> <span class='ocrx_word' id='word_1_99' title='bbox 689 1499 848 1564; x_wconf 90' lang='lat' dir='ltr'><strong>sanctitas</strong></span> <span class='ocrx_word' id='word_1_100' title='bbox 873 1500 941 1563; x_wconf 88' lang='lat' dir='ltr'><strong>tam</strong></span> <span class='ocrx_word' id='word_1_101' title='bbox 968 1519 1026 1583; x_wconf 87' lang='lat' dir='ltr'><strong>pro</strong></span> <span class='ocrx_word' id='word_1_102' title='bbox 1056 1498 1211 1584; x_wconf 87' lang='lat' dir='ltr'><strong>piissimis</strong></span> <span class='ocrx_word' id='word_1_103' title='bbox 1240 1504 1276 1565; x_wconf 88' lang='lat' dir='ltr'><strong>et</strong></span> <span class='ocrx_word' id='word_1_104' title='bbox 1299 1500 1448 1567; x_wconf 70' lang='lat' dir='ltr'><strong>Christis</strong></span> 
     </span>
     <span class='ocr_line' id='line_1_13' title="bbox 172 1599 1447 1687; baseline 0.001 -20"><span class='ocrx_word' id='word_1_105' title='bbox 172 1601 314 1667; x_wconf 90' lang='lat' dir='ltr'><strong>nissimis</strong></span> <span class='ocrx_word' id='word_1_106' title='bbox 334 1600 544 1686; x_wconf 86' lang='lat' dir='ltr'><strong>principibus,</strong></span> <span class='ocrx_word' id='word_1_107' title='bbox 568 1623 664 1686; x_wconf 90' lang='lat' dir='ltr'><strong>quam</strong></span> <span class='ocrx_word' id='word_1_108' title='bbox 679 1622 737 1686; x_wconf 93' lang='lat' dir='ltr'><strong>pro</strong></span> <span class='ocrx_word' id='word_1_109' title='bbox 753 1605 863 1665; x_wconf 89' lang='lat' dir='ltr'><strong>nostra</strong></span> <span class='ocrx_word' id='word_1_110' title='bbox 878 1599 1038 1685; x_wconf 81' lang='lat' dir='ltr'><strong>parvitate</strong></span> <span class='ocrx_word' id='word_1_111' title='bbox 1053 1604 1086 1665; x_wconf 94' lang='lat' dir='ltr'><strong>et</strong></span> <span class='ocrx_word' id='word_1_112' title='bbox 1100 1601 1281 1667; x_wconf 84' lang='lat' dir='ltr'><strong>universali</strong></span> <span class='ocrx_word' id='word_1_113' title='bbox 1294 1603 1447 1687; x_wconf 89' lang='lat' dir='ltr'><strong>unitione,</strong></span> 
     </span>
     <span class='ocr_line' id='line_1_14' title="bbox 173 1701 1450 1788; baseline 0.002 -20"><span class='ocrx_word' id='word_1_114' title='bbox 173 1707 211 1768; x_wconf 89' lang='lat' dir='ltr'><strong>ut</strong></span> <span class='ocrx_word' id='word_1_115' title='bbox 237 1703 345 1788; x_wconf 90' lang='lat' dir='ltr'><strong>gratia</strong></span> <span class='ocrx_word' id='word_1_116' title='bbox 373 1706 506 1768; x_wconf 88' lang='lat' dir='ltr'><strong>sanctae</strong></span> <span class='ocrx_word' id='word_1_117' title='bbox 533 1705 565 1767; x_wconf 91' lang='lat' dir='ltr'><strong>et</strong></span> <span class='ocrx_word' id='word_1_118' title='bbox 592 1704 687 1767; x_wconf 91' lang='lat' dir='ltr'><strong>unius</strong></span> <span class='ocrx_word' id='word_1_119' title='bbox 715 1702 872 1767; x_wconf 87' lang='lat' dir='ltr'><strong>essentiae</strong></span> <span class='ocrx_word' id='word_1_120' title='bbox 900 1701 1070 1767; x_wconf 85' lang='lat' dir='ltr'><strong>Trinitatis</strong></span> <span class='ocrx_word' id='word_1_121' title='bbox 1098 1706 1132 1767; x_wconf 92' lang='lat' dir='ltr'><strong>et</strong></span> <span class='ocrx_word' id='word_1_122' title='bbox 1165 1702 1450 1770; x_wconf 86' lang='lat' dir='ltr'><strong>intercessionibus</strong></span> 
     </span>
     <span class='ocr_line' id='line_1_15' title="bbox 174 1803 1450 1889; baseline 0.002 -19"><span class='ocrx_word' id='word_1_123' title='bbox 174 1804 323 1870; x_wconf 88' lang='lat' dir='ltr'><strong>dominae</strong></span> <span class='ocrx_word' id='word_1_124' title='bbox 338 1806 468 1869; x_wconf 88' lang='lat' dir='ltr'><strong>nostrae</strong></span> <span class='ocrx_word' id='word_1_125' title='bbox 483 1808 616 1870; x_wconf 90' lang='lat' dir='ltr'><strong>sanctae</strong></span> <span class='ocrx_word' id='word_1_126' title='bbox 638 1806 671 1869; x_wconf 89' lang='lat' dir='ltr'><strong>et</strong></span> <span class='ocrx_word' id='word_1_127' title='bbox 686 1804 845 1889; x_wconf 91' lang='lat' dir='ltr'><strong>gloriosae</strong></span> <span class='ocrx_word' id='word_1_128' title='bbox 859 1804 996 1889; x_wconf 85' lang='lat' dir='ltr'><strong>virginis</strong></span> <span class='ocrx_word' id='word_1_129' title='bbox 1019 1806 1053 1868; x_wconf 91' lang='lat' dir='ltr'><strong>et</strong></span> <span class='ocrx_word' id='word_1_130' title='bbox 1066 1803 1129 1869; x_wconf 91' lang='lat' dir='ltr'><strong>Dei</strong></span> <span class='ocrx_word' id='word_1_131' title='bbox 1142 1805 1315 1889; x_wconf 85' lang='lat' dir='ltr'><strong>genitricis</strong></span> <span class='ocrx_word' id='word_1_132' title='bbox 1331 1806 1450 1872; x_wconf 87' lang='lat' dir='ltr'><strong>Mariae</strong></span> 
     </span>
    </p>

    <p class='ocr_par' dir='ltr' id='par_1_4' title="bbox 109 1905 1449 2093">
     <span class='ocr_line' id='line_1_16' title="bbox 109 1905 1449 1989; baseline 0.003 -19"><span class='ocrx_word' id='word_1_133' title='bbox 109 1938 119 1957; x_wconf 82' lang='lat'><em>.</em></span> <span class='ocrx_word' id='word_1_134' title='bbox 175 1907 283 1971; x_wconf 88' lang='lat' dir='ltr'><strong>omnia</strong></span> <span class='ocrx_word' id='word_1_135' title='bbox 310 1906 351 1970; x_wconf 92' lang='lat' dir='ltr'><strong>ad</strong></span> <span class='ocrx_word' id='word_1_136' title='bbox 376 1907 536 1971; x_wconf 90' lang='lat' dir='ltr'><strong>unitatem</strong></span> <span class='ocrx_word' id='word_1_137' title='bbox 563 1906 735 1971; x_wconf 88' lang='lat' dir='ltr'><strong>indivisam</strong></span> <span class='ocrx_word' id='word_1_138' title='bbox 764 1905 974 1989; x_wconf 86' lang='lat' dir='ltr'><strong>conveniant,</strong></span> <span class='ocrx_word' id='word_1_139' title='bbox 1007 1908 1040 1969; x_wconf 91' lang='lat' dir='ltr'><strong>et</strong></span> <span class='ocrx_word' id='word_1_140' title='bbox 1065 1905 1318 1973; x_wconf 90' lang='lat' dir='ltr'><strong>fundamentum</strong></span> <span class='ocrx_word' id='word_1_141' title='bbox 1344 1909 1449 1974; x_wconf 87' lang='lat' dir='ltr'><strong>incon-</strong></span> 
     </span>
     <span class='ocr_line' id='line_1_17' title="bbox 175 2006 1417 2093; baseline 0.001 -19"><span class='ocrx_word' id='word_1_142' title='bbox 175 2031 302 2074; x_wconf 90' lang='lat' dir='ltr'><strong>cussum</strong></span> <span class='ocrx_word' id='word_1_143' title='bbox 325 2006 502 2072; x_wconf 90' lang='lat' dir='ltr'><strong>catholicae</strong></span> <span class='ocrx_word' id='word_1_144' title='bbox 524 2008 600 2073; x_wconf 89' lang='lat' dir='ltr'><strong>fidei</strong></span> <span class='ocrx_word' id='word_1_145' title='bbox 622 2008 838 2091; x_wconf 89' lang='lat' dir='ltr'><strong>confirmetur,</strong></span> <span class='ocrx_word' id='word_1_146' title='bbox 862 2029 920 2093; x_wconf 90' lang='lat' dir='ltr'><strong>per</strong></span> <span class='ocrx_word' id='word_1_147' title='bbox 941 2007 1049 2072; x_wconf 91' lang='lat' dir='ltr'><strong>omnia</strong></span> <span class='ocrx_word' id='word_1_148' title='bbox 1071 2008 1278 2073; x_wconf 87' lang='lat' dir='ltr'><strong>sanctissime</strong></span> <span class='ocrx_word' id='word_1_149' title='bbox 1299 2009 1417 2075; x_wconf 82' lang='lat' dir='ltr'><strong>frater!</strong></span> 
     </span>
    </p>

    <p class='ocr_par' dir='ltr' id='par_1_5' title="bbox 176 2108 1449 3009">
     <span class='ocr_line' id='line_1_18' title="bbox 259 2108 1449 2176; baseline 0.003 -2"><span class='ocrx_word' id='word_1_150' title='bbox 259 2111 290 2174; x_wconf 82' lang='lat'><strong>4.</strong></span> <span class='ocrx_word' id='word_1_151' title='bbox 324 2109 450 2174; x_wconf 86' lang='lat' dir='ltr'><strong>Indicia</strong></span> <span class='ocrx_word' id='word_1_152' title='bbox 471 2112 578 2175; x_wconf 88' lang='lat' dir='ltr'><strong>autem</strong></span> <span class='ocrx_word' id='word_1_153' title='bbox 600 2113 729 2174; x_wconf 90' lang='lat' dir='ltr'><strong>nostrae</strong></span> <span class='ocrx_word' id='word_1_154' title='bbox 745 2109 920 2174; x_wconf 89' lang='lat' dir='ltr'><strong>secundum</strong></span> <span class='ocrx_word' id='word_1_155' title='bbox 936 2108 1098 2175; x_wconf 81' lang='lat' dir='ltr'><strong>Christum</strong></span> <span class='ocrx_word' id='word_1_156' title='bbox 1113 2109 1292 2176; x_wconf 91' lang='lat' dir='ltr'><strong>Dominum</strong></span> <span class='ocrx_word' id='word_1_157' title='bbox 1307 2116 1449 2176; x_wconf 88' lang='lat' dir='ltr'><strong>nostrum</strong></span> 
     </span>
     <span class='ocr_line' id='line_1_19' title="bbox 176 2211 1449 2305; baseline 0.002 -28"><span class='ocrx_word' id='word_1_158' title='bbox 176 2211 320 2277; x_wconf 88' lang='lat' dir='ltr'><strong>caritatis</strong></span> <span class='ocrx_word' id='word_1_159' title='bbox 342 2232 400 2296; x_wconf 91' lang='lat' dir='ltr'><strong>per</strong></span> <span class='ocrx_word' id='word_1_160' title='bbox 422 2212 506 2276; x_wconf 86' lang='lat' dir='ltr'><strong>viros</strong></span> <span class='ocrx_word' id='word_1_161' title='bbox 527 2212 808 2290; x_wconf 85' lang='lat' dir='ltr'><strong>reverendissimos</strong></span> <span class='ocrx_word' id='word_1_162' title='bbox 823 2211 1055 2305; x_wconf 82' lang='lat' dir='ltr'><strong>destinavimus</strong></span> <span class='ocrx_word' id='word_1_163' title='bbox 1070 2211 1158 2295; x_wconf 54' lang='lat' dir='ltr'><strong>adm)</strong></span> <span class='ocrx_word' id='word_1_164' title='bbox 1180 2212 1449 2279; x_wconf 87' lang='lat' dir='ltr'><strong>ministrationem</strong></span> 
     </span>
     <span class='ocr_line' id='line_1_20' title="bbox 176 2312 1448 2398; baseline 0.002 -20"><span class='ocrx_word' id='word_1_165' title='bbox 176 2313 304 2378; x_wconf 81' lang='lat' dir='ltr'><strong>divinae</strong></span> <span class='ocrx_word' id='word_1_166' title='bbox 320 2313 463 2377; x_wconf 90' lang='lat' dir='ltr'><strong>culturae</strong></span> <span class='ocrx_word' id='word_1_167' title='bbox 479 2315 512 2377; x_wconf 90' lang='lat' dir='ltr'><strong>et</strong></span> <span class='ocrx_word' id='word_1_168' title='bbox 527 2318 659 2378; x_wconf 92' lang='lat' dir='ltr'><strong>sanctae</strong></span> <span class='ocrx_word' id='word_1_169' title='bbox 675 2313 869 2398; x_wconf 88' lang='lat' dir='ltr'><strong>apostolicae</strong></span> <span class='ocrx_word' id='word_1_170' title='bbox 884 2316 1009 2378; x_wconf 72' lang='lat' dir='ltr'><strong>vestrm</strong></span> <span class='ocrx_word' id='word_1_171' title='bbox 1024 2312 1180 2378; x_wconf 89' lang='lat' dir='ltr'><strong>ecclesiae</strong></span> <span class='ocrx_word' id='word_1_172' title='bbox 1195 2312 1332 2379; x_wconf 87' lang='lat' dir='ltr'><strong>calicem</strong></span> <span class='ocrx_word' id='word_1_173' title='bbox 1347 2318 1448 2380; x_wconf 84' lang='lat' dir='ltr'><strong>autem</strong></span> 
     </span>
     <span class='ocr_line' id='line_1_21' title="bbox 176 2414 1447 2501; baseline 0.001 -21"><span class='ocrx_word' id='word_1_174' title='bbox 176 2415 312 2500; x_wconf 90' lang='lat' dir='ltr'><strong>gemmis</strong></span> <span class='ocrx_word' id='word_1_175' title='bbox 336 2415 577 2497; x_wconf 89' lang='lat' dir='ltr'><strong>circumdatum,</strong></span> <span class='ocrx_word' id='word_1_176' title='bbox 601 2420 755 2501; x_wconf 89' lang='lat' dir='ltr'><strong>patenam</strong></span> <span class='ocrx_word' id='word_1_177' title='bbox 778 2436 907 2479; x_wconf 87' lang='lat' dir='ltr'><strong>auream</strong></span> <span class='ocrx_word' id='word_1_178' title='bbox 930 2417 962 2480; x_wconf 87' lang='lat' dir='ltr'><strong>et</strong></span> <span class='ocrx_word' id='word_1_179' title='bbox 984 2414 1082 2479; x_wconf 88' lang='lat' dir='ltr'><strong>alium</strong></span> <span class='ocrx_word' id='word_1_180' title='bbox 1099 2414 1235 2480; x_wconf 83' lang='lat' dir='ltr'><strong>calicem</strong></span> <span class='ocrx_word' id='word_1_181' title='bbox 1249 2420 1447 2501; x_wconf 86' lang='lat' dir='ltr'><strong>argenteum,</strong></span> 
     </span>
     <span class='ocr_line' id='line_1_22' title="bbox 176 2516 1448 2604; baseline 0.002 -23"><span class='ocrx_word' id='word_1_182' title='bbox 176 2517 247 2581; x_wconf 88' lang='lat' dir='ltr'><strong>vela</strong></span> <span class='ocrx_word' id='word_1_183' title='bbox 276 2516 453 2581; x_wconf 87' lang='lat' dir='ltr'><strong>holoserica</strong></span> <span class='ocrx_word' id='word_1_184' title='bbox 482 2516 559 2581; x_wconf 91' lang='lat' dir='ltr'><strong>duo:</strong></span> <span class='ocrx_word' id='word_1_185' title='bbox 589 2539 670 2602; x_wconf 92' lang='lat' dir='ltr'><strong>quae</strong></span> <span class='ocrx_word' id='word_1_186' title='bbox 692 2517 854 2601; x_wconf 87' lang='lat' dir='ltr'><strong>suscipere</strong></span> <span class='ocrx_word' id='word_1_187' title='bbox 876 2521 1018 2581; x_wconf 85' lang='lat' dir='ltr'><strong>vestram</strong></span> <span class='ocrx_word' id='word_1_188' title='bbox 1034 2517 1272 2581; x_wconf 86' lang='lat' dir='ltr'><strong>beatitudinem</strong></span> <span class='ocrx_word' id='word_1_189' title='bbox 1295 2519 1448 2604; x_wconf 86' lang='lat' dir='ltr'><strong>supplica·</strong></span> 
     </span>
     <span class='ocr_line' id='line_1_23' title="bbox 177 2617 1448 2702; baseline 0.002 -20"><span class='ocrx_word' id='word_1_190' title='bbox 177 2640 247 2682; x_wconf 91' lang='lat' dir='ltr'><strong>mus</strong></span> <span class='ocrx_word' id='word_1_191' title='bbox 270 2640 343 2682; x_wconf 91' lang='lat' dir='ltr'><strong>cum</strong></span> <span class='ocrx_word' id='word_1_192' title='bbox 364 2617 420 2681; x_wconf 89' lang='lat' dir='ltr'><strong>illa</strong></span> <span class='ocrx_word' id='word_1_193' title='bbox 443 2618 588 2702; x_wconf 87' lang='lat' dir='ltr'><strong>caritate,</strong></span> <span class='ocrx_word' id='word_1_194' title='bbox 613 2640 709 2702; x_wconf 88' lang='lat' dir='ltr'><strong>quarn</strong></span> <span class='ocrx_word' id='word_1_195' title='bbox 731 2639 786 2682; x_wconf 82' lang='lat' dir='ltr'><strong>vos</strong></span> <span class='ocrx_word' id='word_1_196' title='bbox 808 2618 928 2683; x_wconf 89' lang='lat' dir='ltr'><strong>habere</strong></span> <span class='ocrx_word' id='word_1_197' title='bbox 951 2617 1125 2684; x_wconf 88' lang='lat' dir='ltr'><strong>secundum</strong></span> <span class='ocrx_word' id='word_1_198' title='bbox 1147 2617 1254 2683; x_wconf 91' lang='lat' dir='ltr'><strong>Deum</strong></span> <span class='ocrx_word' id='word_1_199' title='bbox 1275 2641 1344 2684; x_wconf 91' lang='lat' dir='ltr'><strong>non</strong></span> <span class='ocrx_word' id='word_1_200' title='bbox 1366 2620 1448 2684; x_wconf 90' lang='lat' dir='ltr'><strong>dnbi-</strong></span> 
     </span>
     <span class='ocr_line' id='line_1_24' title="bbox 177 2718 1448 2805; baseline 0.002 -21"><span class='ocrx_word' id='word_1_201' title='bbox 177 2724 292 2785; x_wconf 85' lang='lat' dir='ltr'><strong>tamus.</strong></span> <span class='ocrx_word' id='word_1_202' title='bbox 338 2719 475 2784; x_wconf 90' lang='lat' dir='ltr'><strong>Omnem</strong></span> <span class='ocrx_word' id='word_1_203' title='bbox 497 2720 533 2784; x_wconf 89' lang='lat' dir='ltr'><strong>in</strong></span> <span class='ocrx_word' id='word_1_204' title='bbox 556 2718 685 2786; x_wconf 79' lang='lat' dir='ltr'><strong>Christo</strong></span> <span class='ocrx_word' id='word_1_205' title='bbox 707 2721 956 2805; x_wconf 87' lang='lat' dir='ltr'><strong>fraternitatem,</strong></span> <span class='ocrx_word' id='word_1_206' title='bbox 980 2742 1062 2805; x_wconf 91' lang='lat' dir='ltr'><strong>quae</strong></span> <span class='ocrx_word' id='word_1_207' title='bbox 1085 2742 1158 2784; x_wconf 94' lang='lat' dir='ltr'><strong>cum</strong></span> <span class='ocrx_word' id='word_1_208' title='bbox 1179 2724 1289 2786; x_wconf 69' lang='lat' dir='ltr'><strong>reema</strong></span> <span class='ocrx_word' id='word_1_209' title='bbox 1312 2725 1362 2786; x_wconf 87' lang='lat' dir='ltr'><strong>est</strong></span> <span class='ocrx_word' id='word_1_210' title='bbox 1382 2744 1448 2786; x_wconf 89' lang='lat' dir='ltr'><strong>san-</strong></span> 
     </span>
     <span class='ocr_line' id='line_1_25' title="bbox 179 2821 1448 2908; baseline 0.002 -22"><span class='ocrx_word' id='word_1_211' title='bbox 179 2822 301 2905; x_wconf 89' lang='lat' dir='ltr'><strong>ctitate,</strong></span> <span class='ocrx_word' id='word_1_212' title='bbox 325 2842 384 2886; x_wconf 88' lang='lat' dir='ltr'><strong>nos</strong></span> <span class='ocrx_word' id='word_1_213' title='bbox 407 2843 531 2906; x_wconf 91' lang='lat' dir='ltr'><strong>quoque</strong></span> <span class='ocrx_word' id='word_1_214' title='bbox 554 2824 587 2886; x_wconf 90' lang='lat' dir='ltr'><strong>et</strong></span> <span class='ocrx_word' id='word_1_215' title='bbox 608 2823 662 2906; x_wconf 94' lang='lat' dir='ltr'><strong>qui</strong></span> <span class='ocrx_word' id='word_1_216' title='bbox 683 2822 851 2887; x_wconf 86' lang='lat' dir='ltr'><strong>nobiscum</strong></span> <span class='ocrx_word' id='word_1_217' title='bbox 873 2826 950 2887; x_wconf 88' lang='lat' dir='ltr'><strong>sunt</strong></span> <span class='ocrx_word' id='word_1_218' title='bbox 969 2821 1142 2908; x_wconf 91' lang='lat' dir='ltr'><strong>plurimum</strong></span> <span class='ocrx_word' id='word_1_219' title='bbox 1164 2821 1355 2888; x_wconf 87' lang='lat' dir='ltr'><strong>salutamus.</strong></span> <span class='ocrx_word' id='word_1_220' title='bbox 1391 2825 1448 2888; x_wconf 78' lang='lat' dir='ltr'><strong>Ac·</strong></span> 
     </span>
     <span class='ocr_line' id='line_1_26' title="bbox 179 2922 1409 3009; baseline 0.002 -21"><span class='ocrx_word' id='word_1_221' title='bbox 179 2927 273 3009; x_wconf 88' lang='lat' dir='ltr'><strong>cepta</strong></span> <span class='ocrx_word' id='word_1_222' title='bbox 294 2923 396 3009; x_wconf 85' lang='lat' dir='ltr'><strong>pridie</strong></span> <span class='ocrx_word' id='word_1_223' title='bbox 419 2922 577 2988; x_wconf 75' lang='lat' dir='ltr'><strong>Calendas</strong></span> <span class='ocrx_word' id='word_1_224' title='bbox 599 2923 797 3008; x_wconf 88' lang='lat' dir='ltr'><strong>Decembris,</strong></span> <span class='ocrx_word' id='word_1_225' title='bbox 821 2923 956 2989; x_wconf 84' lang='lat' dir='ltr'><strong>Rustico</strong></span> <span class='ocrx_word' id='word_1_226' title='bbox 978 2925 1046 2990; x_wconf 81' lang='lat' dir='ltr'><strong>viro</strong></span> <span class='ocrx_word' id='word_1_227' title='bbox 1069 2924 1249 2990; x_wconf 90' lang='lat' dir='ltr'><strong>clarissimo</strong></span> <span class='ocrx_word' id='word_1_228' title='bbox 1270 2926 1409 2990; x_wconf 88' lang='lat' dir='ltr'><strong>consule.</strong></span> 
     </span>
    </p>
   </div>
   <div class='ocr_carea' id='block_1_3' title="bbox 680 3110 953 3214">
    <p class='ocr_par' dir='ltr' id='par_1_6' title="bbox 680 3110 953 3214">
     <span class='ocr_line' id='line_1_27' title="bbox 680 3110 953 3214; baseline 0 -20"><span class='ocrx_word' id='word_1_229' title='bbox 680 3110 863 3214; x_wconf 81' lang='lat' dir='ltr'><strong>Epistola</strong></span> <span class='ocrx_word' id='word_1_230' title='bbox 890 3111 953 3195; x_wconf 87' lang='lat'><strong>131</strong></span> 
     </span>
    </p>
   </div>
   <div class='ocr_carea' id='block_1_4' title="bbox 791 3262 841 3300">
    <p class='ocr_par' dir='ltr' id='par_1_7' title="bbox 791 3262 841 3300">
     <span class='ocr_line' id='line_1_28' title="bbox 791 3262 841 3300; baseline 0 0"><span class='ocrx_word' id='word_1_231' title='bbox 791 3262 841 3300; x_wconf 84' lang='lat' dir='ltr'><strong>seu</strong></span> 
     </span>
    </p>
   </div>
   <div class='ocr_carea' id='block_1_5' title="bbox 27 3337 1328 3478">
    <p class='ocr_par' dir='ltr' id='par_1_8' title="bbox 27 3337 1328 3478">
     <span class='ocr_line' id='line_1_29' title="bbox 27 3337 1328 3478; baseline 0.008 -70"><span class='ocrx_word' id='word_1_232' title='bbox 27 3341 63 3462; x_wconf 48' lang='grc' dir='ltr'><strong>(ζ</strong></span> <span class='ocrx_word' id='word_1_233' title='bbox 73 3337 163 3478; x_wconf 48' lang='grc' dir='ltr'><strong>ἓξὲξ·</strong></span> <span class='ocrx_word' id='word_1_234' title='bbox 309 3357 443 3416; x_wconf 84' lang='lat' dir='ltr'><strong>Relatio</strong></span> <span class='ocrx_word' id='word_1_235' title='bbox 465 3358 590 3427; x_wconf 82' lang='lat' dir='ltr'><strong>synodi</strong></span> <span class='ocrx_word' id='word_1_236' title='bbox 612 3356 1011 3426; x_wconf 77' lang='lat' dir='ltr'><strong>constantinopolitanae</strong></span> <span class='ocrx_word' id='word_1_237' title='bbox 1032 3358 1077 3414; x_wconf 88' lang='lat' dir='ltr'><strong>ad</strong></span> <span class='ocrx_word' id='word_1_238' title='bbox 1098 3358 1328 3417; x_wconf 84' lang='lat' dir='ltr'><strong>Hormisdam.</strong></span> 
     </span>
    </p>
   </div>
   <div class='ocr_carea' id='block_1_6' title="bbox 39 3475 1520 3640">
    <p class='ocr_par' dir='ltr' id='par_1_9' title="bbox 39 3475 1520 3640">
     <span class='ocr_line' id='line_1_30' title="bbox 53 3475 1520 3558; baseline 0.007 -22"><span class='ocrx_word' id='word_1_239' title='bbox 53 3492 109 3530; x_wconf 66' lang='lat'><strong>³00·</strong></span> <span class='ocrx_word' id='word_1_240' title='bbox 124 3475 150 3528; x_wconf 77' lang='lat' dir='ltr'><strong>d·</strong></span> <span class='ocrx_word' id='word_1_241' title='bbox 213 3490 334 3553; x_wconf 72' lang='lat' dir='ltr'><strong>synodus</strong></span> <span class='ocrx_word' id='word_1_242' title='bbox 350 3506 445 3554; x_wconf 86' lang='lat' dir='ltr'><strong>popam</strong></span> <span class='ocrx_word' id='word_1_243' title='bbox 463 3491 597 3540; x_wconf 74' lang='lat' dir='ltr'><strong>certiorem</strong></span> <span class='ocrx_word' id='word_1_244' title='bbox 617 3489 683 3551; x_wconf 82' lang='lat' dir='ltr'><strong>fucit</strong></span> <span class='ocrx_word' id='word_1_245' title='bbox 706 3491 738 3538; x_wconf 85' lang='lat' dir='ltr'><strong>de</strong></span> <span class='ocrx_word' id='word_1_246' title='bbox 755 3489 918 3538; x_wconf 82' lang='lat' dir='ltr'><strong>ordinatione</strong></span> <span class='ocrx_word' id='word_1_247' title='bbox 936 3488 1096 3558; x_wconf 73' lang='lat' dir='ltr'><strong>ldpipbunii,¹</strong></span> <span class='ocrx_word' id='word_1_248' title='bbox 1116 3491 1192 3554; x_wconf 81' lang='lat' dir='ltr'><strong>cujus</strong></span> <span class='ocrx_word' id='word_1_249' title='bbox 1209 3499 1235 3542; x_wconf 91' lang='lat' dir='ltr'><strong>et</strong></span> <span class='ocrx_word' id='word_1_250' title='bbox 1251 3493 1342 3542; x_wconf 77' lang='lat' dir='ltr'><strong>lmrcies</strong></span> <span class='ocrx_word' id='word_1_251' title='bbox 1358 3508 1416 3556; x_wconf 82' lang='lat' dir='ltr'><strong>pro·</strong></span> <span class='ocrx_word' id='word_1_252' title='bbox 1456 3478 1520 3546; x_wconf 57' lang='lat' dir='ltr'><strong>lim</strong></span> 
     </span>
     <span class='ocr_line' id='line_1_31' title="bbox 39 3543 1115 3640; baseline 0.015 -31"><span class='ocrx_word' id='word_1_253' title='bbox 39 3543 161 3612; x_wconf 70' lang='lat' dir='ltr'><strong>30N⁰Vd</strong></span> <span class='ocrx_word' id='word_1_254' title='bbox 519 3576 642 3640; x_wconf 80' lang='lat' dir='ltr'><strong>seqnitur.</strong></span> <span class='ocrx_word' id='word_1_255' title='bbox 683 3573 742 3623; x_wconf 82' lang='lat' dir='ltr'><strong>Tum</strong></span> <span class='ocrx_word' id='word_1_256' title='bbox 760 3576 857 3637; x_wconf 72' lang='lat' dir='ltr'><strong>legatos</strong></span> <span class='ocrx_word' id='word_1_257' title='bbox 874 3589 935 3625; x_wconf 78' lang='lat' dir='ltr'><strong>euos</strong></span> <span class='ocrx_word' id='word_1_258' title='bbox 952 3576 1115 3625; x_wconf 75' lang='lat' dir='ltr'><strong>commodat.</strong></span> 
     </span>
    </p>
   </div>
   <div class='ocr_carea' id='block_1_7' title="bbox 219 3705 1448 3894">
    <p class='ocr_par' dir='ltr' id='par_1_10' title="bbox 219 3705 1448 3894">
     <span class='ocr_line' id='line_1_32' title="bbox 219 3705 1448 3793; baseline 0.002 -24"><span class='ocrx_word' id='word_1_259' title='bbox 219 3749 222 3756; x_wconf 90' lang='lat'><em>-</em></span> <span class='ocrx_word' id='word_1_260' title='bbox 333 3705 497 3770; x_wconf 92' lang='lat' dir='ltr'><strong>Domino</strong></span> <span class='ocrx_word' id='word_1_261' title='bbox 519 3710 656 3771; x_wconf 91' lang='lat' dir='ltr'><strong>nostro</strong></span> <span class='ocrx_word' id='word_1_262' title='bbox 679 3708 816 3771; x_wconf 87' lang='lat' dir='ltr'><strong>sancto</strong></span> <span class='ocrx_word' id='word_1_263' title='bbox 839 3727 883 3770; x_wconf 91' lang='lat' dir='ltr'><strong>ac</strong></span> <span class='ocrx_word' id='word_1_264' title='bbox 906 3706 1142 3771; x_wconf 86' lang='lat' dir='ltr'><strong>beatissimo</strong></span> <span class='ocrx_word' id='word_1_265' title='bbox 1163 3707 1274 3792; x_wconf 89' lang='lat' dir='ltr'><strong>patri</strong></span> <span class='ocrx_word' id='word_1_266' title='bbox 1300 3711 1448 3793; x_wconf 90' lang='lat' dir='ltr'><strong>patrum</strong></span> 
     </span>
     <span class='ocr_line' id='line_1_33' title="bbox 426 3807 1448 3894; baseline 0.004 -23"><span class='ocrx_word' id='word_1_267' title='bbox 426 3807 732 3894; x_wconf 87' lang='lat' dir='ltr'><strong>archiepiscopo</strong></span> <span class='ocrx_word' id='word_1_268' title='bbox 753 3808 1065 3893; x_wconf 90' lang='lat' dir='ltr'><strong>etpatriarchae</strong></span> <span class='ocrx_word' id='word_1_269' title='bbox 1080 3808 1448 3875; x_wconf 79' lang='lat' dir='ltr'><strong>Hormisdae&#39;I&#39;heo-</strong></span> 
     </span>
    </p>
   </div>
   <div class='ocr_carea' id='block_1_8' title="bbox 179 4029 1450 4949">
    <p class='ocr_par' dir='ltr' id='par_1_11' title="bbox 179 4029 1449 4355">
     <span class='ocr_line' id='line_1_34' title="bbox 249 4029 1447 4099; baseline -0.001 -16"><span class='ocrx_word' id='word_1_270' title='bbox 249 4032 280 4098; x_wconf 79' lang='lat'><strong>¹²)</strong></span> <span class='ocrx_word' id='word_1_271' title='bbox 300 4029 334 4083; x_wconf 62' lang='lat'><strong>(³¹</strong></span> <span class='ocrx_word' id='word_1_272' title='bbox 358 4039 477 4083; x_wconf 73' lang='lat' dir='ltr'><strong>mantes</strong></span> <span class='ocrx_word' id='word_1_273' title='bbox 498 4036 538 4083; x_wconf 84' lang='lat' dir='ltr'><strong>sui</strong></span> <span class='ocrx_word' id='word_1_274' title='bbox 614 4040 831 4091; x_wconf 78' lang='lat' dir='ltr'><strong>commemoretur,</strong></span> <span class='ocrx_word' id='word_1_275' title='bbox 855 4029 930 4099; x_wconf 91' lang='lat' dir='ltr'><strong>quod</strong></span> <span class='ocrx_word' id='word_1_276' title='bbox 951 4029 1066 4084; x_wconf 87' lang='lat' dir='ltr'><strong>indubie</strong></span> <span class='ocrx_word' id='word_1_277' title='bbox 1090 4047 1153 4084; x_wconf 87' lang='lat' dir='ltr'><strong>oum</strong></span> <span class='ocrx_word' id='word_1_278' title='bbox 1175 4031 1194 4084; x_wconf 94' lang='lat' dir='ltr'><strong>b</strong></span> <span class='ocrx_word' id='word_1_279' title='bbox 1213 4047 1254 4085; x_wconf 87' lang='lat' dir='ltr'><strong>oo</strong></span> <span class='ocrx_word' id='word_1_280' title='bbox 1276 4030 1447 4086; x_wconf 81' lang='lat' dir='ltr'><strong>correximus.</strong></span> 
     </span>
     <span class='ocr_line' id='line_1_35' title="bbox 179 4114 1449 4185; baseline 0.002 -17"><span class='ocrx_word' id='word_1_281' title='bbox 179 4115 231 4168; x_wconf 80' lang='lat' dir='ltr'><strong>list</strong></span> <span class='ocrx_word' id='word_1_282' title='bbox 247 4117 342 4169; x_wconf 87' lang='lat' dir='ltr'><strong>autem</strong></span> <span class='ocrx_word' id='word_1_283' title='bbox 360 4127 526 4169; x_wconf 81' lang='lat' dir='ltr'><strong>commoretur</strong></span> <span class='ocrx_word' id='word_1_284' title='bbox 543 4114 572 4168; x_wconf 91' lang='lat' dir='ltr'><strong>id</strong></span> <span class='ocrx_word' id='word_1_285' title='bbox 590 4114 666 4185; x_wconf 90' lang='lat' dir='ltr'><strong>quod</strong></span> <span class='ocrx_word' id='word_1_286' title='bbox 683 4120 771 4169; x_wconf 80' lang='lat' dir='ltr'><strong>tardet</strong></span> <span class='ocrx_word' id='word_1_287' title='bbox 788 4135 951 4175; x_wconf 83' lang='lat' dir='ltr'><strong>succurrere,</strong></span> <span class='ocrx_word' id='word_1_288' title='bbox 971 4132 1004 4169; x_wconf 88' lang='lat' dir='ltr'><strong>ac</strong></span> <span class='ocrx_word' id='word_1_289' title='bbox 1022 4114 1122 4169; x_wconf 90' lang='lat' dir='ltr'><strong>deinde</strong></span> <span class='ocrx_word' id='word_1_290' title='bbox 1141 4131 1239 4170; x_wconf 88' lang='lat' dir='ltr'><strong>eorum</strong></span> <span class='ocrx_word' id='word_1_291' title='bbox 1257 4122 1302 4185; x_wconf 81' lang='lat' dir='ltr'><strong>qui</strong></span> <span class='ocrx_word' id='word_1_292' title='bbox 1317 4122 1345 4170; x_wconf 82' lang='lat' dir='ltr'><strong>in</strong></span> <span class='ocrx_word' id='word_1_293' title='bbox 1361 4122 1449 4170; x_wconf 71' lang='lat' dir='ltr'><strong>sanctu</strong></span> 
     </span>
     <span class='ocr_line' id='line_1_36' title="bbox 179 4197 1448 4270; baseline 0.001 -17"><span class='ocrx_word' id='word_1_294' title='bbox 179 4207 243 4255; x_wconf 73' lang='lat' dir='ltr'><strong>tocie</strong></span> <span class='ocrx_word' id='word_1_295' title='bbox 259 4204 376 4255; x_wconf 75' lang='lat' dir='ltr'><strong>habitant</strong></span> <span class='ocrx_word' id='word_1_296' title='bbox 392 4197 503 4253; x_wconf 89' lang='lat' dir='ltr'><strong>nomine</strong></span> <span class='ocrx_word' id='word_1_297' title='bbox 521 4198 715 4269; x_wconf 85' lang='lat' dir='ltr'><strong>intelliguntur</strong></span> <span class='ocrx_word' id='word_1_298' title='bbox 733 4199 971 4269; x_wconf 84' lang='lat' dir='ltr'><strong>Jerosolymitani,</strong></span> <span class='ocrx_word' id='word_1_299' title='bbox 991 4197 1091 4267; x_wconf 90' lang='lat' dir='ltr'><strong>quibus</strong></span> <span class='ocrx_word' id='word_1_300' title='bbox 1103 4199 1190 4254; x_wconf 86' lang='lat' dir='ltr'><strong>etiam</strong></span> <span class='ocrx_word' id='word_1_301' title='bbox 1207 4199 1390 4270; x_wconf 84' lang='lat' dir='ltr'><strong>praecipuam</strong></span> <span class='ocrx_word' id='word_1_302' title='bbox 1406 4199 1448 4254; x_wconf 85' lang='lat' dir='ltr'><strong>im·</strong></span> 
     </span>
     <span class='ocr_line' id='line_1_37' title="bbox 180 4283 909 4355; baseline -0.001 -16"><span class='ocrx_word' id='word_1_303' title='bbox 180 4284 265 4355; x_wconf 90' lang='lat' dir='ltr'><strong>pendi</strong></span> <span class='ocrx_word' id='word_1_304' title='bbox 283 4302 378 4339; x_wconf 87' lang='lat' dir='ltr'><strong>curam</strong></span> <span class='ocrx_word' id='word_1_305' title='bbox 396 4283 550 4353; x_wconf 88' lang='lat' dir='ltr'><strong>imperator</strong></span> <span class='ocrx_word' id='word_1_306' title='bbox 569 4284 649 4355; x_wconf 88' lang='lat' dir='ltr'><strong>epist.</strong></span> <span class='ocrx_word' id='word_1_307' title='bbox 671 4292 720 4339; x_wconf 77' lang='lat'><strong>129</strong></span> <span class='ocrx_word' id='word_1_308' title='bbox 737 4303 764 4339; x_wconf 91' lang='lat' dir='ltr'><strong>n.</strong></span> <span class='ocrx_word' id='word_1_309' title='bbox 784 4293 800 4339; x_wconf 81' lang='grc'>4</span> <span class='ocrx_word' id='word_1_310' title='bbox 819 4286 909 4354; x_wconf 81' lang='lat' dir='ltr'><strong>rogat.</strong></span> 
     </span>
    </p>

    <p class='ocr_par' dir='ltr' id='par_1_12' title="bbox 180 4369 1450 4949">
     <span class='ocr_line' id='line_1_38' title="bbox 250 4369 1449 4439; baseline -0.002 -16"><span class='ocrx_word' id='word_1_311' title='bbox 250 4372 281 4439; x_wconf 81' lang='lat'><strong>¹³)</strong></span> <span class='ocrx_word' id='word_1_312' title='bbox 300 4369 333 4423; x_wconf 81' lang='lat' dir='ltr'><strong>G&#39;</strong></span> <span class='ocrx_word' id='word_1_313' title='bbox 349 4372 375 4424; x_wconf 86' lang='lat' dir='ltr'><strong>a¹</strong></span> <span class='ocrx_word' id='word_1_314' title='bbox 395 4375 637 4425; x_wconf 75' lang='lat' dir='ltr'><strong>administrationem</strong></span> <span class='ocrx_word' id='word_1_315' title='bbox 655 4386 709 4424; x_wconf 91' lang='lat' dir='ltr'><strong>uno</strong></span> <span class='ocrx_word' id='word_1_316' title='bbox 728 4370 827 4436; x_wconf 84' lang='lat' dir='ltr'><strong>verbo,</strong></span> <span class='ocrx_word' id='word_1_317' title='bbox 846 4369 880 4423; x_wconf 84' lang='lat' dir='ltr'><strong>al.</strong></span> <span class='ocrx_word' id='word_1_318' title='bbox 893 4375 929 4423; x_wconf 86' lang='lat' dir='ltr'><strong>ud</strong></span> <span class='ocrx_word' id='word_1_319' title='bbox 940 4375 1192 4425; x_wconf 73' lang='lat' dir='ltr'><strong>administrationem.</strong></span> <span class='ocrx_word' id='word_1_320' title='bbox 1222 4369 1351 4425; x_wconf 84' lang='lat' dir='ltr'><strong>Priorem</strong></span> <span class='ocrx_word' id='word_1_321' title='bbox 1361 4369 1449 4425; x_wconf 75' lang='lat' dir='ltr'><strong>lectio-</strong></span> 
     </span>
     <span class='ocr_line' id='line_1_39' title="bbox 180 4453 1450 4523; baseline -0.002 -14"><span class='ocrx_word' id='word_1_322' title='bbox 180 4471 257 4520; x_wconf 89' lang='lat' dir='ltr'><strong>nem,</strong></span> <span class='ocrx_word' id='word_1_323' title='bbox 275 4453 344 4507; x_wconf 89' lang='lat' dir='ltr'><strong>siin</strong></span> <span class='ocrx_word' id='word_1_324' title='bbox 363 4454 418 4508; x_wconf 90' lang='lat' dir='ltr'><strong>duo</strong></span> <span class='ocrx_word' id='word_1_325' title='bbox 436 4455 523 4509; x_wconf 85' lang='lat' dir='ltr'><strong>verba</strong></span> <span class='ocrx_word' id='word_1_326' title='bbox 544 4454 695 4521; x_wconf 84' lang='lat' dir='ltr'><strong>dividetur,</strong></span> <span class='ocrx_word' id='word_1_327' title='bbox 719 4472 816 4510; x_wconf 90' lang='lat' dir='ltr'><strong>sanam</strong></span> <span class='ocrx_word' id='word_1_328' title='bbox 838 4470 898 4509; x_wconf 89' lang='lat' dir='ltr'><strong>esse</strong></span> <span class='ocrx_word' id='word_1_329' title='bbox 921 4453 1033 4521; x_wconf 83' lang='lat' dir='ltr'><strong>suadet,</strong></span> <span class='ocrx_word' id='word_1_330' title='bbox 1055 4453 1132 4523; x_wconf 91' lang='lat' dir='ltr'><strong>quod</strong></span> <span class='ocrx_word' id='word_1_331' title='bbox 1153 4453 1307 4511; x_wconf 88' lang='lat' dir='ltr'><strong>Hormisda</strong></span> <span class='ocrx_word' id='word_1_332' title='bbox 1328 4454 1450 4511; x_wconf 84' lang='lat' dir='ltr'><strong>rescribit</strong></span> 
     </span>
     <span class='ocr_line' id='line_1_40' title="bbox 181 4537 1450 4610; baseline 0.004 -19"><span class='ocrx_word' id='word_1_333' title='bbox 181 4538 261 4607; x_wconf 90' lang='lat' dir='ltr'><strong>epist.</strong></span> <span class='ocrx_word' id='word_1_334' title='bbox 287 4543 348 4604; x_wconf 86' lang='lat'><strong>138,</strong></span> <span class='ocrx_word' id='word_1_335' title='bbox 370 4537 456 4607; x_wconf 89' lang='lat' dir='ltr'><strong>ipsius</strong></span> <span class='ocrx_word' id='word_1_336' title='bbox 478 4538 608 4593; x_wconf 84' lang='lat' dir='ltr'><strong>videlicet</strong></span> <span class='ocrx_word' id='word_1_337' title='bbox 629 4540 771 4610; x_wconf 88' lang='lat' dir='ltr'><strong>accepisse</strong></span> <span class='ocrx_word' id='word_1_338' title='bbox 793 4558 822 4596; x_wconf 90' lang='lat' dir='ltr'><strong>se</strong></span> <span class='ocrx_word' id='word_1_339' title='bbox 845 4556 962 4594; x_wconf 91' lang='lat' dir='ltr'><strong>munera</strong></span> <span class='ocrx_word' id='word_1_340' title='bbox 983 4545 1122 4594; x_wconf 81' lang='lat' dir='ltr'><strong>ministerio</strong></span> <span class='ocrx_word' id='word_1_341' title='bbox 1145 4542 1270 4596; x_wconf 73' lang='lat' dir='ltr'><strong>tendisne</strong></span> <span class='ocrx_word' id='word_1_342' title='bbox 1291 4545 1362 4596; x_wconf 83' lang='lat' dir='ltr'><strong>beati</strong></span> <span class='ocrx_word' id='word_1_343' title='bbox 1383 4545 1450 4595; x_wconf 81' lang='lat' dir='ltr'><strong>Petri</strong></span> 
     </span>
     <span class='ocr_line' id='line_1_41' title="bbox 180 4623 1449 4694; baseline 0.005 -21"><span class='ocrx_word' id='word_1_344' title='bbox 180 4627 292 4690; x_wconf 70' lang='lat' dir='ltr'><strong>repostoli</strong></span> <span class='ocrx_word' id='word_1_345' title='bbox 306 4626 454 4689; x_wconf 69' lang='lat' dir='ltr'><strong>profutura.</strong></span> <span class='ocrx_word' id='word_1_346' title='bbox 496 4623 572 4677; x_wconf 85' lang='lat' dir='ltr'><strong>Haec</strong></span> <span class='ocrx_word' id='word_1_347' title='bbox 589 4623 762 4693; x_wconf 87' lang='lat' dir='ltr'><strong>Epiphanius</strong></span> <span class='ocrx_word' id='word_1_348' title='bbox 785 4641 836 4694; x_wconf 89' lang='lat' dir='ltr'><strong>per</strong></span> <span class='ocrx_word' id='word_1_349' title='bbox 854 4641 915 4691; x_wconf 89' lang='lat' dir='ltr'><strong>eos,</strong></span> <span class='ocrx_word' id='word_1_350' title='bbox 938 4623 987 4694; x_wconf 91' lang='lat' dir='ltr'><strong>qui</strong></span> <span class='ocrx_word' id='word_1_351' title='bbox 1004 4623 1114 4679; x_wconf 82' lang='lat' dir='ltr'><strong>litteras</strong></span> <span class='ocrx_word' id='word_1_352' title='bbox 1131 4623 1317 4680; x_wconf 81' lang='lat' dir='ltr'><strong>ordinationis</strong></span> <span class='ocrx_word' id='word_1_353' title='bbox 1334 4642 1399 4681; x_wconf 82' lang='lat' dir='ltr'><strong>suaa</strong></span> <span class='ocrx_word' id='word_1_354' title='bbox 1414 4624 1449 4679; x_wconf 90' lang='lat' dir='ltr'><strong>in·</strong></span> 
     </span>
     <span class='ocr_line' id='line_1_42' title="bbox 182 4704 1449 4774; baseline 0.004 -16"><span class='ocrx_word' id='word_1_355' title='bbox 182 4704 256 4759; x_wconf 91' lang='lat' dir='ltr'><strong>dices</strong></span> <span class='ocrx_word' id='word_1_356' title='bbox 273 4705 443 4761; x_wconf 86' lang='lat' dir='ltr'><strong>sollemniter</strong></span> <span class='ocrx_word' id='word_1_357' title='bbox 461 4706 636 4774; x_wconf 86' lang='lat' dir='ltr'><strong>deferebant,</strong></span> <span class='ocrx_word' id='word_1_358' title='bbox 659 4709 736 4763; x_wconf 89' lang='lat' dir='ltr'><strong>velut</strong></span> <span class='ocrx_word' id='word_1_359' title='bbox 754 4709 954 4763; x_wconf 90' lang='lat' dir='ltr'><strong>communionis</strong></span> <span class='ocrx_word' id='word_1_360' title='bbox 973 4725 1039 4764; x_wconf 86' lang='lat' dir='ltr'><strong>suae</strong></span> <span class='ocrx_word' id='word_1_361' title='bbox 1058 4726 1120 4763; x_wconf 88' lang='lat' dir='ltr'><strong>oum</strong></span> <span class='ocrx_word' id='word_1_362' title='bbox 1143 4708 1262 4764; x_wconf 85' lang='lat' dir='ltr'><strong>ecelesia</strong></span> <span class='ocrx_word' id='word_1_363' title='bbox 1284 4710 1363 4766; x_wconf 78' lang='lat' dir='ltr'><strong>beati</strong></span> <span class='ocrx_word' id='word_1_364' title='bbox 1379 4708 1449 4764; x_wconf 82' lang='lat' dir='ltr'><strong>Petri</strong></span> 
     </span>
     <span class='ocr_line' id='line_1_43' title="bbox 181 4788 1447 4864; baseline 0.003 -21"><span class='ocrx_word' id='word_1_365' title='bbox 181 4788 301 4858; x_wconf 87' lang='lat' dir='ltr'><strong>pignora</strong></span> <span class='ocrx_word' id='word_1_366' title='bbox 323 4789 480 4845; x_wconf 81' lang='lat' dir='ltr'><strong>destinavit.</strong></span> <span class='ocrx_word' id='word_1_367' title='bbox 521 4790 609 4845; x_wconf 84' lang='lat' dir='ltr'><strong>Simili</strong></span> <span class='ocrx_word' id='word_1_368' title='bbox 631 4792 745 4861; x_wconf 86' lang='lat' dir='ltr'><strong>pietatis</strong></span> <span class='ocrx_word' id='word_1_369' title='bbox 769 4793 872 4848; x_wconf 87' lang='lat' dir='ltr'><strong>affectu</strong></span> <span class='ocrx_word' id='word_1_370' title='bbox 895 4792 1023 4864; x_wconf 89' lang='lat' dir='ltr'><strong>superins</strong></span> <span class='ocrx_word' id='word_1_371' title='bbox 1041 4793 1121 4863; x_wconf 90' lang='lat' dir='ltr'><strong>epist.</strong></span> <span class='ocrx_word' id='word_1_372' title='bbox 1140 4798 1173 4847; x_wconf 79' lang='lat' dir='ltr'><strong>to</strong></span> <span class='ocrx_word' id='word_1_373' title='bbox 1191 4811 1217 4847; x_wconf 92' lang='lat' dir='ltr'><strong>u.</strong></span> <span class='ocrx_word' id='word_1_374' title='bbox 1236 4799 1253 4848; x_wconf 74' lang='lat'>2</span> <span class='ocrx_word' id='word_1_375' title='bbox 1270 4793 1391 4850; x_wconf 79' lang='lat' dir='ltr'><strong>vidimm</strong></span> <span class='ocrx_word' id='word_1_376' title='bbox 1405 4793 1447 4847; x_wconf 89' lang='lat' dir='ltr'><strong>Jo-</strong></span> 
     </span>
     <span class='ocr_line' id='line_1_44' title="bbox 181 4872 1448 4949; baseline 0.004 -22"><span class='ocrx_word' id='word_1_377' title='bbox 181 4872 332 4931; x_wconf 70' lang='lat' dir='ltr'><strong>stannum</strong></span> <span class='ocrx_word' id='word_1_378' title='bbox 351 4881 400 4931; x_wconf 84' lang='lat' dir='ltr'><strong>duo</strong></span> <span class='ocrx_word' id='word_1_379' title='bbox 419 4881 501 4946; x_wconf 81' lang='lat' dir='ltr'><strong>puilia</strong></span> <span class='ocrx_word' id='word_1_380' title='bbox 518 4881 660 4933; x_wconf 68' lang='lat' dir='ltr'><strong>holoserica</strong></span> <span class='ocrx_word' id='word_1_381' title='bbox 678 4885 714 4941; x_wconf 81' lang='lat' dir='ltr'><strong>ad</strong></span> <span class='ocrx_word' id='word_1_382' title='bbox 732 4892 901 4937; x_wconf 77' lang='lat' dir='ltr'><strong>ornonccntum</strong></span> <span class='ocrx_word' id='word_1_383' title='bbox 926 4885 1018 4934; x_wconf 83' lang='lat' dir='ltr'><strong>ultoris</strong></span> <span class='ocrx_word' id='word_1_384' title='bbox 1039 4890 1184 4934; x_wconf 84' lang='lat' dir='ltr'><strong>sanctorum</strong></span> <span class='ocrx_word' id='word_1_385' title='bbox 1201 4886 1378 4949; x_wconf 68' lang='lat' dir='ltr'><strong>apostotorum</strong></span> <span class='ocrx_word' id='word_1_386' title='bbox 1393 4878 1448 4933; x_wconf 82' lang='lat' dir='ltr'><strong>mit·</strong></span> 
     </span>
    </p>
   </div>
   <div class='ocr_carea' id='block_1_9' title="bbox 0 0 1625 5506">
    <p class='ocr_par' dir='ltr' id='par_1_13' title="bbox 0 0 1625 5506">
     <span class='ocr_line' id='line_1_45' title="bbox 0 0 1625 5506; baseline 0 0"><span class='ocrx_word' id='word_1_387' title='bbox 0 0 1625 5506; x_wconf 95' lang='lat' dir='ltr'><strong> </strong></span> 
     </span>
    </p>
   </div>
  </div>
 </body>
</html>
