3204 5506
561 381 729 430 aersrons
754 372 783 429 5.
1216 366 1280 433 665
1343 402 1346 410 ·

100 540 168 614 ndi,
192 542 323 598 monime
344 557 433 614 quum
456 542 524 614 dio,
549 557 627 614 quoe
646 542 869 615 proemisimus,
901 518 979 600 inter
1002 544 1065 601 otio
1088 542 1125 602 de
1147 546 1279 603 auctori·
1293 565 1317 602 a.
1330 553 1387 602 501.

100 643 178 703 sedis
199 636 412 722 obstarent⁴⁴):
437 645 508 717 quio
530 644 611 716 quod
629 658 782 717 possessor
802 645 868 716 ejus
889 645 1040 718 quondum
1054 645 1159 704 beatus
1174 645 1280 706 Petrus

100 748 134 817 n,
158 746 189 804 tn
211 745 367 804 nobilitate
386 746 579 819 possessionis
601 746 736 811 occessit,
759 752 789 803 et
809 730 989 804 ctoritatem'
1003 753 1129 806 veterem
1145 744 1278 828 nobis⁴⁵)

100 847 132 905 ie
152 845 264 906 Christi
283 846 352 931 dote
373 846 554 913 rector·it›us;
578 848 751 920 clamantes,
775 849 919 921 scripturn
942 864 1005 907 essc
1022 865 1081 922 per
1099 850 1279 924 prophetam
1292 911 1307 959 2
1313 905 1335 959 Ρ
1352 907 1365 958 t

100 963 207 1008 ersonu
226 949 296 1007 Det:
320 948 505 1022 Numquid
525 965 597 1007 non
620 951 720 1007 onlet
741 964 868 1009 munus
889 966 966 1008 meu
995 950 1044 1008 nd
1063 967 1279 1010 consumen-
1314 921 1387 1038 §pn

123 1066 198 1123 eos,
223 1053 286 1126 qui
306 1052 553 1110 erraverunt?
583 1045 673 1109 Haec
689 1045 799 1110 eadem
814 1046 1008 1130 saepissimo,
1029 1046 1112 1111 sicut
1127 1047 1279 1132 oportuit,
1290 1040 1343 1096 Μ·
1352 1049 1421 1108 son.

100 1151 266 1230 nonentes,
283 1150 321 1211 ut
334 1147 494 1230 habitati)
510 1147 689 1211 intentione
705 1148 914 1231 discederent,
939 1151 971 1212 et
985 1148 1107 1213 factum
1122 1153 1279 1233 nostrum,

100 1307 101 1311 ,
122 1248 209 1312 Deus
230 1249 458 1333 inspiraverat,
485 1249 579 1331 juxta
600 1250 788 1314 mandatum
815 1250 971 1335 principis
998 1273 1064 1314 non
1087 1251 1283 1316 discuterent

100 1354 318 1435 sequerentur,
348 1351 431 1415 sicut
451 1351 585 1414 decebat
606 1350 770 1415 Ecclesiae
792 1351 889 1434 filios,
922 1374 983 1416 nec
1010 1352 1069 1416 sub
1095 1351 1157 1416 hac
1184 1354 1281 1419 inter-

100 1454 166 1518 ione
190 1474 285 1516 causa
307 1453 470 1536 penderet,
495 1456 527 1516 et
543 1457 721 1518 crescerent
736 1453 899 1518 Ecclesiae
915 1454 1116 1519 detrimenta.
1147 1454 1280 1537 Quac⁴⁷)

100 1555 243 1639 ¹noscebat
265 1577 337 1619 cum
358 1555 566 1650 festinatione
587 1557 743 1639 succurri,
768 1560 800 1620 et
821 1557 914 1621 nobis
936 1556 1031 1640 hujus
1055 1557 1227 1621 celeritatis
1251 1564 1282 1621 et

104 1656 303 1721 obedientiae
326 1656 499 1721 necessitas
522 1657 725 1740 imminebat,
754 1659 892 1723 maxime
914 1681 1011 1743 quum
1039 1681 1167 1723 omnem
1188 1658 1282 1742 plene

100 1779 143 1823 nn
166 1779 332 1822 cernamus
355 1759 422 1843 ejus
438 1758 652 1837 communioni
675 1761 956 1825 indissociabiliter
977 1760 1169 1847 adhaesisse,
1194 1761 1282 1846 cujus

100 1862 124 1947 ⁸)
146 1883 212 1925 non
234 1861 358 1924 modica
382 1882 457 1924 cura
478 1861 675 1944 stimulabat,
699 1883 740 1925 nc
762 1862 796 1925 in
820 1862 926 1946 aliquo
948 1862 1111 1927 laboretur
1134 1885 1249 1927 errore.

106 1964 154 2028 10.
194 1962 314 2038 Quibus
342 1963 490 2047 allegatis
520 1985 591 2027 cum
612 1962 672 2028 Dei
702 1965 804 2027 nostri
832 1965 1048 2028 obtestatione
1071 1964 1280 2047 decernimus,

100 2088 132 2129 m
153 2064 382 2130 necessitatum
409 2065 457 2128 vel
480 2065 673 2150 religionum
704 2065 957 2130 consideratione
986 2066 1132 2131 adstricti
1160 2069 1192 2130 et
1215 2088 1282 2131 coe-

100 2169 154 2252 s⁴⁹)
177 2166 342 2251 perpensis
358 2166 514 2250 omnibus,
538 2168 668 2252 quaein
684 2189 781 2232 causa
800 2171 902 2251 erant,
925 2168 1136 2252 inspiratione
1152 2168 1282 2233 secreti:

100 2275 214 2334 nucius
232 2290 318 2349 popo
339 2275 418 2333 sedis
439 2276 624 2349 apostolicae
643 2276 783 2348 praesui,
813 2275 850 2333 ob
878 2275 1055 2350 hujusmodi
1069 2277 1282 2351 propositioni·

103 2480 226 2543 suspendi
241 2473 288 2541 (H‘l
299 2473 333 2526 E¹
350 2479 473 2541 suspensi,
491 2473 539 2526 Κ12
556 2477 603 2526 irae
619 2479 739 2541 passione
752 2479 848 2541 judieii
864 2479 901 2528 ad
917 2479 1002 2527 diuino
1015 2476 1157 2542 suspendi).
1188 2472 1283 2528 Lectio

100 2560 134 2613 ‚ta
150 2559 220 2613 haec
238 2560 291 2613 est:
307 2565 460 2627 perterreri,
479 2562 573 2628 irasque
588 2564 724 2626 passiones
737 2564 838 2625 judicio
857 2563 939 2612 diuino
957 2565 1086 2627 suspendi.
1281 2626 1286 2636 .

100 2644 118 2711 ⁴)
136 2643 165 2697 h¹
178 2655 306 2712 optarent,
326 2660 444 2711 moxque
461 2643 480 2697 b
494 2660 529 2697 cc
547 2642 583 2696 ad
595 2659 682 2712 marg.
696 2662 849 2711 proecessor
861 2642 933 2709 (loco
949 2648 1104 2712 possessor),
1123 2643 1284 2714 conjectura

100 2730 210 2798 propter
227 2728 353 2783 additam
371 2727 467 2782 vo'eem
485 2734 542 2794 ejas
560 2727 627 2793 (scil.
646 2730 725 2794 sedis)
743 2743 799 2781 non
816 2727 938 2781 ferenda.

100 2815 118 2880 s)
136 2814 179 2867 lta
196 2814 228 2866 B¹
242 2814 275 2866 Ρ*
287 2814 322 2866 Fi
334 2814 370 2867 Hi
389 2813 446 2879 (Κ12
465 2816 534 2866 nobis
553 2828 586 2866 ex
604 2818 674 2866 nocis
692 2811 820 2876 correxit,
839 2829 925 2879 quum
943 2815 1040 2867 contra
1059 2821 1128 2868 rionis
1147 2815 1284 2884 corrigen-

105 2896 263 2952 Sirmondus
281 2897 333 2967 Op.
347 2899 429 2963 lari
447 2897 568 2963 suadet),
596 2897 643 2950 alii
665 2902 741 2952 nobis.
782 2897 902 2966 Moxque
919 2896 952 2949 1²²
965 2897 1002 2951 Hs
1026 2903 1096 2952 notris
1119 2905 1161 2952 det
1181 2904 1282 2963 Christi,

101 2986 135 3036 oss
152 2989 197 3036 aar
215 2987 369 3042 oenotrios,
389 2981 435 3034 ubi
454 2979 502 3035 abi
519 2982 549 3035 et
565 2981 597 3033 Βί
608 2981 642 3033 E²
660 2988 705 3034 oar
724 2981 767 3049 (Fr
780 2984 866 3049 aaran)
880 2987 911 3035 oe
923 2985 1026 3035 curuis.
1049 2982 1155 3036 Deinde
1168 2984 1200 3036 13¹
1211 2983 1282 3036 E²h¹

100 3078 156 3122 intes
173 3068 230 3122 scil.
250 3088 309 3133 nos,
336 3066 384 3121 alii
407 3065 475 3119 editi
497 3073 607 3144 clamans
629 3065 685 3120 scil.
706 3071 806 3121 Petrus.
847 3065 976 3120 Fortasse
999 3067 1035 3119 ud
1058 3066 1159 3121 nPetr.
1180 3073 1232 3133 3,9
1256 3069 1285 3122 et

100 3155 158 3218 'rut
175 3154 270 3223 patres
289 3150 446 3221 respiciunt.

100 3236 391 3302 ⁴¹)1taB1E2FdKu,
414 3234 466 3289 nisi
484 3234 558 3302 quod
576 3235 609 3287 Fd
629 3255 658 3288 ne
676 3239 721 3288 sub
739 3239 793 3287 liae.
827 3235 865 3287 At
882 3233 929 3288 alii
947 3234 1011 3288 libri
1028 3239 1060 3288 ab
1079 3241 1128 3290 isto
1146 3242 1284 3293 intentione

100 3318 166 3375 inde
184 3327 366 3375 contenderent
384 3320 427 3386 (Fe
445 3324 594 3388 conderent)
613 3330 637 3373 et
656 3331 809 3377 crescerent.

103 3405 120 3470 ⁷)
136 3405 227 3459 K¹²Fd
246 3394 457 3475 (prima'manu)
477 3410 524 3468 cui,
543 3404 592 3458 ubi
609 3404 792 3474 supplendum
810 3405 884 3459 foret
900 3410 1031 3459 ecclesiae.
1075 3406 1139 3461 Mox
1157 3407 1189 3461 Β1
1203 3407 1237 3461 E²
1249 3408 1284 3460 Fd

100 3507 151 3545 nus.

101 3575 120 3640 ⁸)
137 3577 181 3630 Ita
198 3592 261 3628 mss.
281 3575 310 3628 et
327 3575 354 3626 h¹
370 3578 407 3640 c⁹;
429 3575 497 3629 bcc
514 3595 565 3630 vos.
600 3574 934 3644 nonusdecimus)
953 3576 982 3630 et
997 3575 1078 3630 editis
1097 3581 1232 3641 laberetur,
1251 3579 1285 3632 F²

100 3667 148 3725 tur,
166 3661 198 3714 Β1
218 3664 355 3714 laboretur.
390 3659 598 3728 K¹²Fd(pri1na
615 3663 710 3727 manu)
729 3681 760 3714 ne
777 3666 802 3714 iu
820 3665 956 3714 iuberetur
974 3682 1071 3724 errore,
1090 3661 1163 3716 unde
1181 3666 1210 3717 a³
1226 3680 1284 3717 mu-

108 3765 139 3799 ne
156 3750 313 3800 inniteretur
330 3765 429 3808 erroro,
451 3744 478 3797 h.
492 3761 515 3798 c.
534 3761 569 3798 ne
587 3744 648 3813 quis
667 3762 762 3800 errans
779 3745 891 3815 plebem
908 3745 984 3800 illam
1002 3764 1019 3800 a
1037 3747 1228 3802 communione
1245 3749 1284 3802 in-

100 3831 130 3884 et
151 3829 317 3899 Symmachi.
353 3829 424 3883 Huic
446 3835 539 3883 autem
562 3830 666 3898 quanto
689 3829 780 3884 studio
804 3831 977 3897 cohaereret,
1004 3831 1082 3885 testis
1104 3833 1147 3886 est
1167 3831 1216 3886 illa
1237 3832 1285 3902 pia

100 3912 179 3982 tudo,
207 3932 279 3983 quae
301 3915 473 3968 sacerdotem
497 3932 576 3967 suum
599 3914 635 3968 ad
659 3915 803 3969 concilium
830 3914 856 3969 in
880 3914 994 3970 basilica
1013 3914 1165 3970 Sessoriani
1186 3917 1285 3985 palatii

101 3998 217 4054 dentem
235 4016 290 4053 non
308 4017 370 4053 cum
387 3999 450 4053 telis
467 3999 516 4053 sed
534 4016 596 4053 cum
618 3999 739 4053 lacrimis
761 4001 994 4070 prosequebatur,
1018 4001 1087 4055 adeo
1110 4004 1143 4055 ut
1158 4001 1284 4056 Eunodio

100 4084 241 4155 ologeuco
260 4082 351 4138 dicere
369 4082 489 4138 licuerit:
509 4090 578 4137 Pene
597 4089 724 4140 absolutus
742 4093 777 4139 ud
789 4092 892 4153 judicia
910 4092 988 4152 uenit,
1010 4105 1059 4153 pro
1078 4105 1125 4155 quo
1144 4090 1214 4140 ortis
1232 4093 1284 4140 iilo·

100 4175 116 4220 ἵ.
161 4168 217 4223 Sed
240 4170 269 4222 et
291 4167 498 4237 objicientibus,
528 4175 693 4223 Laurentium
711 4175 927 4224 Mediolanensem
949 4180 974 4223 et
996 4175 1098 4224 Petrum
1117 4175 1285 4224 Rauennatem

100 4274 156 4320 *pos
173 4276 189 4308 a
207 4261 375 4309 communione
393 4274 420 4307 se
438 4260 609 4322 suspendisse,
628 4255 778 4324 respondet
794 4254 869 4309 idem
886 4254 1040 4309 Ennodius:
1063 4256 1163 4308 horum
1181 4255 1284 4324 episco-

100 4352 121 4392 n
139 4339 302 4405 cautionem,
321 4356 377 4407 qua
394 4356 422 4393 se
441 4346 558 4407 eorporis
577 4352 670 4394 tanturn
688 4347 850 4394 concentione
869 4341 905 4394 ad
922 4342 1032 4410 tempus
1051 4342 1224 4409 separarunt,
1248 4341 1285 4394 iul

100 4420 142 4478 ati
159 4442 207 4479 seu
225 4425 346 4479 accusati
363 4423 500 4493 pontificis
525 4424 628 4479 crimen
645 4425 738 4494 inique
758 4424 893 4491 converti,
915 4424 1051 4495 siquidem
1074 4432 1140 4479 nullo
1163 4437 1282 4492 ternpore,

100 4514 290 4564 cernuas-enar
311 4513 342 4564 ab
365 4514 404 4563 iris
426 4530 504 4563 saera
525 4516 668 4573 missarum,
695 4531 711 4562 a
734 4516 838 4565 nominis
864 4515 920 4577 ejus
947 4516 1178 4565 commemoratione
1200 4530 1284 4564 cesso-

100 4604 136 4650 et.

100 4676 123 4743 ’)
140 4677 215 4732 Editi
233 4695 294 4733 cum
312 4679 346 4731 Fd
364 4687 474 4743 coelesti,
494 4681 522 4735 et
539 4681 611 4734 infra
630 4698 689 4733 curu
709 4681 740 4733 B¹
754 4680 789 4733 Ei
800 4680 835 4734 Fd
852 4685 959 4734 seeretis
978 4679 1006 4747 (b
1019 4683 1149 4747 (decretis),
1168 4680 1285 4734 addunt-

100 4773 123 4814 rr
139 4767 332 4832 (Spumocim);
360 4765 534 4834 corriguntur
557 4782 590 4818 ex
608 4783 669 4818 mss.
705 4765 795 4826 Minus
812 4765 942 4819 intricata
960 4767 1032 4819 esset
1054 4764 1135 4819 lectio
1162 4763 1190 4818 in
1212 4765 1285 4820 huuc
1355 4778 1358 4783 ·

100 4857 147 4900 tm:
166 4859 190 4902 et
208 4855 324 4903 coelestis
343 4856 510 4919 inspiratione
527 4857 622 4904 secreti
636 4831 771 4921 po⁸iquorn
787 4857 967 4924 perpendimus
979 4857 1062 4905 ornuio
1080 4871 1144 4922 quae
1162 4857 1189 4905 in
1207 4871 1284 4905 causo
