3204 5506
559 360 753 411 3333333333
776 351 827 409 80.
852 350 902 409 81.
1304 344 1363 409 881

100 515 203 599 133133
227 517 260 579 33
281 518 402 600 quanto
424 514 564 578 hostium
579 514 835 599 multiplicantur
855 514 1001 596 insidiae,
1025 516 1117 578 33333
1130 535 1246 577 summi
1237 514 1402 598 gratiae
1414 528 1471 576 519.

100 565 232 682 rectoris
255 617 453 682 adversantis
480 638 602 680 venena
625 617 860 681 misericordiae
882 638 958 680 suae
983 615 1064 679 facit
1093 637 1160 680 esse
1187 616 1366 699 materiam,

100 720 183 784 sicut
214 741 317 783 sermo
352 718 544 804 apostolieae
578 719 725 783 veritatis
755 718 905 802 asseruit,
940 718 1065 783 dicens:
1113 723 1172 783 Uti
1202 667 1459 828 3133313331ξῇ1

100 828 253 902 iniquitas,
280 826 536 902 sraepcrubandaeit
556 831 586 884 et
604 828 719 900 pratia.
764 820 891 885 Tutan
851 824 962 885 antum
984 820 1101 884 divinis
1122 820 1369 905 rectissimisque

100 923 302 1008 inhaerees⁴)
324 923 498 1005 institutis,
523 922 772 987 ecclesiasticam
794 922 931 987 fovendo
954 921 1172 1005 concordiam,
1202 924 1239 986 ut
1271 921 1370 986 veluti

100 1025 237 1110 quodam
265 1024 418 1108 pacificae
446 973 645 1089 voluntatis
641 1025 794 1110 signatus
822 1025 957 1108 indicio,
986 1024 1071 1088 illius
1100 1046 1168 1089 esse
1196 1024 1446 1170 discipulush

100 1127 298 1212 approberis,
322 1127 375 1211 qui
398 1127 458 1191 ait:
488 1133 599 1192 Pacem
613 1142 709 1191 meam
725 1133 764 1191 do
779 1133 868 1205 vobio,
888 1147 999 1208 pacem
1016 1148 1112 1190 meam
1127 1133 1264 1206 relinquo
1278 1119 1426 1192 33313·Ῑο

100 1228 240 1293 Hortare
255 1229 363 1312 etiam,
387 1251 579 1344 quamquam
601 1231 714 1313 sponte
731 1229 771 1293 ad
786 1231 874 1294 recta
888 1229 1085 1312 tendentem,
1109 1228 1210 1292 filium
1227 1227 1425 1292 nostrum’

102 1330 388 1395 clementissimum
420 1331 598 1415 principem
631 1330 715 1395 Just'
691 1333 811 1415 tinum,
846 1330 1029 1396 Christiano
1061 1331 1187 1395 saeculo
1219 1331 1372 1395 divinitus

101 1435 340 1516 comparatum,
370 1455 408 1496 ea
429 1433 597 1517 perficere,
627 1455 707 1518 3333
729 1433 892 1518 regalibus
914 1433 1030 1497 litteris
1059 1433 1283 1518 dignatusest
1306 1431 1373 1517 pol·

100 1534 208 1599 liceri:
236 1539 273 1598 ut
300 1535 405 1598 missis
428 1535 473 1598 ad
502 1557 555 1599 eos
582 1535 710 1617 edictis,
740 1557 817 1620 quos
840 1535 881 1598 ab
903 1534 1067 1598 Ecclesiae
1089 1535 1201 1599 matris
1223 1534 1374 1599 uberibus

101 1636 290 1700 etiamnunc
312 1635 420 1701 devius
444 1657 531 1700 error
559 1637 703 1720 abducit,
733 1635 923 1701 diabolicam
949 1636 1095 1700 fraudem
1124 1641 1156 1701 et
1184 1637 1374 1701 auctoritate

101 1738 271 1823 religionis
304 1740 337 1802 33
368 1738 533 1802 moderata
564 1741 724 1822 potestate
753 1741 934 1822 compescat
966 1739 1108 1822 imperii,
1148 1760 1279 1824 eamque
1313 1738 1374 1802 sibi

103 1843 219 1905 contra
242 1862 442 1904 communem
464 1839 563 1904 totius
592 1839 801 1904 humanitatis
829 1839 954 1904 hostem
982 1841 1154 1904 maximam
1183 1841 1280 1905 ducat
1308 1861 1376 1903 esse

103 1942 289 2020 victoriam,
317 1943 349 2041 si
371 1963 529 2026 supernae
563 1941 681 2006 auxilio
703 1941 892 2007 Divinitatis
925 1942 1044 2006 vetusti
1072 1942 1230 2026 serpentis
1252 1963 1377 2006 venena

104 2043 340 2128 compresserit.

191 2147 223 2211 5.
257 2146 305 2210 De
320 2145 543 2210 Antiochense
566 2167 688 2230 quoque
704 2149 800 2231 atque
815 2146 1053 2211 Alexandrinae
1069 2146 1275 2211 ecclesiarum
1290 2150 1377 2211 statu

1386 1193 1425 1252 1,4
1427 1117 1472 1239 2²1.

103 2269 174 2313 non
196 2247 403 2331 supersedeas
425 2269 493 2312 csse
521 2247 693 2329 sollicitus,
724 2252 757 2312 33
778 2249 1025 2313 clementissimo
1047 2249 1182 2313 subinde
1203 2249 1343 2334 principi
1351 2248 1377 2334 ⁵)

104 2348 305 2433 supplicato,
333 2352 370 2413 ut
397 2349 432 2412 in
459 2348 509 2412 his
537 2372 660 2435 quoque
682 2373 794 2434 pacem
816 2350 967 2435 religiosa
989 2351 1190 2415 ordinatione
1218 2351 1377 2433 restituat,

104 2454 266 2536 quatenus
309 2451 400 2515 bonis
443 2451 563 2535 coeptis
604 2452 720 2536 plenae
764 2452 924 2516 cumulum
965 2452 1173 2537 perfectionis
1210 2453 1377 2538 adjungat.

103 2553 242 2617 Frustra
273 2553 359 2616 enim
390 2552 509 2616 bonum
543 2575 621 2638 opus
654 2554 824 2638 incipitur,
862 2554 888 2618 31
921 2576 988 2619 333
1020 2555 1055 2619 13
1088 2558 1192 2619 totum
1225 2555 1380 2639 perfectio

103 2655 332 2739 subsequatur.
389 2653 656 2720 (bmmcndamus
690 2659 857 2740 praeterea
887 2657 1012 2742 legatos
1047 2679 1066 2720 3
1098 2656 1171 2720 sede
1206 2656 1382 2740 apostoliea

103 2756 304 2839 destinatos,
339 2777 416 2841 3333
444 2757 491 2820 133
517 2755 618 2821 faciat
645 2757 685 2820 ad
711 2779 770 2821 nos
805 2761 862 2822 333
889 2758 1017 2823 dilectio
1039 2779 1196 2840 remeare,
1228 2762 1264 2821 33
1289 2758 1381 2821 nobis

101 2859 241 2944 plenam
264 2857 383 2922 referre
405 2861 525 2942 queant
546 2859 585 2922 de
607 2860 756 2923 restituta
778 2861 935 2924 universis
958 2859 1100 2924 ecclesiis
1120 2880 1198 2944 pace
1214 2859 1380 2923 laetitiam.

103 2961 198 3026 Data
221 2978 271 3023 vn
293 2958 369 3024 Idus
390 2959 481 3042 Julii,
504 2959 680 3024 Eutharico
704 2960 771 3025 viro
794 2961 970 3026 clarissimo
992 2960 1132 3025 consule.

614 3147 797 3250 Epistola
822 3147 876 3231 81.

309 3299 520 3367 Hormisdac
543 3316 652 3383 papae
674 3299 720 3365 ad
741 3282 989 3366 lastinianum
1011 3301 1189 3366 comitem.
1399 3314 1516 3438 33133.

357 3402 363 3415 ·
1448 3401 1466 3436 11
1479 3425 1484 3436 .

146 3442 185 3493 Ut
203 3441 361 3507 33ιί1331133
379 3442 405 3490 in
420 3456 487 3505 pace
505 3415 638 3490 Ecclesiae
655 3441 789 3490 reddenda
807 3440 991 3505 3313133333,
1010 3456 1075 3505 opus
1093 3441 1272 3506 333ιί133333
1288 3456 1349 3504 per·

637 3527 718 3588 ficiat,
737 3526 862 3576 hortabar.

270 3657 482 3722 Hormisda
502 3637 658 3722 illustri
679 3658 700 3723 J
708 3659 958 3745 ustiniano¹).

207 3780 234 3842 1.
269 3777 490 3842 Benedicimus
518 3776 680 3841 ineffabile
708 3777 897 3841 Divinitatis
925 3777 1092 3860 auxilium,
1124 3778 1259 3862 quiade
1288 3778 1386 3842 ecclc-

104 3885 238 3949 siarum
267 3902 346 3964 pace
373 3879 591 3943 universitatis
622 3879 812 3943 desiderium
846 3879 905 3942 sub
933 3879 1169 3963 tranquillitate
1197 3881 1387 3964 agnovimus

104 3984 219 4052 fuisse
247 3982 448 4065 completum.
500 3980 590 4056 Quod
617 3981 745 4066 quidem
774 4003 841 4045 non
867 3984 995 4065 praeter
1029 3981 1213 4064 opinionem
1245 3986 1389 4046 nostram

106 4084 261 4168 contigit
288 4083 371 4147 ficri:
399 4082 474 4167 3313
502 4082 732 4167 religiosissimi
761 4083 902 4167 Augusti
928 4083 1126 4168 praesumpti
1155 4105 1272 4168 genere
1300 4105 1389 4166 spem

106 4208 248 4270 semper
283 4186 438 4270 gessimus
473 4185 511 4248 de
543 4184 665 4269 quiete,
706 4190 738 4248 et
771 4185 854 4269 quod
889 4185 1078 4249 credidimus
1111 4185 1293 4249 faciendum
1331 4184 1412 4259 sub,

105 4288 269 4379 principe
291 4286 474 4352 Christiano
497 4286 535 4350 de
564 4287 773 4369 adunatione,
803 4288 872 4347 erat
899 4286 932 4348 in
960 4289 1079 4349 votum.
1125 4286 1229 4361 Quare
1259 4286 1392 4350 habebit

106 4388 280 4480 gloriosus
306 4389 480 4473 imperator
508 4390 546 4452 dc
568 4388 629 4453 hac
659 4410 754 4452 causa
776 4386 1009 4470 triumphorum
1031 4387 1158 4472 titulos,
1186 4410 1252 4451 non
1278 4387 1391 4471 quibus

191 4664 214 4731 ⁴)
232 4661 282 4715 Ed.
302 4667 443 4725 inhaereas,
463 4661 598 4717 33333133.
618 4673 653 4718 ot.

192 4751 215 4816 ⁵)
234 4747 283 4799 Ed.
308 4765 361 4801 om.
385 4753 505 4815 principi.
544 4745 660 4800 1113311Ι
685 4748 742 4797 Vll
765 4747 808 4802 Id.
830 4749 881 4801 dul.
905 4766 973 4801 3333.
997 4766 1045 4810 ac,
1069 4762 1123 4813 quo
1146 4746 1235 4813 magis
1260 4745 1393 4799 correctio

109 4830 336 4900 sirliscriptionis
354 4832 544 4885 antecedentis
562 4830 696 4900 epistolae
715 4830 920 4898 comprobatur.

109 4928 151 4979 81
195 4915 341 4985 1)133,(1“.
377 4916 426 4969 Ed.
448 4923 501 4969 uiro
518 4920 669 4969 1331131333.

155 5019 317 5058 renascens.
332 5019 435 5057 33333,
451 5020 564 5054 333333.
582 5005 603 5054 1.
1153 5009 1193 5068 56
