3204 5506
563 335 764 383 nancrarus
787 337 820 382 v.
1265 323 1327 389 577

100 487 175 553 ndi
195 489 330 552 formam
352 488 417 551 suis
440 487 605 571 discipulis
628 487 831 570 condidisset,
861 489 895 551 in
919 511 981 573 qna
1002 489 1053 567 nel
1075 491 1254 573 quotidiani
1277 492 1328 556 de·

125 590 296 655 relaxatio
317 590 511 674 proveniret,
541 589 622 667 et¹⁸l
650 610 691 652 ne
713 589 747 651 in
770 589 985 653 tentationem
1008 591 1188 655 inciderent
1216 593 1328 677 implo-

100 695 181 775 ειη,
204 693 254 756 vel
275 694 312 754 ut
334 690 453 754 amalo
467 690 682 754 liberarentur
697 695 921 774 exposcerent,
944 692 972 754 si
989 691 1072 755 nihil
1087 697 1171 757 esset
1186 697 1326 778 omnino,

100 791 132 855 tl
168 797 222 857 aut
243 793 386 857 debitum
407 797 639 878 praegravaret
659 792 791 856 minime
814 793 1002 878 relaxatum,
1028 799 1084 859 aut
1098 797 1236 860 tentatio
1258 820 1328 880 pos-

109 892 297 978 inferre¹⁹)
326 895 462 978 peccati,
488 898 543 958 aut
564 895 688 958 nullum
711 918 730 957 a
745 917 807 978 quo
823 895 1036 960 liberarentur
1058 897 1177 960 malum
1199 921 1329 982 prorsus

100 993 253 1060 tsteret‘?
419 1003 420 1007 ’

136 1099 175 1163 5.
219 1098 272 1163 Sic
295 1103 403 1162 autem
431 1099 585 1183 quosdam
612 1103 719 1162 movet
746 1099 922 1183 surripiens
954 1100 1059 1163 illusio
1092 1101 1328 1186 dormientium,

100 1199 147 1262 ‚si
179 1223 244 1265 non
273 1202 402 1285 gravior
425 1202 595 1265 aestimata
618 1202 661 1264 sit
683 1201 944 1284 concupiscentia
967 1202 1183 1286 vigilantium.
1214 1203 1329 1278 Quam-

135 1303 228 1366 enim
261 1305 293 1365 et
326 1303 499 1367 insolentia
533 1303 706 1387 corporalis
740 1303 940 1386 frequentius
974 1304 1168 1368 refrenanda
1201 1306 1244 1368 sit
1279 1306 1329 1369 vel

100 1401 274 1488 tigatione
302 1405 419 1488 jejunii
448 1404 497 1468 vel
522 1405 664 1468 ciborum
687 1404 874 1489 frugalitate
896 1409 1105 1489 sumptorum,
1133 1429 1174 1469 ne
1196 1407 1331 1470 materia

100 1504 253 1570 ‚ebeatur
284 1505 433 1570 humanis
463 1507 608 1570 sensibus
636 1506 861 1590 phantasticae
895 1507 1070 1592 voluptatis
1098 1508 1330 1592 imaginatione

100 1603 220 1691 lendis,
252 1609 303 1672 vel
324 1609 453 1693 magnis
476 1608 536 1672 hoc
565 1609 604 1671 de
625 1608 832 1671 miseratione
854 1608 963 1672 divina
986 1610 1029 1673 sit
1051 1611 1198 1694 precibus
1221 1611 1331 1695 implo-

100 1706 206 1792 rdum,
235 1714 272 1774 ut
300 1711 340 1774 ab
362 1710 558 1775 illecebrosis
588 1710 763 1773 visionibus
786 1711 909 1794 sopitae
931 1715 1056 1774 mentes
1077 1700 1252 1776 reddantur
1275 1714 1331 1776 im-

100 1830 189 1876 mes:
222 1815 330 1876 tamen
368 1813 433 1877 sive
467 1812 547 1877 haec
578 1812 819 1875 incontinenter
848 1813 1019 1894 agentibus
1054 1814 1119 1876 sive
1152 1815 1332 1879 viventibus

100 1913 266 1978 :rtiuenter
288 1915 450 1997 eveniant,
475 1918 560 1977 certe
583 1915 610 1978 si
626 1914 696 1998 quis
719 1917 778 1996 est,
803 1914 908 1977 minor
923 1918 1029 1978 reatus
1045 1918 1094 1977 est
1108 1917 1330 1998 nescientium,

100 2032 157 2079 am
180 2015 316 2080 carnalis
339 2017 444 2100 operis
460 2017 606 2100 appetitu
622 2015 730 2100 palam
746 2018 917 2099 aperteque
941 2017 1147 2099 cupientium.
1186 2017 1332 2102 Denique

100 2117 137 2177 et
160 2140 225 2182 non
246 2140 346 2202 parvo
369 2117 429 2181 Dei
452 2140 584 2182 munere
607 2117 760 2201 potiatur,
785 2117 927 2200 quisquis
950 2121 1006 2180 aut
1028 2118 1124 2183 nullis
1147 2119 1276 2202 talibus,
1305 2121 1331 2183 si

100 2216 129 2278 ri
154 2222 270 2303 potest,
301 2223 358 2283 aut
379 2220 517 2304 perraris
545 2220 692 2304 pulsatur
713 2218 849 2300 insidiis,
874 2240 1031 2303 nusquam
1053 2219 1188 2304 legimus
1211 2221 1246 2283 in
1269 2221 1332 2285 cul·

101 2336 137 2381 m
167 2321 319 2406 vocari²⁰)
350 2320 580 2405 phantasmata
608 2321 812 2384 somniorum.
859 2319 918 2384 Sed
953 2321 1050 2404 plane
1075 2322 1175 2405 ipsius
1202 2322 1331 2387 Domini

101 2438 139 2482 ce
163 2445 227 2488 non
249 2424 436 2508 ignoramus
452 2445 519 2487 csse
535 2423 771 2506 depromptum,
795 2423 878 2506 quod
901 2430 1034 2502 qua-qua·
1048 2431 1200 2487 mutierem
1223 2415 1444 2537 vtdnitlssasslssh·

100 2523 406 2606 'concupiscendam
430 2533 562 2589 eumdem
579 2532 617 2588 sit
632 2547 685 2589 suo
700 2531 793 2589 corde
808 2530 999 2588 moechatus:
1022 2525 1076 2588 ubi
1101 2530 1332 2610 consequenter
1361 2508 1406 2550 δ”
1427 2527 1432 2537 “

100 2624 187 2690 stum
215 2628 344 2691 subesse
377 2650 443 2692 non
471 2627 602 2690 dubium
631 2630 695 2708 est,
733 2626 865 2710 ideoque
899 2629 966 2689 tam
984 2627 1058 2711 jugi
1087 2628 1332 2712 supplicatione,

102 2742 162 2791 am
182 2730 389 2813 eleemosynis
419 2730 594 2812 ceterisque
617 2729 709 2792 bonis
733 2728 912 2792 actionibus
935 2729 1128 2812 expiandum
1156 2734 1214 2794 est.
1259 2731 1334 2794 Non

100 2820 150 2892 im
174 2832 325 2914 vacat²¹),
349 2831 432 2915 quod
454 2832 576 2894 dietum
600 2834 658 2912 est,
683 2830 791 2892 omnia
813 2853 871 2914 per
886 2831 1119 2914 eleemosynam
1135 2853 1228 2914 posse
1243 2854 1334 2896 mun-

100 2924 149 3010 ti,
181 2955 276 3016 quum
307 2933 353 2996 ait
385 2932 559 3016 Dominus,
590 2933 665 2995 dum
699 2933 738 2994 de
760 2932 897 2995 internis
921 2934 1123 3015 externisque
1156 2934 1336 3016 figuraliter

100 3025 340 3098 assensionibus
364 3035 561 3119 loqueretur:
591 3042 800 3098 Verumtamen
823 3042 905 3114 qnod
925 3047 1069 3115 superest,
1093 3041 1164 3097 dote
1179 3042 1334 3114 eteenrosy-
1348 3011 1423 3131 ,Iffi'l

100 3145 147 3206 ἢ,
174 3149 201 3199 et
223 3159 293 3200 ecce
315 3145 416 3201 omme
431 3144 545 3201 maredo
560 3150 629 3201 sunt
646 3142 734 3201 nobis.
770 3136 831 3199 Sed
853 3137 950 3199 etiam
971 3135 1049 3198 illud
1064 3135 1091 3217 *,
1116 3136 1199 3220 quod
1220 3143 1337 3200 caritas
1350 3148 1365 3179 ’ᾗ
1380 3120 1468 3216 'suppl

100 3245 222 3303 perta!
234 3245 454 3302 multitudinem
467 3252 682 3318 peccatorum:
704 3243 741 3300 ut
757 3237 880 3301 scilicet
895 3237 1047 3320 quidquid
1063 3237 1285 3301 insinceritate
1293 3238 1333 3323 ²²)
1349 3238 1486 3348 Γῖζῑθῖξωῑ

100 3340 205 3410 pon's
228 3344 260 3403 et
282 3340 399 3403 mentis
423 3341 608 3423 attrahitur,
632 3339 799 3402 rationalis
822 3339 953 3422 pietatis
976 3361 1070 3422 opere
1093 3338 1246 3402 deleatur.
1285 3339 1334 3403 De
1369 3338 1447 3427 4,ss

100 3434 171 3502 tis
191 3446 308 3525 autern,
340 3442 423 3505 sicut
450 3465 547 3525 supra
572 3442 641 3525 jam
669 3442 816 3524 diximus
847 3441 1001 3525 apostolis
1027 3443 1155 3504 tantum
1185 3441 1335 3505 debemus

116 3686 169 3762 ’ἢ
185 3696 217 3749 (3¹
237 3707 260 3750 et
279 3703 304 3749 in
323 3702 484 3751 tentationem
502 3703 660 3762 reciderent,
680 3713 799 3762 moxque
818 3715 866 3764 qno
885 3705 928 3748 ant
947 3700 1062 3749 debitum.

116 3772 168 3847 ἐ’)
184 3781 257 3834 Editi
275 3785 380 3848 inferni,
404 3781 438 3833 Gt
462 3786 569 3848 inferre.
612 3779 719 3834 Clarior
738 3780 791 3833 erit
808 3780 917 3849 phrasis
935 3781 962 3833 in
981 3782 1053 3834 hunc
1072 3781 1196 3834 modum:
1221 3794 1265 3836 ant
1282 3795 1333 3836 ten·

147 3873 246 3930 peccati
260 3878 352 3934 posset
370 3871 480 3932 inferre,
498 3866 604 3919 seilicet
622 3871 737 3920 debitmu.

112 3939 168 4014 ²⁸³)
185 3949 242 4004 Hoc
259 3949 366 4020 pariter
388 3949 480 4019 posito
504 3968 536 4003 ac
558 3950 634 4002 velut
657 3951 731 4019 apud
753 3951 846 4004 fideles
870 3953 995 4005 confesso
1014 3951 1183 4020 Augustinus
1207 3951 1240 4005 de
1260 3951 1332 4006 civit.

118 4021 158 4083 l.
175 4042 186 4087 1
205 4053 227 4089 c.
241 4043 273 4089 25
293 4034 332 4088 sic
350 4035 543 4088 ratiocinatur:
563 4042 636 4099 Quod
652 4042 675 4087 si
692 4042 736 4088 itta
754 4042 990 4105 conmrpr'scentr'ntis
1008 4041 1192 4103 inobedientia,
1212 4057 1276 4105 qrrue
1289 4043 1335 4090 od·

106 4113 161 4169 1⁸21
175 4125 286 4173 nemlrrr's
304 4125 458 4174 moribundis
475 4125 587 4180 habitet,
609 4133 717 4188 praeter
739 4133 843 4176 nostrae
860 4127 995 4175 voluntatis
1018 4127 1095 4188 tepent
1118 4128 1191 4189 quasi
1212 4129 1267 4188 {epe
1288 4141 1336 4174 sua

100 4203 189 4268 Qun,
213 4217 306 4274 parante
329 4212 407 4274 sarapis
429 4209 523 4274 ubsque
541 4213 616 4274 culpo
638 4217 676 4258 est
699 4214 723 4258 in
742 4227 851 4274 corpore
874 4211 1029 4260 dormientis.
1065 4205 1136 4258 Vide
1160 4208 1188 4258 ct
1211 4205 1335 4273 cJ'usdern

100 4269 182 4341 fea.
200 4290 216 4343 l.
233 4297 263 4344 ro
282 4307 304 4342 e.
320 4297 353 4343 so
370 4290 400 4342 ec
418 4290 537 4359 append.
557 4289 663 4343 tonav
681 4307 771 4344 senno
790 4298 840 4344 aaa
858 4309 883 4343 n.
904 4298 928 4344 s.

126 4365 169 4440 ²¹)
185 4377 209 4427 ο7
222 4376 259 4428 c¹⁰
277 4374 341 4427 add.
360 4381 492 4441 mysterio,
511 4376 671 4443 refragante
691 4375 735 4428 G¹.

131 4452 169 4524 2ἵ)
184 4457 307 4513 Verbum
325 4458 391 4525 hoc,
414 4459 488 4526 quod
511 4460 587 4529 prius
605 4460 633 4513 in
652 4460 705 4513 duo
728 4460 844 4514 divisum
867 4462 971 4526 fuerat,
989 4460 1051 4528 jam
1069 4462 1106 4513 c¹⁰
1123 4459 1152 4513 in
1170 4478 1255 4513 rmmn
1273 4477 1336 4514 eon-

100 4533 168 4614 §ih
184 4544 257 4611 quod
276 4546 305 4597 et
323 4548 351 4598 al
369 4543 471 4598 (haemo
489 4545 628 4614 probavit.
664 4545 725 4599 Non
745 4545 907 4598 inusitatum
926 4544 1090 4599 vocabulum
1109 4545 1266 4614 hujusmodi
1284 4545 1336 4600 Ge-

100 4620 140 4669 ¹0
157 4644 225 4696 esse,
247 4628 331 4682 fidem
350 4629 417 4682 facit
438 4631 575 4683 tractatus
593 4629 631 4682 IV
649 4648 675 4682 n.
693 4637 735 4696 13,
758 4629 806 4682 ubi
825 4630 980 4684 Orientales
997 4650 1089 4683 sacrae
1107 4638 1238 4699 retipiom's
1256 4637 1335 4684 insin-

100 4701 175 4765 “flate
189 4720 299 4783 pollutos
317 4713 451 4768 audimus.
479 4715 542 4768 Jam
561 4715 590 4767 et
606 4732 691 4783 supra
703 4714 782 4785 epist.
797 4721 829 4767 ‘rt
848 4714 1003 4768 audivimus
1021 4721 1172 4768 insincerum
1183 4721 1264 4768 altore
1278 4734 1336 4768 con
1369 4735 1377 4751 .

100 4794 169 4855 mm.
205 4799 343 4868 Legamus
367 4802 396 4852 ct
417 4799 491 4853 infra
513 4819 539 4852 n.
554 4807 586 4854 23
605 4807 636 4854 de
659 4807 799 4867 inepta-itali
815 4806 941 4869 spiritate.
979 4799 1057 4863 Quod
1079 4800 1238 4854 observasse
1257 4800 1335 4867 juve·

100 4864 127 4939 lb
140 4899 171 4936 ne
187 4884 247 4952 quis
264 4884 362 4938 verbis·
375 4884 533 4951 hujusmodi
552 4884 711 4954 compositis
730 4885 894 4939 ostendatur.

116 4979 255 5028 trrsroaar
271 4991 374 5026 nontin,
390 4991 502 5027 cosma
521 4978 541 5030 Ῐ,
1094 4981 1132 5038 37
