3204 5506
466 39 586 65 ωῦωυὶ
592 39 686 64 mu
707 39 792 65 BUUC
795 39 901 65 {lumb
896 39 978 65 uului
979 39 1060 65 UWU
1083 39 1263 65 Wuuuufflu
1243 39 1315 64 uum
1337 39 1464 65 ῦιὶωῠυῠ
1486 39 1545 64 wu-

466 124 573 169 ramm
601 123 668 167 non
693 102 899 188 praedicatur
926 101 1137 189 congregatio
1159 100 1433 168 calchedonensis
1459 101 1602 167 sancti

466 226 548 290 quae
562 202 777 288 Eutychetem
798 206 832 269 et
845 202 1045 291 Diosoomm‚
1067 204 1130 269 duo
1151 203 1285 269 nomina
1304 202 1431 267 famosa
1451 207 1549 268 et

467 305 561 370 fidiae
567 355 577 390 ‚
610 305 705 370 unius
727 307 906 371 sententiae
928 306 1118 392 integritate
1147 305 1328 389 damnavit,
1362 305 1545 390 iniquitatis
1571 335 1599 361 tu

467 429 533 471 uno
553 406 670 492 spiritu
690 406 811 472 divinis
833 402 1036 493 dogmatibus
1058 406 1225 494 adversat)
1247 406 1436 473 luctantes?
1466 404 1599 484 thsP:

467 507 671 574 Timotheum
692 510 911 593 praefatorum
933 509 1081 575 vernulas
1103 510 1276 595 ignorarit,
1305 510 1602 595 propugnatores·

467 610 519 674 nis
541 611 702 694 addictae,
737 616 883 676 auctores
905 634 943 677 ac
964 613 1136 698 magistros
1158 634 1231 676 suos
1253 612 1399 697 erebrot)
1422 633 1529 676 errore
1549 611 1600 675 viu

469 711 562 776 illum
590 713 792 777 Timotheum
828 714 986 799 loquimur
1018 714 1226 799 patricidam,
1264 713 1319 799 qui
1346 718 1481 778 sanctae
1508 735 1602 778 reoo

468 813 613 878 Proterio
639 816 828 900 superstite,
862 838 928 880 uon
950 817 1054 883 solum
1081 816 1247 881 ecclesiam
1276 837 1343 880 non
1371 814 1533 901 religiosis
1553 838 1602 881 au

468 917 648 1000 occuparit,
671 940 781 982 rerum
803 918 901 982 etiam
923 918 1110 982 effusionem
1131 918 1177 1003 pii
1199 918 1368 1002 sanguinis
1386 919 1429 983 ad
1443 917 1564 983 crimen
1587 948 1592 974 ι

469 1019 519 1081 nis
527 1019 554 1104 ⁹)
577 1019 704 1102 adjecit.
749 1021 853 1104 Ipsius
875 1042 991 1105 nempe
1018 1020 1258 1085 damnationem
1285 1020 1476 1084 universalis
1504 1018 1599 1084 esth}

469 1142 529 1184 vox
552 1120 724 1206 locunt),
755 1121 831 1186 llum
853 1144 925 1186 oum
946 1122 1077 1187 nomine
1099 1144 1223 1208 quoque
1245 1121 1424 1188 Christiani
1445 1120 1574 1186 honoris
1600 1152 1602 1177 =

469 1222 567 1305 (hujus
582 1222 715 1286 Petrmn
736 1246 904 1307 sequacem
925 1227 1037 1288 notum
1059 1224 1207 1288 feceruutt
1228 1224 1476 1288 orthodoxorum
1496 1223 1601 1309 pluria

470 1324 593 1406 siches,
623 1325 657 1388 in
680 1324 796 1409 quibus
818 1324 873 1389 ille
896 1326 1047 1390 virtutem
1075 1327 1175 1390 animi
1197 1326 1247 1390 sui
1268 1325 1444 1390 exsultavit
1464 1326 1594 1391 ostende

469 1426 563 1511 vitu)
586 1425 673 1490 huno
695 1427 842 1512 Ephesus
866 1449 936 1492 cum
958 1432 1028 1493 tota
1050 1428 1203 1493 sacietate
1219 1426 1380 1510 thomati,
1404 1427 1458 1492 ubi
1482 1450 1554 1492 cum
1574 1450 1596 1512 p

466 1634 577 1696 feraces.
612 1630 657 1684 Sic
676 1631 814 1699 quaedum
833 1631 930 1685 Hilarii
947 1631 1127 1686 Pictaviensis
1144 1631 1250 1701 scripta
1267 1632 1389 1687 ferocem
1406 1632 1515 1703 spirare
1532 1630 1602 1685 ruta

468 1730 557 1780 mum,
580 1732 663 1783 quem
685 1717 781 1769 tumen
802 1728 896 1770 natura
917 1723 998 1772 saltem
1016 1718 1045 1771 et
1066 1717 1206 1787 placidum
1229 1716 1310 1771 husee
1327 1716 1444 1771 Rufinus
1461 1717 1494 1771 H.
1514 1716 1546 1770 Ε.
1562 1716 1588 1785 1,

469 1798 552 1853 dieat.

535 1888 557 1953 ⁶)
576 1885 611 1938 G¹
629 1905 693 1954 qaae
713 1890 829 1940 Nestorii
844 1892 956 1957 lnqrram,
979 1887 1022 1940 ed.
1041 1888 1106 1941 Bas.
1124 1888 1153 1942 et
1171 1904 1246 1957 sequ.
1266 1908 1316 1957 qua
1334 1891 1451 1942 Nestorii
1467 1893 1599 1957 mlapia

468 1974 533 2022 verit
555 1971 592 2037 (οτ
614 1986 673 2038 seq.
696 1974 849 2039 laboratio?
889 1977 1005 2027 Nestorii
1029 1979 1138 2043 inquam.
1182 1972 1248 2025 Mox
1270 1972 1306 2027 ΘΙ
1328 1992 1484 2042 napttapere
1501 1978 1567 2040 fidei
1598 2005 1601 2016 =

469 2059 572 2109 tentiae.

536 2141 557 2207 ⁷)
576 2140 611 2193 G¹
624 2141 651 2194 a¹
669 2147 781 2215 adama
797 2149 933 2204 luctantes,
952 2143 970 2196 b
988 2147 1099 2196 alinerra
1116 2154 1257 2209 certantes,
1277 2141 1320 2197 ad.
1339 2141 1403 2196 Bas.
1422 2147 1588 2197 macariae

535 2227 557 2293 8)
575 2224 610 2279 G*
629 2229 721 2281 erebro
739 2246 842 2289 rmore,
861 2230 889 2281 a¹
908 2231 999 2282 erebro
1015 2231 1102 2293 ferro,
1120 2227 1139 2280 b
1156 2247 1231 2283 seraa
1248 2246 1352 2290 errore,
1375 2226 1417 2281 eo
1438 2227 1502 2281 Bas.
1521 2230 1551 2281 et
1571 2252 1602 2273 «ν

468 2328 572 2369 mare.
591 2309 686 2365 nescio
704 2327 740 2366 an
758 2311 862 2366 melius.
899 2312 959 2366 Hoc
976 2311 1051 2367 enim
1068 2312 1121 2367 sihi
1138 2312 1410 2379 rult‚.Timothoum
1427 2311 1561 2366 Aelurum
1577 2328 1602 2367 e

468 2393 629 2463 Eutychetis
647 2397 677 2449 et
693 2395 820 2451 Dioscori
838 2396 1000 2467 discipulos,
1023 2397 1089 2467 ipsis
1107 2396 1220 2467 quidem
1239 2414 1334 2452 errore
1350 2412 1446 2467 pares,
1467 2396 1519 2452 sed
1535 2414 1583 2452 eae

445 2540 448 2545 ¹
468 2479 612 2549 proprium
630 2481 789 2551 episcopum
808 2482 964 2537 Pretorium
981 2482 1182 2537 interfecerunt
1199 2484 1229 2537 et
1245 2482 1424 2537 interiectum
1440 2480 1586 2552 indignat

467 2563 550 2619 luisse
567 2565 732 2635 superiores.

535 2652 556 2718 ⁰)
575 2650 648 2705 Edit.
666 2651 750 2706 Basil.
776 2654 805 2707 et
821 2653 923 2709 Baton.
940 2659 1128 2722 'persuasionis
1170 2653 1230 2708 Hoc
1252 2652 1359 2708 facium
1385 2652 1415 2707 in
1436 2654 1590 2709 haehtul

467 2732 552 2789 Iasius
585 2736 628 2790 its
654 2736 831 2807 perstringit:
865 2744 971 2793 Mortuo
998 2745 1116 2808 principe
1143 2742 1281 2793 lllareiano
1307 2744 1422 2794 collectis
1449 2742 1533 2794 tertie
1569 2779 1570 2785 ,

472 2824 613 2875 Timotheus
639 2833 664 2876 el
683 2827 779 2877 Petrus
804 2829 904 2878 veniunt
927 2830 1128 2886 Alexandriam,
1157 2836 1183 2878 et
1208 2829 1346 2879 arariam
1371 2828 1403 2878 ab
1431 2828 1569 2880 haereticis

467 2912 611 2976 episeopus.
648 2913 704 2963 Duo
728 2915 806 2977 ipltur
828 2915 899 2978 apud
916 2915 1104 2964 Aleaeoadriam
1121 2914 1238 2978 epiceopi
1259 2928 1316 2964 esse
1337 2909 1540 2978 caeperunt&
1575 2933 1602 2955 e*

466 3008 549 3047 vocor
567 3010 629 3048 etun
647 2994 788 3060 Proterio;
815 2994 859 3048 eui
878 2993 986 3048 crimini
1007 2994 1172 3049 Timotheus
1199 2999 1299 3064 postea
1318 2992 1472 3063 ipsummet
1487 2994 1596 3050 Protesi
