3204 5506
194 303 234 365 14
533 316 666 364 uonrrr
690 317 841 364 rexnvm
863 318 899 364 1u
922 317 1057 365 rnnxcrs
1079 317 1115 364 11.

192 477 289 534 libellis
304 478 357 534 illis
367 494 564 553 responsurus.
588 477 661 546 Quos
678 495 759 552 quum
776 478 906 542 acerbius,
923 486 954 533 ut
969 485 1063 534 notum
1079 485 1129 541 est,
1146 476 1284 533 habuisset
1299 492 1329 532 ae
1345 475 1452 532 demum

191 565 314 636 praemiis
329 562 479 619 deliuiisset
495 580 582 637 eoque
596 563 761 637 pehexisset,
778 572 808 619 ut
819 563 900 620 Petro
913 562 1071 638 blongo,·ad
1084 579 1163 637 quem
1175 560 1365 637 expellendum
1378 563 1453 618 missi

191 648 306 712 lucrant,
323 650 559 710 communicarent,
575 650 727 705 Acoemitae
743 649 867 705 monachi
882 648 974 705 Vitahs
986 657 1014 704 et
1026 648 1118 704 Miseni
1135 647 1262 703 dehctuur
1273 646 1355 703 simul
1372 654 1454 720 atque

191 735 277 789 Aeacii
293 735 439 807 nequitiam
455 733 640 790 denuntiatum
662 733 801 797 advenere,
825 742 894 790 teste
909 732 1023 807 Evagrio
1039 732 1065 789 h.
1076 751 1099 789 e.
1113 732 1154 795 lll,
1172 732 1213 791 20
1234 734 1367 788 instantes
1382 730 1454 805 apud

191 816 305 874 Felicem
321 819 513 893 supplicesque
528 829 645 882 orantes,
663 827 691 875 ut
707 818 832 875 orientali
843 818 973 875 ecclcsiae
983 819 1010 874 in
1022 834 1155 873 summum
1168 817 1310 873 discrimen
1322 815 1454 872 adductae

190 901 332 959 subvenire
347 921 382 959 ne
397 912 557 960 moraretur.
591 903 678 972 Quum
693 906 778 978 igitur
793 912 977 979 congregatur
991 911 1085 977 postea
1100 901 1231 976 synodus,
1248 903 1274 957 in
1291 901 1454 975 quaVitahs,

190 987 307 1044 hliseuus
323 997 350 1044 et
365 990 476 1045 Aeacius
492 989 713 1051 condemnantur,
730 990 790 1063 quis
806 1007 863 1045 eam
879 997 990 1064 propter
1004 988 1079 1044 solos
1095 988 1155 1044 illos
1168 987 1273 1062 legatos
1284 989 1455 1059 specialiter

189 1081 382 1148 congregatam
404 1073 515 1136 dixerit,
537 1083 564 1130 et
585 1091 640 1130 non
662 1083 775 1149 propter
795 1076 883 1148 ipsum
904 1074 1046 1130 Acacium?
1075 1072 1131 1129 Soli
1156 1071 1261 1147 quidem
1282 1071 1367 1128 authti
1387 1080 1454 1128 suut

190 1157 282 1214 vitalis
298 1166 326 1214 et
342 1157 475 1222 llisenus,
496 1166 523 1213 at
538 1159 649 1215 Aeacius
671 1176 726 1216 non
746 1159 830 1215 semel
851 1167 961 1215 vocatus
977 1166 1038 1214 ante
1054 1159 1195 1232 utriusque
1210 1156 1338 1213 delictum
1354 1155 1453 1219 luerat,

190 1242 303 1317 ejusque
318 1241 436 1299 absentis
452 1244 523 1301 vices
538 1242 643 1299 abunde
658 1243 819 1319 supplebant
834 1244 970 1301 lohannes
985 1252 1134 1306 accusator,
1150 1250 1234 1299 testes
1250 1241 1342 1317 legati,
1365 1242 1455 1298 Acoe-

189 1329 269 1383 mitae
284 1328 419 1390 monaehi.
442 1337 469 1385 et
489 1329 602 1384 aliorum
623 1330 816 1400 monachorum
837 1338 917 1403 atque
937 1329 1021 1403 ipsius
1042 1329 1130 1384 Aeacii
1152 1328 1265 1384 litterae.
1305 1325 1370 1382 lnde
1385 1343 1453 1383 vcro

185 1416 485 1485 praevaricationum,
509 1430 575 1487 quas
592 1412 748 1470 denuntiata
763 1415 813 1488 ipsi
828 1415 963 1470 sententia
978 1415 1108 1477 continet,
1124 1414 1226 1469 erictus
1242 1411 1453 1468 condemnatus·

190 1515 243 1571 que
258 1506 309 1554 est.
332 1497 434 1566 Quibus
450 1507 553 1554 attente
569 1507 693 1573 utaequa
706 1500 794 1555 animo
806 1498 981 1555 consideratis
994 1500 1053 1572 quis
1065 1514 1126 1554 eum
1138 1500 1165 1554 in
1177 1496 1282 1571 syuodo
1294 1496 1452 1553 damnatum

189 1582 294 1646 dixerit,
311 1582 352 1638 vel
367 1600 436 1658 quae
450 1602 508 1640 non
523 1586 689 1657 specialiter
704 1586 738 1641 ob
752 1588 845 1658 ipsum
861 1593 1045 1658 conprepato,
1063 1584 1105 1639 rel
1120 1600 1152 1639 ex
1164 1600 1216 1657 qua
1232 1597 1286 1638 uec
1301 1586 1454 1639 conuictus

189 1684 243 1724 nec
254 1670 501 1742 discussusjuato
513 1671 728 1726 ecclesiasticas
740 1672 859 1744 reputas
866 1669 981 1741 suerit?
997 1668 1045 1724 Cui
1057 1669 1135 1725 etiam
1146 1685 1201 1724 non
1215 1675 1257 1723 est
1266 1668 1452 1741 perspicuum,

188 1752 258 1809 hanc
273 1752 435 1810 Graecorum
451 1753 702 1828 expostulationem,
719 1756 842 1810 Acacium
857 1755 916 1810 sine
930 1753 1035 1828 synodo
1051 1751 1135 1809 luisse
1157 1753 1324 1814 damnatum.
1347 1752 1452 1827 simpli·

167 1883 170 1888 .
188 1839 256 1893 citer
270 1847 298 1894 ct
314 1838 392 1894 obvio
408 1855 489 1895 sensu
506 1837 649 1895 verborum
669 1839 834 1896 intellectam
856 1839 953 1903 luisse,
977 1837 1049 1914 quod
1071 1847 1098 1894 et
1117 1839 1201 1913 ipsius
1222 1850 1365 1894 successor
1384 1847 1452 1912 post

188 1921 316 1979 lilavitam
330 1922 493 1997 Euphemius
515 1923 607 1995 objicit
627 1924 697 1999 apud
713 1923 848 1981 Gelasium
863 1925 992 1998 epist.10
1006 1923 1070 1986 n.4‚
1092 1925 1232 1980 Acacium
1254 1924 1290 1978 ab
1312 1940 1369 1979 uno
1390 1940 1451 1980 nou

184 2012 314 2080 potuisse
329 2010 485 2065 damnari?
514 2010 554 2064 An
569 2026 633 2065 vero
649 2009 721 2065 aliud
736 2011 792 2065 sive
807 2009 850 2065 hic
864 2007 1029 2084 Euphemius
1050 2009 1106 2064 sire
1122 2007 1165 2063 alii
1180 2006 1230 2064 sibi
1246 2008 1330 2063 velint
1345 2005 1449 2072 Graeci,

188 2109 270 2167 quum
291 2093 385 2150 dicunt
404 2093 474 2169 apud
490 2094 624 2150 Gelasium
644 2095 773 2168 epist‘lb
788 2112 815 2150 n.
827 2095 853 2158 1,
875 2094 948 2168 quod
969 2113 1026 2151 non
1045 2096 1168 2166 speciali
1186 2094 1294 2166 sprrodo
1314 2094 1452 2165 dejectus

184 2178 279 2250 fuisse
295 2180 441 2242 uideatur,
462 2178 628 2235 commodius
650 2180 677 2234 in
696 2180 767 2236 huuc
782 2180 871 2235 locum
887 2179 1076 2253 expendemus.
1107 2177 1215 2235 interim
1232 2185 1351 2240 maneat,
1373 2177 1450 2251 quod

188 2265 256 2320 etin
272 2262 400 2334 subjectis
415 2265 487 2319 notis
503 2262 717 2320 confirmabitur:
740 2264 893 2339 epistolam,
915 2263 949 2319 de
964 2281 1016 2337 qua
1031 2265 1146 2338 agimus,
1167 2280 1221 2319 non
1238 2271 1355 2336 quatuor
1370 2261 1450 2318 dum·

188 2354 260 2403 taxat
280 2347 374 2404 diebus
394 2347 443 2404 sed
463 2349 555 2404 multis
577 2347 713 2405 mensibus
734 2365 794 2404 esse
814 2350 994 2422 posteriorem
1010 2356 1086 2404 sexta
1101 2347 1280 2423 praecedenti.
1312 2347 1449 2404 valesium

188 2440 214 2488 et
229 2432 296 2488 alios
313 2435 385 2489 viros
400 2432 494 2489 doctos
511 2431 607 2490 ielellit
622 2434 664 2489 hie
680 2434 809 2508 epistolae
825 2434 901 2490 loeus
917 2432 987 2488 haud
1003 2450 1097 2507 parum
1113 2434 1266 2489 intricatus:
1281 2433 1351 2489 Post
1365 2435 1449 2488 iliam

187 2521 370 2588 sententium,
399 2534 474 2591 quoe
495 2521 526 2574 in
545 2518 683 2580 Acacium
702 2519 937 2592 perturbatorem
958 2522 1044 2575 totius
1065 2522 1183 2575 orientis
1205 2520 1347 2575 ecclesiae
1367 2520 1449 2575 dieta

188 2609 243 2664 est.
267 2603 311 2658 his
330 2618 442 2676 quoquc
463 2621 540 2660 nune
560 2607 664 2660 iterum
685 2608 854 2678 conprepati
874 2606 1029 2676 adjicimus
1048 2606 1152 2661 litteris
1172 2610 1359 2660 memoratam
1379 2605 1448 2661 sub·

187 2688 278 2744 dendo
301 2691 478 2759 sententiam,
501 2707 587 2762 quam
604 2691 718 2761 placuit
733 2705 791 2761 per
815 2689 916 2746 Tutum
937 2689 1118 2761 defensorem
1133 2691 1242 2745 Acncio
1262 2690 1354 2763 diripi.
1387 2687 1449 2745 Non

187 2770 321 2846 significat
340 2771 476 2847 synodus,
498 2774 545 2829 has
566 2773 669 2830 litteras
690 2774 832 2847 synodicas
852 2791 902 2848 per
916 2774 1024 2837 lutum,
1045 2776 1085 2831 uti
1103 2775 1329 2848 interpretantur.
1352 2772 1449 2831 allatas

187 2856 280 2921 luisse,
296 2856 343 2914 sed
359 2859 401 2921 iis,
424 2874 490 2932 quas
506 2857 643 2922 mittebat,
664 2858 762 2916 litteris
783 2859 815 2914 ad
831 2859 1049 2915 archimandritas
1064 2861 1091 2915 in
1107 2860 1181 2933 regia
1197 2857 1263 2914 urbe
1278 2875 1307 2914 ac
1322 2858 1449 2932 Bithynia

186 2944 351 2999 constitutos
366 2945 526 3000 sententiam
542 2943 669 3000 adversus
685 2945 822 3008 Acacium,
846 2938 999 3018 quae'olim
1019 2961 1068 3019 per
1080 2944 1178 3000 'lutum
1195 2944 1274 2999 missa
1290 2944 1394 3007 iuerat,
1417 2962 1449 3001 se

186 3026 348 3098 adjunxisse.
377 3026 453 3096 Quod
470 3027 644 3086 confirmatur
659 3028 700 3085 his
717 3029 802 3086 verbis
818 3031 939 3104 proxime
950 3029 1140 3104 sequentibus:
1158 3029 1239 3098 Quod
1252 3046 1319 3104 erqo
1333 3031 1450 3101 placuit

186 3129 209 3169 s.
227 3116 334 3187 synodo
350 3115 431 3187 opud
444 3115 556 3171 beatum
568 3114 686 3172 Petrum
702 3118 869 3187 apostolum.
886 3120 960 3173 siem
974 3117 1108 3185 discimus,
1125 3121 1152 3170 et
1164 3129 1221 3186 per
1239 3115 1340 3171 Tritium
1351 3117 1448 3172 eccle-

185 3202 247 3255 siae
261 3199 442 3272 desensorem
457 3204 655 3257 sanctissimus
671 3204 714 3258 uir
729 3202 817 3258 Felix
837 3208 926 3273 caput
945 3209 1074 3258 nostrum
1095 3207 1123 3256 et
1143 3200 1383 3272 archiepiscopus
1404 3204 1449 3256 in·

185 3285 305 3368 dicauit,
321 3289 350 3341 in
366 3287 484 3342 subditis
499 3289 671 3343 continetur.

271 3370 300 3425 7.
330 3370 387 3425 lam
402 3370 469 3426 nihil
485 3369 580 3426 obesse
596 3371 714 3434 ridetur,
737 3372 802 3444 quin
823 3379 941 3427 veterem
955 3387 1100 3445 sequamur
1115 3368 1187 3426 Petri
1201 3368 1298 3425 Labbei
1313 3369 1446 3436 codicem,

185 3455 213 3509 iu
229 3470 283 3527 quo
300 3454 364 3511 haee
380 3455 494 3529 epistola
509 3455 560 3512 111
574 3456 674 3513 Nonas
691 3456 821 3513 Octobris
836 3456 1005 3530 Symmacho
1026 3475 1050 3513 o.
1069 3473 1094 3512 c.
1116 3472 1194 3512 cons.
1217 3455 1277 3527 (ie.
1294 3471 1364 3510 anuo
1381 3455 1447 3514 485

185 3537 212 3593 d.
229 3537 377 3610 bOctobr.)
392 3541 579 3614 consignetur.
602 3540 640 3596 Ac
654 3557 717 3596 vero
733 3540 794 3597 ideo
810 3540 893 3597 relata
908 3559 922 3596 a
938 3541 1043 3598 Valesio
1059 3541 1148 3597 estad
1164 3539 1290 3597 Calendas
1306 3542 1448 3615 Augustas

185 3623 371 3697 praecedentis
387 3627 462 3688 anni,
480 3623 553 3698 quod
569 3641 627 3680 eam
645 3625 739 3681 eodem
754 3626 880 3699 scriptam
895 3625 938 3682 die
953 3626 1083 3688 crederet,
1100 3642 1152 3700 qua
1167 3627 1292 3700 superior
1304 3634 1398 3681 octava
1413 3626 1448 3682 ad

184 3707 333 3770 Zenonem,
354 3726 422 3782 quae
437 3726 529 3765 revera
544 3710 609 3783 ipsis
625 3711 754 3784 Augustis
769 3709 892 3766 Calendis
907 3710 968 3767 data
982 3719 1101 3767 notatur.
1130 3714 1164 3766 At
1179 3710 1252 3784 quod
1268 3711 1307 3766 vir
1322 3709 1449 3767 eruditus

185 3792 298 3848 credidit
313 3800 358 3849 aut
372 3810 423 3868 pro
438 3803 513 3850 certo
528 3796 629 3868 posuit,
645 3794 728 3870 longe
743 3812 757 3850 a
773 3812 835 3852 vero
853 3794 941 3858 abest,
964 3813 1046 3870 quum
1062 3796 1165 3852 nullum
1180 3797 1216 3851 sit
1232 3794 1356 3858 dubium,
1378 3798 1448 3870 quin

185 3877 249 3934 haee
265 3877 378 3952 epistola
393 3895 408 3934 a
423 3880 506 3953 priori
521 3879 626 3953 synodo
641 3881 677 3936 sit
692 3882 781 3936 missa.
796 3874 798 3878 '
812 3880 905 3954 Neque
921 3881 964 3937 hic
987 3880 1078 3945 obest,
1100 3881 1173 3955 quod
1189 3881 1286 3955 synodi
1301 3879 1373 3936 illius
1390 3884 1449 3956 epi·

184 3963 254 4018 stola
269 3962 301 4018 ad
317 3965 442 4020 Acacium
458 3972 575 4038 quatuor
589 3973 651 4021 ante
666 3965 735 4022 hanc
749 3964 843 4022 diebus
860 3966 920 4021 data
935 3974 1055 4022 notetur.
1072 3965 1165 4039 Neque
1178 3967 1248 4022 euim
1259 3965 1382 4021 insolens
1394 3966 1449 4023 luit

184 4047 309 4105 Romanis
320 4047 502 4123 pontificibus.
515 4057 545 4105 ut
557 4049 732 4123 synodorum,
744 4050 841 4124 quibus
852 4059 1018 4125 praeessent,
1029 4059 1106 4126 gesta
1119 4060 1147 4107 et
1156 4051 1259 4108 litteras
1272 4049 1334 4107 inde
1349 4052 1449 4107 missas

183 4150 239 4189 non
253 4132 347 4190 iisdem
362 4134 411 4190 sed
426 4133 538 4191 diversis
553 4135 687 4191 interdum
703 4134 796 4192 diebus
812 4137 1014 4210 consignarent.
1043 4136 1142 4192 Notum
1158 4145 1209 4198 est,
1225 4135 1345 4191 Hilarum
1361 4153 1449 4210 quum

183 4219 317 4292 synodum
332 4218 431 4275 Romae
446 4228 559 4294 propter
574 4219 663 4276 Gallos
679 4219 817 4277 habuisset
832 4221 887 4276 lllll
902 4220 956 4276 Cal.
974 4220 1134 4284 Decembris,
1150 4223 1183 4277 iis
1200 4228 1303 4277 tantum
1313 4220 1346 4276 lll
1355 4221 1448 4278 Nonas

152 4376 158 4382 ι
184 4302 305 4373 ejusdem
320 4306 418 4361 mensis
433 4306 583 4379 scripsisse.
621 4304 749 4361 Similiter
765 4305 897 4380 llispanos
918 4307 961 4361 rix
982 4307 1110 4362 certiores
1133 4307 1195 4362 iecit
1215 4305 1309 4361 lllCal.
1326 4306 1449 4363 ianuarii

185 4387 219 4444 de
239 4391 323 4463 gestis
344 4389 439 4464 synodi
461 4391 488 4445 iu
510 4407 602 4446 eorum
619 4407 698 4446 causa
713 4390 768 4446 lllll
780 4390 834 4446 Cal.
851 4389 1002 4447 Decembris
1018 4390 1132 4448 habitae.
1162 4390 1255 4465 ltaque
1276 4391 1342 4447 nihil
1363 4400 1461 4459 vetat„

185 4475 328 4546 quominus
350 4473 423 4531 l'elix
444 4476 572 4550 epistolas
596 4476 613 4533 6
634 4484 662 4532 et
682 4476 701 4533 8
722 4475 813 4531 eadem
836 4477 863 4531 in
883 4476 989 4550 synodo
1009 4478 1123 4551 scriptas
1145 4475 1256 4532 diversis
1277 4477 1450 4551 consignarit

184 4557 287 4617 diebus.

469 4660 508 4721 In
527 4659 641 4762 Felicis
663 4660 826 4739 epistolam
846 4660 882 4722 12
905 4657 1153 4743 (,‚Diabolicae“).

121 4788 173 4857 [12³]
273 4782 300 4837 1.
336 4777 374 4836 Er
389 4782 421 4837 iis
437 4791 479 4838 est
493 4783 630 4856 epistolis,
654 4800 718 4857 quas
734 4782 848 4840 lacobus
864 4782 1023 4839 sirmondus
1045 4802 1059 4840 e
1075 4785 1159 4841 reteri
1174 4783 1267 4841 codice
1281 4781 1446 4841 Virduuensl

184 4864 267 4921 edidit
283 4867 309 4921 in
325 4883 404 4940 saepe
421 4867 528 4923 laudato
543 4867 689 4942 appendice
706 4869 765 4926 cod.
783 4868 920 4925 l'heodos.
937 4887 999 4944 pag.
1011 4869 1080 4927 134.
1104 4869 1189 4926 Erum
1204 4868 1328 4932 sortasse,
1347 4869 1446 4942 quilurs
