3204 5506
288 349 349 413 156
768 361 796 409 s.
813 358 936 407 musar
958 356 1072 448 suess

186 544 211 581 a.
224 532 273 581 roe
286 517 462 602 apostolico
484 538 538 581 ore
560 516 735 597 laudatam,
759 512 833 577 inde
849 533 1002 597 responsa
1017 514 1217 595 quaerentes,
1241 510 1326 575 uude
1340 510 1431 576 nihil
1446 533 1568 597 errem,

179 600 270 649 ‘⁴⁶4‘
285 620 366 686 nihil
389 617 660 704 praesumptione,
683 616 738 680 sed
760 614 938 700 pontificali
960 617 1062 678 totum
1085 612 1314 679 deliberatione
1334 614 1554 700 praecipitur.

368 723 399 786 2.
438 720 542 796 Quum
564 720 643 784 haec
666 720 713 783 ita
735 740 768 782 se
790 717 943 799 habeant,
967 718 1016 780 est
1030 718 1140 780 tamen
1154 715 1240 780 inter
1254 737 1314 783 nos
1327 715 1436 781 falam
1451 716 1567 801 frater,

286 825 375 908 eujus
398 821 690 908 praesumptionem
699 822 725 905 ⁵)
747 820 830 884 sieut
852 818 971 883 diutius
993 821 1101 882 tacere
1123 839 1188 882 non
1210 817 1317 901 licerit,
1345 817 1397 882 ita
1420 822 1458 883 et
1479 819 1567 905 loqui

283 925 383 989 futuri
392 924 505 1009 judicii
519 923 693 987 necessitas
705 921 884 1006 imperavit.
901 919 1050 985 Silvanus
1062 919 1190 1005 quidam
1202 919 1371 1004 episeopus
1378 921 1566 1007 Calagum

284 1027 317 1090 in
341 1027 453 1091 ultima
475 1030 567 1111 parte
583 1030 711 1089 nostrae
727 1023 910 1108 provinciae
926 1021 1128 1104 constitutur,
1152 1021 1372 1088 ordinationes
1394 1023 1461 1089 sibi
1476 1024 1565 1091 inde

284 1130 368 1193 bitas
384 1128 577 1211 ruurrpaudo,
594 1127 808 1192 humilitatem
824 1128 966 1188 nostram
980 1124 1020 1188 ad
1035 1124 1096 1188 hoe
1111 1146 1209 1210 usque
1220 1124 1382 1209 perduxit,
1398 1129 1437 1192 ut
1448 1131 1565 1193 eontra

284 1232 353 1313 ejus
376 1230 582 1311 vanissimam
605 1227 865 1313 superstitionem
892 1226 975 1290 sedis
1003 1230 1127 1291 vestrae
1150 1227 1279 1292 unieum
1302 1228 1486 1292 remedium
1509 1232 1563 1294 lla·

283 1334 431 1416 gitemus.
483 1331 546 1395 Hie
575 1351 712 1414 namque
736 1330 805 1414 jani
834 1333 910 1394 ante
932 1334 1054 1414 septem
1088 1335 1143 1395 aut
1172 1333 1244 1394 octo
1275 1329 1416 1415 amplius
1444 1353 1561 1415 annos,

284 1438 480 1518 postponens
509 1444 636 1516 patrum
664 1435 792 1517 regulas
820 1436 853 1496 et
881 1433 1194 1519 vestra⁰)·instit·ute
1222 1430 1423 1517 despiciens,
1464 1434 1562 1501 nullis
1596 1428 1599 1433 ’

286 1536 468 1621 petentibus
491 1535 616 1621 populis
639 1535 822 1620 episcopum
844 1533 1020 1600 ordinavit:
1050 1536 1139 1620 eujus
1162 1554 1413 1619 praeproperum
1436 1536 1561 1603 factum

285 1638 506 1702 existimantes
527 1638 673 1702 fraterna
695 1641 728 1701 et
750 1637 884 1720 pacifica
906 1659 999 1720 posse
1028 1637 1246 1702 admonitione
1267 1637 1390 1720 sanari,
1420 1638 1563 1722 profecit

285 1741 318 1804 in
341 1740 442 1823 pejus.
481 1740 626 1823 Denique
648 1739 760 1823 dumll
781 1741 894 1802 eontra
909 1742 1101 1804 vetustatem
1118 1760 1287 1822 canonum,
1312 1742 1428 1804 eontra
1446 1740 1560 1825 synodi

284 1842 459 1906 constituta
487 1842 617 1905 alterius
645 1840 755 1905 fratris
783 1840 886 1905 nostri
907 1841 1139 1925 presbyterum,
1169 1841 1283 1925 spiritu
1311 1843 1443 1907 unum
1470 1864 1561 1928 prae-

283 1944 474 2028 sumptionis
502 1966 665 2026 accensae,
695 1943 728 2006 iu
758 1942 868 2007 eodem
890 1943 971 2026 loeo,
1001 1944 1054 2027 qui
1084 1943 1131 2007 illi
1157 1942 1263 2007 fuerat
1285 1942 1483 2027 destinatus,
1511 1944 1560 2013 eui

283 2046 385 2111 invito
418 2049 450 2110 et
479 2046 675 2132 repugnanti
710 2045 905 2129 imposuerat
932 2067 1046 2109 manus
1074 2049 1107 2110 et
1133 2045 1187 2129 qui
1216 2047 1326 2110 nostro
1351 2045 1423 2130 jam
1454 2048 1560 2114 coebii

282 2152 389 2214 tuerat
411 2152 619 2235 aggregatus,
644 2148 827 2232 episcopum
848 2147 944 2211 feeit:
968 2147 1044 2211 hino
1066 2148 1187 2212 factum
1204 2149 1263 2228 est,
1286 2149 1322 2210 ut
1343 2147 1385 2211 de
1407 2148 1482 2233 ejus
1504 2150 1560 2215 mi·

282 2251 415 2315 serrirna
437 2251 618 2315 temeritate
645 2249 685 2312 ad
714 2271 772 2313 nos
795 2249 1113 2334 Caesaraugustanae
1142 2249 1229 2315 urbis
1256 2248 1428 2334 episeopus
1458 2252 1562 2319 frater
1592 2324 1600 2337 ,

282 2356 392 2417 noster
408 2351 586 2436 referres),
612 2351 700 2434 eujus
723 2350 892 2435 diligentia
907 2355 940 2414 et
954 2350 1134 2416 sollicitudo
1150 2351 1317 2416 admodum
1332 2358 1560 2439 prospexerat,

211 2486 216 2493 ·
281 2454 308 2518 si
331 2454 366 2518 in
389 2453 494 2537 aliquo
517 2453 698 2537 profuisset.
732 2452 894 2535 Siquidem
917 2453 1041 2543 eunetis
1062 2453 1097 2518 in
1120 2452 1238 2518 vicinia
1252 2453 1368 2537 positis
1383 2455 1560 2543 episeopis,

227 2630 230 2635 Ι
282 2578 323 2619 ue
345 2577 379 2619 se
406 2555 610 2620 schismatico
639 2554 863 2639 adjungerent,
892 2555 1149 2640 frequentissime
1172 2555 1384 2640 contradixit,
1411 2558 1474 2623 sed
1505 2560 1562 2647 ob·
1596 2568 1601 2597 ³

282 2656 457 2722 stinatione
479 2656 655 2720 damnabili
677 2659 790 2738 totum,
813 2656 896 2740 quod
919 2660 989 2721 erat
1010 2657 1158 2723 illicitum
1179 2663 1212 2724 et
1233 2658 1316 2744 quod
1336 2658 1437 2725 nobis
1457 2660 1563 2747 pudor

283 2763 331 2822 est
353 2758 469 2841 dicere,
493 2781 558 2823 non
582 2759 708 2822 erubunt
729 2759 814 2824 solus
837 2758 891 2823 ille
915 2759 1123 2824 committere.

366 2862 414 2926 3.·
432 2860 570 2925 Proinde
592 2860 667 2944 quia
689 2861 739 2924 his
761 2861 1084 2945 praesumptionibus
1108 2884 1189 2946 quae
1211 2862 1370 2928 unitatem
1393 2864 1561 2953 dividunt,

281 2985 363 3048 quae
385 2962 523 3027 schisma
546 2962 680 3045 faciunt,
709 2963 860 3028 velociter
882 2962 977 3027 debet
998 2964 1132 3047 oeourri,
1160 2987 1349 3050 quaesumus
1372 2967 1487 3035 sedern
1508 2992 1601 3045 ver-5

281 3067 397 3142 stram,
426 3064 558 3148 utquid
581 3087 676 3149 super
697 3065 758 3128 hae
780 3067 872 3149 parte
894 3066 1096 3151 observaret)
1119 3067 1235 3151 velitis,
1266 3069 1459 3153 apostolicis
1481 3072 1562 3139 affa-

281 3167 366 3231 tibus
389 3167 598 3230 instruamur:
627 3170 784 3250 quatenus
812 3168 1017 3244 fraternitate
1045 3168 1178 3233 colleeta
1199 3169 1333 3253 prolatis
1355 3170 1391 3235 in
1415 3172 1562 3243 medium

281 3268 483 3332 venerandae
505 3268 617 3352 synodi
642 3268 835 3351 constitutis,
860 3273 971 3334 eontra
994 3270 1177 3335 rebellionis
1198 3271 1347 3355 spiritum
1369 3278 1484 3341 vestra
1504 3299 1561 3343 an·

282 3370 431 3435 ctoritate
454 3369 592 3452 subnixi,
621 3370 697 3453 quid
724 3373 871 3454 oporteat
897 3370 937 3435 de
967 3371 1150 3437 ordinatore
1178 3376 1210 3437 et
1236 3372 1275 3438 de
1297 3373 1454 3443 ordinato
1476 3378 1560 3465 lieri,

280 3542 583 3550 ——.-—--..—-—-.

348 3643 368 3708 ⁶)
386 3639 423 3693 Ητ
432 3639 470 3693 ΗΒ
484 3645 706 3708 praerwupu'oner
724 3641 761 3694 Η7
773 3647 892 3697 diuinitas
903 3655 990 3697 taem
1052 3647 1193 3713 Calaporre
1205 3643 1252 3711 (ll⁸
1262 3648 1429 3715 Pelopem).
1447 3649 1561 3709 Deinde

280 3726 309 3779 in
327 3724 448 3794 vulgatis
466 3741 500 3780 ae
516 3724 656 3795 plerisque
675 3744 739 3780 mss.
758 3731 934 3789 detrationes,
958 3727 1006 3781 ubi
1031 3745 1093 3782 eum
1111 3728 1147 3782 K·
1164 3728 1347 3798 praetulimus
1366 3738 1561 3803 ormana,

280 3809 356 3878 quod
378 3812 407 3864 et
429 3827 524 3865 sensus
544 3811 669 3880 postulat
691 3813 720 3866 et
742 3813 768 3866 ο5
786 3815 812 3865 0⁷
827 3812 846 3865 i·
870 3812 907 3867 ad
929 3830 1018 3882 marg.
1042 3814 1183 3868 notarunt.
1236 3814 1273 3868 Η7
1294 3824 1462 3876 menneo
1483 3822 1561 3889 (loon

280 3900 450 4047 lumlfnlilot.
471 3979 543 4035 sedis
561 3980 731 4049 apostolieae
749 3980 967 4051 nominatimque
986 3983 1086 4037 Leonis
1104 3981 1183 4052 epist.
1196 3989 1226 4038 14
1243 4002 1270 4038 n.
1284 3989 1309 4052 b,
1326 3985 1377 4040 nbi
1394 3989 1510 4061 statuit,
1528 3994 1566 4061 ut·

279 4069 360 4118 nullas
376 4070 461 4119 inuitis
478 4076 504 4119 et
521 4085 571 4120 non
587 4069 730 4134 perentibus
741 4072 889 4127 ordinetur,-
907 4069 936 4121 et
948 4067 1026 4137 epist.
1041 4075 1071 4124 13
1089 4086 1115 4122 n.
1129 4076 1158 4123 ³:
1175 4068 1395 4139 metropolitano
1414 4072 1562 4137 Μίδαις

280 4170 329 4204 uon
344 4156 518 4218 penuittimue,
536 4162 563 4203 ut
579 4170 626 4205 suo
644 4161 739 4203 tanturn
757 4155 865 4206 arbitrio
882 4158 937 4206 eine
955 4159 1018 4206 cleri
1035 4163 1060 4206 et
1076 4156 1159 4222 prena
1171 4173 1276 4209 assensu
1287 4167 1562 4227 quemqnam

277 4240 450 4294 sacedotes:
468 4252 519 4290 nec
536 4250 593 4289 non
610 4234 760 4290 Caelestini
777 4237 923 4306 epistolem
941 4243 957 4290 4
974 4243 1029 4290 nt
1048 4238 1206 4306 sancientis,
1224 4241 1356 4295 ninellus
1373 4247 1465 4302 imese
1481 4252 1562 4307 deur

278 4339 421 4471 emlcllplii
433 4404 573 4475 plerisque
591 4422 654 4459 mss.
674 4405 770 4482 (etiam
787 4405 825 4459 Η7
837 4406 883 4474 ΗΘ)
901 4406 947 4461 hie
969 4406 1082 4461 additur
1099 4414 1157 4462 dara
1173 4408 1258 4476 (inlr
1275 4413 1370 4480 quta),
1388 4416 1473 4484 quod
1490 4417 1563 4477 editi

279 4489 442 4555 omiseruut;
460 4507 580 4558 moxque
598 4490 631 4543 F¹
642 4490 680 4544 Η7
691 4491 729 4544 Η8
746 4511 863 4545 accessus
882 4491 953 4557 (loeo
971 4497 1111 4562 accensus).
1131 4525 1162 4534 -
1181 4494 1208 4548 Is
1226 4493 1382 4566 episeopus,
1400 4501 1489 4573 eujm
1506 4504 1564 4563 sls-

278 4572 365 4627 rieuru
384 4575 543 4644 episcopum
560 4574 628 4629 feeit
645 4573 783 4642 Silvanus,
813 4594 846 4630 ex
864 4577 1043 4644 sequentibus
1060 4578 1225 4648 intelligitur
1242 4597 1301 4635 esse
1313 4579 1564 4661 Caesenam

278 4676 335 4712 nus.
372 4659 404 4714 ld
421 4678 487 4715 vero
506 4661 611 4714 factum
629 4658 792 4716 adversatur
809 4661 931 4716 Nicaeno
951 4679 973 4715 c.
989 4669 1028 4728 16,
1050 4663 1177 4719 Antiooh.
1196 4665 1225 4719 in
1237 4666 1380 4725 encaeniis
1392 4678 1462 4731 c.18
1474 4675 1507 4733 et
1517 4680 1565 4745 22,

221 4736 224 4743 ’
279 4740 383 4797 Sardio.
403 4762 425 4798 e.
441 4750 472 4799 18
484 4748 513 4800 et
528 4752 566 4811 ie,
585 4744 717 4815 Carthag.
736 4747 748 4800 l
767 4763 789 4801 e.
803 4752 827 4813 5,
845 4746 998 4801 Innocentii
1015 4747 1094 4817 epist.
1109 4755 1125 4802 2
1142 4767 1169 4803 n
1184 4755 1216 4804 10
1233 4750 1269 4805 al.

345 4831 365 4896 8)
384 4829 417 4882 F*
428 4829 466 4883 Η7
483 4836 601 4885 autema
618 4835 739 4897 referret,
758 4832 787 4885 et
804 4833 889 4886 antee
906 4832 943 4886 Η7
961 4838 1025 4887 unde
1044 4832 1115 4899 (loco
1133 4845 1160 4889 ut
1177 4837 1229 4903 d).

345 4916 366 4979 ⁹)
384 4913 422 4966 Η7
439 4919 578 4977 observari,
597 4932 715 4983 moxque
728 4915 762 4969 vin
779 4916 816 4971 Hs
834 4916 912 4972 deest
930 4923 1004 4972 etde
1022 4923 1151 4976 adimo.
1196 4908 1198 4911 ⁵
