3204 5506
260 346 325 413 550
737 362 765 407 s.
782 358 922 406 sarissa
945 358 1059 404 carna

263 523 365 594 rnidcl,
395 516 470 599 quia
497 514 672 579 tradendus
694 513 826 577 drrdrrcis
854 534 940 594 sunr3
971 534 1035 575 non
1064 511 1149 575 enirn
1172 511 1348 577 invitares
1376 517 1428 596 est,
1454 530 1481 575 s

263 845 320 907 per
342 824 477 885 mortem
499 821 609 904 homo,
643 828 728 886 verrio
757 842 864 883 rursus
891 841 949 903 per
975 818 1244 884 resurrectionem
1266 819 1369 885 homo.
1408 824 1437 885 Sr'
1451 826 1481 885 d.

164 908 241 1029 Ιΐθέῑέ
261 931 368 1005 acrius
390 946 444 1001 me,
472 930 648 1003 qanrtercn's
670 930 782 1003 rur'qne,
804 929 877 1001 qnia
892 928 972 986 endo
987 927 1030 985 ad
1045 927 1165 987 Patrem
1181 944 1289 1006 merem,
1311 928 1481 1003 ecquam.

197 1017 203 1041 ’
244 1020 345 1092 'mens
366 1033 467 1107 ranjor
489 1048 535 1090 ne
555 1037 614 1097 esu
644 1025 747 1109 major
769 1024 854 1088 enim
877 1028 925 1088 est
952 1046 1005 1106 eo,
1037 1024 1092 1109 qui
1114 1024 1204 1089 vadit
1225 1024 1267 1089 ad
1289 1046 1370 1108 eum,
1396 1046 1452 1089 uon
1475 1054 1481 1083 ι

265 1128 320 1213 qui
341 1131 390 1191 est
412 1128 446 1191 in
469 1150 516 1191 eo.
567 1127 657 1191 Sicut
679 1127 764 1190 enim
789 1125 889 1209 Deus,
923 1133 954 1191 r‘n
979 1132 1071 1192 Patre
1091 1148 1166 1209 snm,
1196 1126 1281 1191 sieut
1303 1131 1406 1191 autem
1423 1126 1481 1193 hon

264 1237 343 1296 nodo
366 1237 407 1294 ud
429 1236 561 1294 Putrem.
600 1229 661 1293 Illo
682 1249 759 1313 ergo
782 1228 885 1311 major
907 1231 955 1293 est
977 1228 1084 1311 Pater,
1108 1228 1162 1314 qui
1185 1251 1273 1293 nune
1296 1230 1383 1294 vadit
1396 1229 1481 1295 adeu

267 1354 331 1396 non
353 1333 406 1416 qui
429 1336 478 1396 est
499 1332 533 1395 in
556 1353 603 1396 eo.
640 1330 684 1395 Et
706 1334 741 1394 ut
765 1330 987 1415 compendiose
1009 1331 1125 1414 dicam,
1149 1333 1254 1414 major
1268 1334 1319 1395 est
1333 1334 1365 1396 et
1379 1334 1481 1417 amna]

165 1419 249 1537 {i'ffg
265 1434 366 1517 major
388 1435 624 1517 interrogante:
647 1444 778 1513 qrrorrloc
795 1454 892 1513 porres
907 1439 1042 1498 tradetis?
1065 1433 1208 1518 aequalis
1228 1434 1362 1499 satianti
1384 1434 1481 1518 populi

177 1510 250 1607 iiius
266 1538 369 1601 totoni
399 1558 437 1599 ex
466 1536 605 1620 quinque
634 1534 788 1620 panibus3
816 1536 920 1619 major
946 1536 1185 1620 interrogante:
1223 1542 1276 1601 ubi
1302 1540 1448 1601 Lazarus
1470 1564 1481 1621 p

165 1627 252 1689 ΠΜ·
266 1645 389 1702 sussen?
411 1637 552 1723 aequalis
575 1638 731 1702 Lazarum
754 1638 923 1701 suscitanti
947 1659 1102 1702 sermone.

114 1757 254 1821 tonans
350 1744 494 1823 ffiusdsm
515 1744 547 1804 in
570 1744 632 1805 alio
655 1760 794 1804 sermone
817 1745 887 1804 dnm
910 1747 1094 1822 explanaret
1115 1744 1209 1805 illud:
1240 1746 1336 1805 armen
1363 1748 1481 1807 rann

269 1847 358 1919 vobis,
383 1848 455 1922 quin
481 1849 534 1922 qni
554 1848 674 1907 rrerbunr
704 1863 798 1906 meum
821 1848 908 1907 audit
928 1854 957 1906 et
979 1847 1078 1906 credit
1104 1849 1146 1917 εἰ,
1178 1849 1233 1923 qru‘
1253 1849 1410 1919 misitne,
1439 1848 1481 1907 un

268 1951 359 2009 vitam
388 1957 553 2010 neronom.
578 1944 666 2009 Haec
691 1944 751 2008 ait:
775 1944 872 2028 Cujus
895 1965 972 2028 ergo
994 1947 1071 2008 sunt
1084 1943 1252 2028 passiones
1275 1944 1401 2009 carnis?
1419 1940 1446 2007 Si
1459 1943 1481 2006 d:

268 2046 450 2131 passionem
474 2045 579 2128 carni,
610 2046 651 2109 da
673 2046 701 2109 ei
725 2049 757 2109 et
779 2044 912 2109 hrunilia
935 2045 1039 2128 rerba,
1064 2049 1097 2110 et
1119 2046 1170 2111 cui
1192 2046 1355 2111 adscribes
1374 2044 1481 2111 miracul

269 2149 414 2233 suprad)
439 2170 495 2212 nos
519 2148 705 2212 connnenda
727 2169 899 2211 sermones
924 2147 1152 2212 Miraculorunr
1175 2149 1261 2213 enim
1284 2154 1424 2235 operator
1438 2146 1479 2211 oe

270 2250 384 2314 merito
412 2250 562 2315 sublimio
593 2248 735 2334 loquitur
761 2253 794 2313 et
820 2272 951 2335 openmr
980 2250 1098 2335 digna,
1127 2272 1259 2334 passum
1285 2272 1360 2316 vero
1383 2248 1481 2333 templu

272 2351 353 2416 bene
375 2350 508 2416 humilia
530 2352 670 2436 loquitur
692 2355 724 2415 et
746 2350 864 2415 similia
886 2351 1081 2435 passionum.

354 2458 500 2538 Ejusdem
522 2454 679 2539 contra⁵⁵)
702 2458 844 2519 Arianos.
882 2452 1036 2519 Discerne
1059 2454 1169 2540 igitur,
1192 2459 1303 2538 inquit,
1321 2455 1386 2539 jam
1403 2454 1481 2517 natur

272 2559 305 2619 et
327 2556 387 2620 Dei
410 2558 442 2619 et
463 2554 612 2619 hominis.
637 2554 748 2639 Neque
771 2556 857 2620 enim
872 2556 1095 2642 secundumn)
1118 2578 1284 2622 excessum
1300 2578 1338 2622 ex
1354 2551 1481 2621 Deofact

271 2661 323 2721 cst
344 2658 447 2734 homo,
471 2679 574 2742 neque
597 2658 771 2722 secundum
794 2659 973 2742 profectum
995 2681 1034 2722 ex
1056 2658 1186 2725 homine
1208 2658 1311 2725 Deus:
1333 2658 1423 2724 Deum
1438 2674 1481 2719 cu

273 2764 306 2823 et
328 2759 489 2822 hominem
512 2759 592 2824 dico.
637 2758 740 2835 Quum
762 2782 837 2824 vero
859 2761 1023 2844 passiones
1047 2761 1135 2825 carni
1159 2764 1192 2825 et
1213 2760 1337 2827 dederis
1358 2758 1417 2825 Deo
1432 2754 1475 2821 ni

275 2861 356 2944 cula,
380 2861 559 2925 necessario
583 2862 679 2925 etiam
702 2863 814 2927 nolens
837 2862 927 2927 clatris
950 2860 1084 2926 humilia
1105 2862 1234 2948 quidem
1249 2864 1346 2928 verba
1359 2858 1456 2927 hanni

137 2976 262 3042 Joh.r‚1.
276 2963 389 3046 Maria,
419 2962 568 3026 sublimia
596 2985 670 3027 vero
698 2968 730 3028 et
755 2964 821 3028 neo
849 2965 1045 3051 uenulas)
1074 2964 1194 3049 Verbo,
1224 2965 1308 3051 quod
1334 2973 1365 3030 r'n
1385 2960 1481 3045 praui

274 3078 350 3131 erat.
379 3065 553 3149 Propterea
576 3066 661 3129 enim
685 3066 801 3130 alicubi
825 3067 952 3151 quidem
974 3066 1126 3132 sublimes
1148 3067 1292 3152 loquitur
1313 3084 1462 3139 sermones,

274 3190 332 3252 per
354 3166 505 3231 sublimes
533 3166 661 3251 quidem
691 3168 905 3233 inhabitantis
927 3168 1026 3234 Verbi
1049 3169 1171 3234 indicet
1197 3170 1406 3253 majestatem,
1427 3180 1481 3251 pss

275 3269 410 3334 humiles
433 3273 539 3345 sautem
562 3268 691 3333 humilis
713 3270 856 3335 insinuet
884 3272 989 3335 carnis
1019 3271 1251 3336 infirmitatem.
1297 3271 1388 3337 Unde
1407 3270 1431 3334 ct
1446 3259 1481 3329 ι’

276 3372 402 3457 quidem
425 3370 587 3456 aequalem
611 3394 644 3435 se
666 3370 756 3436 Patri
779 3373 903 3458 dicens,
934 3373 1010 3438 alibi
1034 3394 1107 3438 vero
1129 3374 1285 3458 majorem
1307 3374 1437 3454 Patrem,
1455 3384 1481 3429 ¹

276 3473 336 3537 sibi
360 3476 530 3557 repugnat,
555 3474 609 3537 sed
632 3474 783 3557 ostendit,
806 3475 879 3560 quin
902 3479 934 3539 ct
950 3475 1036 3540 Deus
1058 3479 1089 3539 et
1113 3474 1209 3540 homo
1231 3480 1296 3541 est:
1318 3462 1481 3558 Dauoqud

345 3746 377 3810 Μ)
396 3745 501 3799 Graece
521 3740 699 3815 ἀνηγμένους
717 3742 827 3810 cinctis
846 3744 956 3818 λόγους,
975 3747 1028 3802 hoe
1046 3750 1215 3803 cstsnblr‘nes
1227 3753 1310 3804 trione
1321 3764 1442 3804 sernum.
1468 3734 1481 3790 Ἰ

277 3829 403 3884 thalasius
423 3829 473 3883 lan
498 3847 578 3884 rocca
600 3825 780 3901 ἄνηγμένους
804 3828 905 3903 λόγους
928 3833 1002 3887 infra
1023 3832 1052 3887 in
1074 3832 1159 3887 tenio
1176 3832 1364 3905 Amphilochii
1384 3834 1481 3901 fragat

277 3914 367 3983 primo
386 3914 497 3981 quidem
515 3920 629 3970 srrtlr'nn'a
647 3921 723 3970 cerda
741 3919 770 3971 et-
788 3918 904 3971 snbinde
921 3923 1037 3973 nrblr'nea
1053 3939 1183 3973 sermones
1200 3918 1289 3974 latine.
1307 3916 1438 3973 conrodit

347 4020 378 4083 δί’)
397 4015 590 4071 Theodoret-us
608 4016 700 4086 prima
716 4018 798 4087 hujus
816 4019 967 4073 testimonii
985 4021 1072 4075 verba
1083 4020 1160 4075 velut
1177 4041 1213 4075 ea·
1231 4028 1348 4077 matrone
1364 4028 1388 4076 ia
1400 4022 1481 4077 nra„

278 4115 318 4155 rer
335 4107 422 4169 rnajor
438 4123 475 4155 me
494 4109 549 4154 cat‘·
574 4100 650 4155 citat.
670 4101 802 4157 Leontius
820 4121 885 4158 uero
903 4104 950 4158 lib.
968 4113 978 4158 1
1004 4108 1101 4159 cantra
1118 4104 1228 4159 Nestor.
1254 4109 1283 4161 at
1300 4106 1411 4176 Eutych.
1426 4096 1481 4159 dcl

278 4186 407 4241 concinit.
444 4186 497 4239 Uni
516 4187 545 4240 et
560 4185 651 4241 eidem
670 4187 789 4242 orationi
808 4187 904 4243 titulus
921 4191 1038 4258 uterquc
1057 4206 1211 4260 congrue-re
1228 4191 1330 4261 potest.

345 4291 378 4355 ⁵⁸)
397 4287 461 4353 Seu,
480 4291 511 4342 ut-
530 4288 605 4359 apud
622 4289 767 4343 Leontium
787 4289 872 4345 latine
891 4290 1073 4357 conuertitur,
1094 4297 1168 4360 sacto
1180 4298 1292 4361 jactura
1308 4297 1436 4349 ainana
1446 4290 1481 4356 [⁶

279 4385 316 4427 css
334 4378 415 4430 torno.

346 4478 379 4543 ³⁷)
398 4476 457 4530 Hoc
475 4478 528 4529 cai:
548 4497 612 4547 qrrac
633 4482 709 4530 liernn
728 4485 834 4533 decenn!
856 4484 974 4533 Verbnrn.

346 4579 379 4645 ⁸⁹)
398 4576 589 4648 Supplendurn
608 4596 640 4633 ex
659 4597 761 4648 gracco
781 4592 805 4635 er
823 4586 885 4635 alibi
905 4602 954 4650 per·
976 4588 1086 4639 nrrrnr'lca.
1112 4582 1197 4652 Apud
1213 4582 1429 4653 Arnphilochinm
1440 4586 1481 4631 δι’

279 4663 356 4715 totus
368 4661 413 4715 hic
425 4662 501 4716 locus
514 4662 552 4717 sic
564 4664 650 4718 latim
663 4665 799 4719 redditur:
818 4672 891 4720 raudo
903 4672 994 4729 decentii.
1013 4688 1188 4738 nonnunquam
1200 4672 1340 4723 srrbd‘mr'on'
1348 4680 1449 4722 cerm
1457 4675 1481 4711 ¹

280 4757 306 4799 ne
327 4765 377 4813 per
397 4751 516 4802 rnbdncn
533 4752 612 4803 Verbi
629 4754 792 4804 incarnata
814 4758 988 4819 copnanr'oncrn
1011 4759 1153 4814 ostendam.
1174 4772 1226 4821 per
1248 4758 1359 4809 tamdem
1379 4768 1431 4807 sero
1447 4766 1481 4801 θ’

281 4835 449 4895 infirmitatem
470 4839 599 4901 apertura,-
625 4838 653 4888 ct
676 4835 715 4889 sic
737 4835 867 4906 deinceps
890 4837 997 4905 primae
1015 4854 1151 4907 personae
1168 4838 1282 4895 nominc
1298 4838 1406 4911 praeter
1420 4840 1481 4889 ΜΕ

281 4918 410 4983 urentem,
429 4933 513 4985 quarn
530 4917 669 4989 interpres
687 4936 742 4974 non
761 4920 827 4975 satis
846 4923 987 4976 eraserat-us
1005 4924 1055 4976 est.
