3204 5506
608 393 803 442 arrsromn
826 385 971 443 85-89.
1363 382 1426 447 885

151 547 296 633 principi
323 569 419 631 quam
447 548 536 611 vobis
563 548 703 633 gratiam
730 546 858 611 divinae
880 547 1119 632 propitiationis
1147 550 1293 634 acquirit.
1339 552 1469 628 Datum.
1482 565 1551 628 519.)
1593 597 1597 606 -

153 672 219 735 qno
228 651 251 737 ¹)
274 672 371 734 supra
393 648 531 714 consule.

657 836 838 939 Epistola
863 837 921 920 88.

1437 971 1470 1036 (a.
1478 979 1527 1024 orii
1539 989 1573 1024 m.

151 990 366 1089 Hormisdao
382 1007 492 1073 papae
514 990 557 1054 ad
573 989 771 1055 Jobnnncm
786 989 994 1054 Illicitauno
1017 990 1185 1056 ecclcsiae
1208 993 1423 1076 episcopum.
1467 1037 1533 1106 tul.)

96 1130 140 1179 13.
189 1132 330 1180 Ecclesium
342 1131 647 1193 Constantinopolitannm
665 1131 701 1178 ad
710 1131 780 1179 cedis
792 1131 949 1193 apostoticae
961 1132 1151 1179 communionem
1162 1133 1272 1181 rediisse
1284 1136 1390 1193 nuntiat,

209 1224 234 1266 et
252 1216 358 1266 libellum
375 1232 391 1265 α
408 1215 524 1265 dotatum
542 1216 600 1277 ejus
618 1216 731 1265 antistite
749 1216 918 1278 correeriptum
935 1231 989 1263 curn
1006 1231 1083 1264 suern
1100 1215 1195 1265 Justini
1212 1219 1367 1268 transmittit.

306 1347 519 1412 Hormisda
540 1348 562 1413 J
570 1347 717 1411 ohanni
740 1347 961 1431 episcopm)
984 1345 1208 1412 Illicitano.

238 1467 323 1531 Vota
344 1472 456 1532 nostra
479 1467 646 1532 caritatem
667 1470 757 1530 tuam
782 1465 884 1530 latere
911 1465 1074 1549 nolumus,
1107 1490 1148 1531 ne
1177 1469 1231 1552 qui
1262 1471 1423 1555 particeps

149 1572 214 1635 fuit
244 1570 485 1653 sollicitudinis,
521 1570 711 1653 gaudiorum
736 1569 845 1633 fructu
871 1568 1055 1632 redderetur
1082 1571 1227 1634 extorris.
1278 1571 1322 1635 Et
1353 1572 1424 1637 idco

150 1673 545 1756 Constantinopolitanam
568 1672 735 1736 ecclesiam
758 1671 798 1734 ad
828 1670 1082 1735 communionem
1108 1675 1252 1736 nostram
1279 1675 1421 1759 rediisse,

149 1775 291 1839 Domino
313 1775 510 1858 propitiante
532 1774 734 1838 tradentibus
757 1772 976 1857 significamus
1006 1773 1168 1857 alloquiis,
1198 1778 1230 1838 et
1257 1776 1423 1841 mandato·

149 1901 232 1960 rum,
257 1899 339 1961 quae
360 1876 477 1962 legatis
499 1877 617 1940 nostris
632 1876 785 1958 dedimus,
808 1876 843 1938 in
859 1874 1006 1938 omnibus
1029 1874 1143 1940 seriem
1164 1876 1263 1941 fuisse
1286 1880 1422 1963 comple·

148 1983 229 2043 tarn.
267 1980 315 2043 De
330 2002 393 2062 qua
407 1981 509 2062 parte,
532 1982 569 2042 nt
591 1978 630 2042 ad
652 1977 855 2041 dilectionem
870 1979 960 2040 tuam
974 1976 1099 2058 plenius
1117 1978 1328 2066 perfectum‘2)
1344 2002 1422 2065 gau·

148 2081 239 2144 dium
254 2081 445 2165 perveniret,
459 2080 559 2165 libelli
570 2080 591 2145 J
593 2080 730 2144 ohannis
742 2080 851 2144 fratris
864 2083 897 2143 et
908 2079 1144 2142 consacerdotis
1153 2083 1253 2145 nostri
1267 2082 1422 2148 Constan-
1434 2110 1478 2162 cp.
1488 2100 1528 2146 cr.

147 2183 358 2266 tinopolitani
393 2183 552 2267 episcopi,
590 2186 622 2246 ct
658 2181 780 2246 Justini
816 2181 1054 2245 clementissimi
1088 2183 1244 2266 principis
1280 2185 1422 2251 Orientis

147 2307 315 2349 sacrarum
336 2286 516 2349 litterarum
544 2283 771 2368 exemplaria³)
794 2283 916 2367 pariter
938 2283 1093 2347 credimus
1109 2285 1315 2369 destinanda,
1336 2288 1418 2352 indi·
1432 2313 1474 2366 ep.
1486 2304 1527 2351 ce.

147 2390 263 2453 cantes
281 2386 499 2470 nihilominus,
523 2409 580 2470 per
596 2386 738 2451 Orientis
753 2389 862 2470 partes
878 2384 1030 2468 plurimos
1046 2387 1210 2471 episcopos
1233 2387 1280 2451 sic
1294 2389 1419 2454 fecisse.

147 2489 318 2573 Superest,
344 2492 381 2552 ut
403 2513 421 2552 a
443 2489 535 2553 nobis
559 2487 813 2572 competentibus
836 2487 984 2571 precibus
1007 2488 1169 2552 Divinitas
1192 2493 1324 2554 exorata
1347 2514 1420 2556 con-

147 2592 255 2673 cedat,
280 2595 437 2675 quatenus
460 2592 498 2654 dc
522 2591 657 2654 aliarum
679 2613 804 2675 quoquc
826 2590 1033 2654 ecclesiarum
1052 2591 1326 2676 redintegratione
1348 2617 1420 2678 gra-

145 2694 301 2758 tulemur.
336 2693 385 2756 En
409 2715 492 2776 vero,
516 2715 597 2777 quae
619 2693 802 2778 significare
818 2693 1008 2775 curavimuS,
1032 2693 1067 2756 in
1083 2715 1191 2757 eorum
1207 2694 1418 2779 sacerdotum,

146 2796 206 2881 qui
233 2795 430 2859 fraternitati
459 2799 533 2858 tuae
561 2795 658 2859 vicini
687 2798 778 2877 sunt,
809 2795 934 2858 curabis
959 2795 1100 2878 perferre
1128 2796 1292 2879 notitiam,
1324 2802 1361 2862 ut
1389 2802 1421 2862 et

144 2898 211 2981 ipsi
237 2897 277 2960 de
305 2898 420 2962 effectu
447 2901 558 2961 tantae
586 2897 631 2959 rei
663 2897 785 2981 gratias
813 2897 979 2960 nobiscum
1011 2897 1157 2961 coelestis
1183 2899 1419 2964 misericordiae

144 2999 314 3063 beneficiis
337 3000 454 3063 referre
477 3021 542 3062 non
566 3001 715 3062 cessent·
747 2998 831 3061 Deus
854 3001 885 3061 te
907 2998 1099 3062 incolumem
1123 2999 1291 3082 custodiat,
1318 3001 1420 3064 irater

143 3101 332 3167 carissime!

658 3284 839 3388 Epistola
865 3285 911 3368 89

757 3437 806 3474 eeu

202 3538 407 3605 Exemplum
428 3536 591 3604 epistolae
613 3533 802 3589 «Iustiniani
823 3546 884 3600 per
905 3533 1046 3587 tratrem
1068 3535 1296 3602 Proemptoris
1319 3538 1362 3592 ad
1429 3506 1567 3637 (affin.

595 3634 813 3692 Hormisdam
833 3648 967 3703 papam.

92 3797 118 3844 3·
160 3771 201 3823 Ut
219 3771 342 3834 expedito
360 3768 510 3834 Scytharum
527 3767 703 3817 monachornm
721 3767 823 3830 negotio
838 3765 978 3817 dodannem
996 3772 1021 3815 et
1034 3766 1165 3816 Leontium
1183 3768 1219 3815 ud
1234 3783 1262 3816 re
1280 3770 1399 3817 remittet.

234 3902 393 3987 Quidquid
421 3905 471 3965 est
498 3901 639 3983 cautius,
668 3899 820 3984 quidquid
847 3898 985 3980 firmina,
1014 3902 1052 3962 ut
1077 3921 1135 3984 pro
1161 3902 1274 3963 sancta
1295 3900 1357 3963 fide
1386 3905 1418 3964 ct

137 4004 320 4073 concordia
343 4007 527 4068 sanctarum
550 4001 754 4067 ecclesiarum
777 4003 918 4086 geratur,
943 4004 1099 4084 optamus.
1138 4000 1231 4065 Unde
1254 4001 1294 4064 ad
1316 4003 1417 4065 beati-

135 4198 181 4251 8‘1
217 4192 238 4259 ¹)
257 4190 291 4245 G¹
311 4196 381 4244 Data
403 4211 451 4260 quo
472 4211 553 4259 supra
576 4211 644 4244 eoas·
687 4188 784 4242 Nullus
807 4190 899 4241 autem
917 4187 946 4239 in
968 4187 1100 4255 proximis
1118 4186 1240 4256 epistolis
1258 4187 1416 4241 nominatus

136 4279 191 4333 est
209 4276 303 4330 consul
321 4275 373 4328 nisi
384 4275 557 4331 Eutharicus.
588 4274 684 4341 Neque
703 4273 849 4325 obscurum
868 4281 918 4337 cst,
936 4272 1008 4325 hanc
1027 4271 1174 4340 epistolam
1191 4289 1253 4325 cunr
1266 4271 1413 4341 superiori-

136 4366 200 4419 bus
218 4361 301 4415 frrisse
318 4361 518 4414 transmissam.

135 4452 179 4503 88
219 4449 237 4514 ¹)
256 4449 281 4499 a*
297 4447 371 4499 etcc
390 4446 426 4499 ad
443 4463 531 4514 marg.
546 4449 766 4511 dliiecopolituno,
786 4445 814 4495 et
827 4442 854 4494 in
867 4443 945 4495 textu
958 4459 991 4495 ex
1004 4440 1127 4506 „Vaticf‘
1146 4446 1302 4497 illelieitrmo.
1332 4442 1413 4495 Haud

137 4530 232 4588 dubie
251 4548 284 4584 ex
301 4531 384 4584 titulo
404 4535 448 4584 Ae
463 4535 632 4584 Jotnnuem
647 4533 836 4582 Elicituuum
857 4526 986 4580 librarius
1003 4525 1127 4580 litteram
1146 4529 1177 4578 M
1193 4526 1337 4594 geminans
1358 4543 1414 4579 cor-

135 4616 306 4687 ruptionem
323 4615 395 4668 hanc
412 4614 532 4681 induxit,
551 4631 622 4683 quae
641 4629 693 4682 ope
712 4611 837 4665 codicum
855 4610 1043 4674 laudatorum,
1067 4609 1192 4678 quamvis
1209 4610 1238 4662 in
1255 4608 1289 4662 iis
1307 4626 1362 4662 non
1380 4611 1416 4665 sit

135 4707 218 4760 haec
234 4700 380 4767 salutatio,
398 4702 520 4754 sanatur.
551 4700 634 4753 Plura
652 4698 686 4752 de
704 4696 883 4765 inscriptione
902 4697 972 4749 conf.
991 4712 1076 4764 supra
1093 4715 1157 4749 raon.
1170 4715 1258 4763 praev.
1276 4712 1340 4763 pag.
1358 4701 1413 4750 113.

215 4788 225 4821 r
356 4790 365 4821 s

215 4789 236 4940 ³t
253 4786 506 4942 ξέἓῷῐίειῖἵέἶῖζ
518 4871 668 4939 diligenter
685 4869 862 4923 asservarunt
879 4865 1007 4936 Hispani,
1031 4867 1059 4920 et
1077 4866 1187 4936 amplae
1209 4866 1414 4936 pontificiarum

136 4957 327 5034 eluistolarum
347 4955 500 5011 collectioni
520 4956 630 5010 sacculo
648 4955 725 5008 sexto
744 4954 780 5007 ab
798 4952 864 5022 ipsis
883 4951 1063 5007 concinnatae
1081 4951 1164 5004 inseri
1184 4952 1357 5006 curaverunt.
