3204 5506
183 298 225 362 56
552 311 686 360 neuma
710 311 862 358 pneuma
885 311 921 359 rs
946 310 1086 359 aursusn

271 475 298 530 5.
330 475 358 530 ln
381 476 429 531 hac
451 476 535 548 igitur
554 490 658 530 summa
680 472 802 530 codicum
824 474 952 531 varietate
973 491 1019 529 scr
1041 473 1098 528 lere
1118 474 1220 530 decreti
1243 475 1332 530 nostri
1354 472 1458 530 lormae

185 560 293 616 dautur.
324 560 410 616 Prima
432 567 475 616 est
494 559 554 622 illa,
577 575 646 634 quae
668 567 756 614 totum
777 558 915 615 decretum
937 560 1083 633 praemissa
1102 558 1136 615 de
1152 558 1253 633 Spiritu
1268 567 1365 616 sancto
1381 566 1457 634 pute

106 634 110 645 ⁸
185 655 293 702 auctum
309 644 359 701 sub
374 647 482 701 nornine
498 644 600 700 Damasi
616 643 725 700 exhibet
741 642 806 716 (tab.
824 644 876 700 n.1
894 652 922 699 ct
935 644 962 706 2,
980 643 1160 718 fragmentum
1177 643 1297 715 ejusdcm
1313 644 1333 702 l.
1350 662 1376 700 c.
1394 641 1455 704 nb.

186 732 205 788 6
221 739 248 786 et
264 738 366 786 mutato
383 732 490 786 nomine
505 729 606 802 ιι.14);
623 729 714 790 altera,
732 746 800 802 quae
816 737 871 785 tres
888 737 978 802 partes
994 731 1100 803 priores
1117 727 1182 801 (tab.
1197 747 1223 786 n.
1233 726 1271 801 3),
1284 730 1376 790 tertia,
1389 743 1457 803 que

186 817 298 890 primam
315 823 419 871 tantum
435 814 546 871 Damaso
561 814 655 871 tribuit
670 811 734 885 (tab.
753 831 779 868 n.
789 813 834 886 4);
852 822 960 888 quarta,
978 831 1046 888 quac
1062 813 1200 869 decretum
1216 832 1231 870 a
1245 813 1365 870 secunda
1380 819 1456 889 perte

187 900 293 956 Gelasio
309 899 373 972 (tab.
388 901 460 963 nl,
478 900 511 961 8,
528 897 572 971 9),
601 901 708 973 quinta,
730 915 799 974 quae
819 901 910 972 paucis
933 901 1041 955 mutatis
1062 898 1132 954 idern
1154 898 1312 956 Hormisdae
1332 896 1456 955 inscribit

186 984 251 1058 (tab.
268 1002 294 1040 ιι.
308 985 346 1042 15
363 993 391 1041 et
408 985 471 1057 16);
495 993 570 1041 serta
591 984 722 1058 denique,
743 1000 811 1057 quae
833 983 899 1040 illud
915 1001 930 1039 a
946 986 1024 1040 tertia
1040 991 1116 1058 parte
1131 983 1236 1040 Gelasio
1252 986 1365 1060 insignit
1387 981 1453 1056 (tab.

187 1088 213 1126 n.
224 1069 372 1142 10-14),
394 1071 490 1144 partim
506 1069 586 1125 simul
604 1078 659 1124 tres
674 1070 778 1143 priores
795 1069 939 1143 particulas
955 1069 1066 1124 Damaso
1080 1068 1222 1124 amandans
1243 1067 1289 1142 (cl.
1306 1069 1360 1125 tab.
1378 1068 1456 1126 n.10

187 1164 214 1212 et
231 1153 271 1228 3).
290 1186 327 1196 -
358 1154 393 1210 lic
410 1154 525 1210 ialsitate
540 1156 641 1228 primae
657 1154 758 1210 lormae
775 1152 830 1224 jam
852 1153 919 1210 nihil
939 1153 1092 1210 addendum
1113 1164 1169 1216 est,
1191 1171 1258 1229 quac
1278 1157 1379 1228 scripta
1401 1169 1455 1209 nou

188 1256 272 1315 pauca
287 1238 407 1314 pontiliei
424 1239 481 1295 lere
496 1246 558 1295 ante
574 1239 710 1294 saeculnm
727 1248 835 1295 mortno
851 1238 965 1295 lustrata
976 1240 1115 1313 supponit.
1139 1238 1191 1295 Sed
1204 1256 1253 1295 nec
1263 1240 1333 1297 illam
1347 1237 1455 1295 Gelasio

188 1325 265 1387 dare,
288 1325 363 1380 nullo
385 1324 478 1380 codice
500 1324 664 1398 sullragante
680 1332 707 1380 et
724 1333 799 1381 textu
815 1333 845 1379 ut
860 1341 943 1398 supra
958 1323 1070 1379 vidimus
1086 1334 1270 1399 repugnante,
1294 1322 1350 1380 ullo
1372 1322 1456 1379 modo

188 1427 342 1484 possumus.
374 1409 473 1465 Deinde
489 1417 577 1465 autern
594 1408 665 1464 illam
680 1409 825 1465 secundam
842 1409 953 1466 iormarn
969 1426 1029 1465 cunr
1046 1411 1154 1483 optimis
1170 1408 1305 1466 codicibus
1320 1408 1457 1465 Vaticana

189 1494 316 1553 aaran
334 1494 413 1552 1353
430 1512 459 1549 ac
475 1493 646 1549 i'alliccllano
664 1494 710 1550 Ab
728 1493 838 1549 Damaso
861 1496 926 1568 quin
941 1493 1104 1556 tribuamus,
1125 1494 1192 1562 nibil
1214 1501 1293 1551 vetat.
1324 1493 1392 1550 Nam
1408 1509 1459 1549 use

189 1580 400 1654 chronologicus
417 1578 485 1634 ordo
501 1578 603 1639 obstat.
627 1588 654 1634 et
675 1595 744 1653 quac
760 1578 795 1635 ibi
811 1579 844 1635 de
860 1579 962 1654 Spiritu
978 1587 1072 1635 sancto
1088 1578 1295 1653 nominibusque
1310 1577 1413 1636 Gbristi
1428 1595 1459 1635 ao

190 1665 222 1720 de
238 1681 340 1720 canone
355 1672 382 1720 ct
398 1662 501 1719 sedium
517 1662 733 1737 patriarchalium
744 1666 905 1721 auctoritate
916 1663 1102 1738 proferuntur,
1120 1666 1220 1738 optime
1231 1680 1290 1720 curn
1302 1664 1377 1720 illius
1390 1679 1462 1740 pon·

190 1747 268 1805 tilicis
285 1756 405 1822 temporo
420 1750 599 1811 conveniunt,
615 1751 697 1804 immo
709 1748 765 1819 jam
780 1749 881 1806 dudum
897 1751 924 1805 in
938 1748 1058 1820 ejusdem
1074 1749 1243 1806 documentis
1256 1748 1461 1823 quodammodo

190 1832 418 1890 desiderabantur.
451 1834 541 1889 Tertia
557 1834 655 1896 loriam.
679 1851 746 1907 quae
768 1833 818 1889 sub
835 1834 936 1890 Damasi
953 1835 1060 1890 nornine
1076 1835 1161 1890 solam
1177 1836 1287 1910 primam
1303 1842 1412 1909 partem
1427 1834 1462 1892 de

188 2021 264 2070 simus
281 2020 454 2085 Hieronymus
472 2020 616 2082 repudiauit
635 2034 690 2068 esse
708 2019 849 2075 damnatas,
872 2019 969 2083 sufficit
987 2018 1058 2069 nobis
1076 2019 1171 2079 dicere,
1194 2025 1220 2067 ut
1238 2018 1270 2068 ab
1288 2020 1355 2069 omni
1370 2019 1463 2083 specie

189 2090 257 2138 mala
274 2087 452 2138 abstineamus.
480 2087 544 2137 Post
561 2086 725 2150 propheticas
743 2094 770 2136 et
787 2089 945 2151 eoanpelicas
963 2094 1038 2152 atque
1052 2088 1206 2151 apostolicas
1225 2088 1286 2146 eto,
1305 2081 1378 2136 utin
1391 2081 1461 2137 edit

189 2153 294 2207 noema.
330 2152 455 2220 Denique
474 2150 527 2205 0¹:
545 2154 644 2218 Incipit
663 2157 792 2205 decretum
805 2155 901 2206 Gelasii
911 2171 1005 2219 papae,
1024 2157 1093 2220 quod
1109 2157 1134 2205 in
1152 2154 1213 2205 urbe
1223 2155 1301 2204 Roma
1312 2171 1368 2204 cum
1381 2152 1465 2204 LXX

189 2226 365 2275 eruditissimis
382 2225 511 2288 episcopis
528 2224 689 2287 eomcripsit.
725 2223 789 2273 Post
809 2223 976 2296 propheticas
993 2220 1044 2273 eto.
1086 2218 1124 2271 Fe
1146 2217 1301 2287 praemittit
1323 2233 1463 2273 canonem

190 2287 292 2343 veteris
310 2290 338 2342 et
356 2287 420 2342 novi
437 2285 613 2351 testamenti,
634 2286 722 2340 tacito
745 2302 856 2341 nomme
874 2285 988 2341 Gelasii:
1016 2291 1114 2354 incipit
1136 2292 1201 2341 ordo
1223 2290 1344 2341 tttrorm
1365 2293 1464 2341 oeterr's

190 2363 335 2410 testamenti
352 2375 414 2425 quos
431 2366 522 2408 sancta
540 2365 564 2407 et
583 2359 708 2409 catholica
725 2373 830 2408 romana
847 2360 955 2423 suscipit
976 2366 1002 2408 et
1019 2366 1155 2410 ueneratur
1176 2360 1293 2408 ecclesia.
1328 2353 1392 2409 Hoc
1414 2354 1462 2409 ab·

191 2424 282 2478 soluto
300 2423 406 2493 pergit:
425 2426 523 2490 Incipit
541 2426 670 2475 decretale
687 2429 771 2475 sancti
790 2427 886 2476 Gelasii
902 2428 1018 2491 episcopi
1035 2427 1104 2477 rabis
1121 2442 1198 2480 rome.
1229 2426 1293 2476 Post
1310 2425 1357 2475 has
1375 2442 1464 2477 omnes

189 2497 356 2561 propheticas
378 2502 404 2545 et
425 2496 584 2558 eoanpelicas
606 2501 682 2559 atque
704 2496 860 2557 apostolicas
883 2510 947 2560 quas
966 2498 1085 2558 superius
1111 2496 1292 2559 depromsirnus
1314 2496 1464 2560 scripturas

229 2567 279 2614 'us
295 2565 404 2613 ecelesia
421 2564 547 2612 catholica
565 2578 613 2625 per
628 2567 738 2625 mettun
756 2564 799 2611 dei
812 2563 924 2624 fandata
936 2570 975 2612 est
993 2561 1044 2612 etc.
1076 2559 1106 2612 In
1123 2557 1311 2636 sequentibus,
1330 2559 1362 2612 ut
1380 2560 1465 2614 notet

217 2626 275 2682 anis
285 2625 428 2694 (‚,Godices
440 2625 622 2695 manuscripti
634 2625 719 2679 theol.
730 2624 858 2680 biblioth.
865 2625 1076 2681 PalatVindob.
1087 2626 1242 2681 latim“vol.
1249 2627 1275 2679 ΙΙ
1286 2625 1464 2694 οοᾱ.()ΟΟΧ),

190 2697 275 2764 longe
292 2695 381 2764 magis
399 2693 436 2748 ad
453 2711 532 2748 exem
552 2694 595 2748 lar
608 2693 813 2747 Chiffletiauum
831 2711 915 2762 quam
933 2694 970 2748 ad
981 2693 1148 2748 Vaticanum
1160 2693 1308 2749 Fontauini
1326 2693 1444 2748 secedit

261 2765 291 2830 ¹⁴)
311 2763 395 2816 Teste
408 2711 570 2817 ConstanGo
588 2760 617 2814 hi
636 2760 745 2815 codices
764 2778 859 2816 omnes
875 2761 1075 2816 inscribuntur:
1096 2767 1128 2816 ln
1141 2767 1237 2817 Cicuta·
1253 2768 1350 2816 nomiae
1363 2766 1465 2830 Incipit

192 2836 321 2887 decretale
339 2836 432 2885 editum
450 2835 482 2884 de
498 2835 655 2898 recipiendis
672 2836 724 2883 siae
742 2851 792 2883 nan
808 2836 965 2898 recipiendis
982 2836 1054 2884 libris
1072 2829 1117 2896 ((1Ι
1137 2834 1291 2897 auctoriam)
1310 2835 1381 2900 quod
1396 2837 1465 2885 seri·

190 2911 260 2968 ptacrn
277 2911 316 2954 est
333 2920 350 2953 a
368 2903 470 2953 Gelasio
487 2918 559 2966 papa
576 2902 647 2952 urbis
664 2901 759 2952 Romae
777 2919 830 2951 caan
842 2902 921 2952 LXX
944 2905 1120 2953 eruditissimis
1141 2905 1203 2953 airis
1225 2904 1311 2967 episco
1331 2904 1361 2951 is.
1400 2904 1466 2953 Post

189 2971 357 3037 propheticas
374 2968 426 3020 etc.
446 2967 477 3019 ut
493 2964 523 3019 in
540 2965 605 3020 edit.
619 2967 724 3019 nostra.
755 2965 861 3030 Quibus
876 2966 934 3021 iere
946 2967 1095 3021 concinunt
1107 2984 1169 3020 mss.
1181 2965 1213 3032 Ο,
1231 2984 1300 3035 quos
1312 2918 1467 3022 slimechius

191 3035 299 3106 primae
317 3033 411 3089 classis
428 3033 517 3104 ponit,
535 3035 564 3087 ei
581 3032 621 3085 V¹
633 3033 687 3087 V²z
712 3037 745 3087 Ia
765 3038 860 3088 Christi
877 3042 974 3089 nomine
992 3041 1115 3102 incipiunt
1132 3041 1238 3089 decreto
1256 3040 1288 3089 de
1305 3040 1467 3104 recipiendis

193 3116 218 3159 et
235 3124 285 3157 non
302 3108 458 3172 recipiendis
475 3106 559 3163 libris,
583 3121 647 3171 quae
668 3109 768 3172 scripta
790 3113 847 3155 sunt
869 3123 885 3154 a
899 3106 1001 3157 Gelasio
1019 3124 1089 3171 papa
1111 3123 1165 3156 cuni
1182 3106 1262 3156 LXX
1285 3107 1466 3157 eruditissirm

191 3179 255 3227 uiris
277 3177 406 3241 episcopis
428 3177 453 3225 in
474 3176 536 3225 sede
558 3176 702 3237 apostoliea
723 3174 794 3224 urbis
811 3174 913 3224 Romae.
944 3175 1007 3224 Post
1027 3175 1194 3239 propheticas
1212 3172 1265 3225 ebo.
1305 3170 1337 3224 [ιι
1354 3170 1465 3226 mss0

191 3239 292 3295 tertiae
310 3239 406 3294 classis
424 3238 523 3293 eadem
540 3237 662 3292 brevius:
683 3243 791 3308 (Incipit
811 3242 918 3302 Gelasii)
937 3245 1064 3293 decretum
1082 3259 1135 3293 eum
1148 3242 1228 3291 Lxx
1244 3244 1373 3308 episcopis
1391 3243 1467 3294 aaut·

193 3320 242 3362 tum
260 3314 292 3363 de
310 3313 432 3375 apocrifis
449 3312 595 3374 scripturis.
626 3311 689 3360 Post
741 3311 871 3376 opheticas
889 3308 941 3360 etc.

261 3377 292 3439 15)
311 3373 456 3445 Inscriptio
475 3374 512 3427 xt
532 3390 644 3444 prorsus
661 3391 695 3429 ea
717 3392 768 3439 om,
791 3373 909 3443 quaein
927 3374 1027 3428 mesi)
1047 3374 1137 3444 (prim.
1159 3374 1248 3442 class.)
1266 3373 1304 3427 V¹
1319 3373 1369 3427 V2.
1408 3373 1469 3430 aad

192 3444 263 3566 Ξιῖιὲ)
275 3441 1469 3580 {dilituititsbtdttalltditbtislttsstlitltbbtflllttt

192 3579 221 3633 in
239 3579 280 3632 Κ3
297 3578 471 3642 omittantur,
490 3577 558 3630 mihi
575 3577 704 3646 ignotum
722 3579 783 3645 est).

263 3648 293 3712 16)
310 3646 352 3699 H³
369 3650 467 3714 incipit
484 3650 614 3700 decretale
632 3651 664 3698 de
682 3652 836 3714 recipiendis
853 3650 934 3713 libris,
958 3653 1026 3717 quod
1041 3654 1163 3716 scriptura
1180 3658 1219 3701 est
1237 3668 1253 3700 a
1272 3651 1374 3702 Gelasio
1392 3668 1470 3718 papa

193 3736 246 3768 cum
265 3717 345 3767 LXX
362 3719 538 3768 eruditissimis
556 3719 684 3782 episcopis
706 3720 809 3768 insede
828 3722 971 3783 apostolica
993 3722 1019 3769 in
1045 3719 1106 3769 urbe
1125 3720 1246 3771 Romana.
1283 3718 1349 3768 item
1371 3721 1470 3770 dictum

194 3795 247 3837 eet:
270 3786 334 3868 Post
351 3786 498 3866 haruomnes
516 3786 681 3866 propheticas
699 3793 725 3835 et
743 3789 900 3860 cuaupelicas
922 3794 999 3904 atpue
1021 3790 1178 3852 apostolicos
1201 3803 1265 3854 quas
1281 3788 1402 3851 superius
1421 3790 1468 3839 ‹le-

192 3861 512 3986 promppmpfitgrtp'ffl
524 3853 697 3972 ἕῖιῖἒῖἰεαὶξιῗιι
710 3851 1061 3974 ffltberuildrgbtadlffiorraebda
1078 3940 1149 3987 papa
1167 3925 1259 3973 editum
1277 3925 1309 3973 de
1326 3924 1470 3986 scripturis

194 3993 292 4048 diuinis,
311 3992 373 4056 quid
388 3992 565 4040 uniuersaliter
583 3991 709 4040 catholica
726 3993 836 4055 recipiat
850 3992 974 4045 Ecclesia.
994 3995 1033 4041 oet
1050 3993 1182 4055 posthaec
1195 3993 1349 4058 quidoitare
1362 3992 1470 4047 debeat.

194 4060 264 4111 Ordo
281 4061 313 4109 de
330 4058 421 4108 Veteri
440 4058 611 4114 Testamenta,
640 4075 710 4124 quem
732 4067 823 4109 sancta
846 4068 871 4109 et
893 4060 1018 4109 catholica
1043 4061 1155 4110 itomaua
1177 4061 1284 4124 suscipit
1307 4066 1333 4108 et
1354 4059 1470 4111 honorat

185 4128 313 4178 ¹Ecclesia
331 4129 379 4177 iste
398 4133 450 4176 est:
470 4126 574 4176 Genesis
592 4125 644 4176 etc.
666 4167 713 4176 ...
739 4127 804 4178 Item
824 4129 890 4177 ordo
908 4127 1099 4192 Scripturarum
1118 4128 1184 4178 Noai
1205 4135 1232 4179 et
1249 4128 1359 4178 Aeterni
1373 4127 1470 4179 Testu-

193 4197 276 4246 menti.
312 4195 509 4260 Euanpeliorum
527 4194 586 4244 libri
603 4195 619 4244 1
625 4196 651 4243 V
666 4194 717 4244 etc.
748 4236 795 4246 ...
827 4197 891 4246 Post
908 4197 954 4245 bas
972 4212 1057 4246 omnes
1074 4197 1239 4260 propheticas
1261 4203 1287 4245 et
1303 4211 1367 4245 evan
1385 4199 1471 4247 eticae

192 4259 1393 4406 tittstititbttttt‘tblt'tttttttttlttulte‘disatillllts
1412 4277 1472 4385 aii

194 4411 255 4449 cem
272 4395 378 4450 decreta
396 4395 468 4463 (coll.
489 4411 562 4450 cone.
582 4396 616 4461 ΙΙ,
629 4400 689 4464 942)
708 4396 838 4461 adnotat,
861 4397 889 4449 in
911 4413 961 4449 ms.
987 4412 1036 4449 suo
1059 4396 1163 4450 claudi:
1194 4401 1311 4466 Explicit
1333 4400 1471 4453 decretale

194 4468 287 4518 editum
304 4468 336 4517 ab
355 4468 495 4518 Hormieda
510 4484 548 4532 pa
566 4485 584 4517 a
601 4469 671 4518 urbis
690 4469 792 4518 Rornae.

263 4532 294 4597 18)
311 4532 342 4584 I'
359 4531 389 4585 in
405 4532 544 4585 tabulati
587 4549 666 4586 orum
684 4532 732 4585 Nr.
745 4539 793 4587 102
815 4532 880 4601 post
902 4550 923 4586 s.
943 4531 1110 4602 Gregorium
1133 4531 1255 4610 subjicit:
1281 4536 1394 4586 Decreta
1414 4538 1469 4589 Ito·

193 4618 283 4653 manae
300 4604 370 4654 sedis
388 4605 420 4654 de
437 4606 593 4669 recipiendis
620 4612 645 4654 et
667 4621 717 4655 non
735 4605 900 4669 recipiendis.
936 4599 997 4654 Etsi
1020 4601 1162 4655 decretum
1185 4617 1275 4670 ipsum
1296 4599 1326 4653 in
1348 4617 1470 4680 corpore

173 4666 275 4737 ,hujus
294 4665 396 4720 codicis
414 4666 493 4734 desii,
510 4669 605 4722 tamen
616 4669 744 4722 Peresius
762 4668 791 4721 in
810 4669 839 4722 lc
857 4668 931 4735 (Vol.
943 4673 1030 4735 4587),
1050 4669 1097 4722 ubi
1114 4669 1245 4723 laetitiam
1262 4677 1470 4740 manuscripto-

194 4752 257 4789 rum
274 4733 406 4790 auoiioris
424 4735 594 4790 collectionis
611 4735 778 4805 Hispanicae
797 4736 882 4800 dedit
901 4753 931 4790 se
948 4736 978 4790 in
996 4737 1123 4791 omnibus
1140 4755 1203 4790 mss.
1221 4737 1361 4791 invenisse
1378 4740 1471 4794 tosta·

194 4805 252 4856 tur:
275 4807 389 4857 Decreta
406 4807 534 4858 Romanae
555 4809 626 4858 sedis
649 4811 681 4857 de
703 4810 859 4873 recipiendis
881 4817 905 4858 et
929 4826 978 4859 non
1000 4811 1155 4874 recipiendis
1178 4809 1250 4859 libris
1272 4809 1304 4858 ab
1323 4809 1471 4862 Horruisda

194 4891 266 4941 papa
284 4877 363 4926 edita.
1107 4900 1109 4903 ·
