3204 5506
561 125 757 176 surerenas
781 119 831 176 10.
857 119 907 174 11.
1307 116 1370 181 253

10 244 99 375 ξι
166 276 220 342 ιι
234 277 309 343 arou
322 278 465 365 spreta
486 277 631 344 nautas
653 279 855 344 aroannam.
892 279 942 344 ue
964 280 1037 366 ιι)
1059 280 1236 366 gloriantes
1257 281 1293 355 in
1307 285 1477 348 ria-uua.

10 378 60 462 :⁸
81 388 104 473 ἐ
162 377 228 462 uino,
248 381 294 447 etsi
310 381 394 447 nihil
416 384 511 464 esset,
539 381 623 465 quod
644 381 681 446 in
703 404 798 447 eausa
820 381 895 447 fidei
916 381 1017 446 latere
1038 383 1231 468 noverimus,
1261 389 1370 450 ίιιιιιιι

10 544 20 559 ,
55 482 101 573 ζ·
157 500 185 543 ne
202 482 254 565 quis
278 481 409 567 pusillae
435 482 520 548 forte
547 484 590 548 sit
616 484 749 567 mentis,
784 502 842 567 pro
875 482 993 548 sollicit
979 485 1090 550 tudine
1116 485 1287 550 ministerii
1313 509 1371 569 per

77 578 85 589 “
151 502 302 648 bedhidem
320 584 513 670 prophetam
535 607 555 649 a
576 583 715 649 Domino
738 586 921 669 specialiter
943 587 1040 651 verba
1062 587 1128 651 dict
1114 591 1148 650 ta
1163 589 1368 671 proferimus:

20 684 80 759 ff
127 660 236 763 θιιιίιέ,
253 686 360 770 inquit,
391 693 566 768 speculator
584 693 723 767 pladirm
746 694 856 752 viduit
883 695 1045 753 uenientem
1073 701 1102 753 et
1124 710 1182 753 non
1203 697 1371 755 insonuerit
1387 700 1432 754 Ez.
1441 708 1511 769 aaa

12 768 36 873 ἲ
137 789 244 864 turne
268 800 295 852 et
310 796 442 869 popuus
464 811 497 854 se
518 811 578 854 nou
599 796 785 867 custodierit,
814 796 986 869 veneritque
1006 797 1128 869 eladius
1150 807 1179 855 et
1208 798 1311 856 tulerit
1333 798 1370 855 cte

12 876 39 903 ⁹
128 892 167 953 eis
180 896 309 956 minan:
335 899 389 956 ille
410 897 529 972 quidem
558 899 590 957 iu
617 898 779 972 iniquitate
799 913 855 957 sua
876 903 985 972 captus
1006 904 1064 970 est,
1096 899 1273 972 sanquinem
1299 915 1370 958 uero

121 997 180 1071 eiu
201 997 235 1056 de
257 1014 346 1059 nanu
372 1000 573 1073 ιιιεσιιῖαιοιιι
599 1002 764 1075 requiram.
820 993 945 1058 Videtis
974 1016 1057 1077 eece,
1095 1016 1176 1078 quae
1203 1017 1262 1058 nos
1294 1017 1370 1059 cura

115 1094 309 1180 coustn'ngat,
339 1117 423 1180 quae
450 1095 604 1159 mandata
625 1098 837 1180 perterreant,
868 1100 900 1161 et
927 1097 1010 1181 quod
1039 1096 1215 1160 cavendum
1244 1099 1293 1160 est
1315 1118 1369 1180 po-

109 1196 215 1282 tius³),
240 1218 281 1261 ne
307 1198 387 1282 ipsis
409 1201 574 1262 taceamus
601 1197 758 1281 adversis,
793 1221 889 1283 quam
916 1198 1021 1282 magis
1050 1200 1223 1261 verendum
1251 1197 1368 1262 divinis

85 1290 260 1381 ‘subjacere
281 1298 460 1384 suppliciis,
490 1303 522 1363 et
550 1322 648 1384 quum
669 1299 771 1383 possit
799 1300 944 1364 coelestis
966 1301 1052 1364 vocis
1075 1301 1196 1382 auditu,
1225 1300 1368 1389 quisquis

99 1421 132 1464 se
144 1400 341 1484 etwwdiemt,
365 1403 435 1466 sine
452 1401 652 1465 dubitatione
668 1400 795 1484 salvari,
820 1401 1028 1485 speculatoris
1048 1402 1090 1465 sit
1105 1403 1233 1487 gravior
1248 1405 1366 1483 reatus,

95 1502 337 1587 siquemqnam
358 1501 566 1567 taciturnitas
589 1502 657 1585 ejus
680 1503 834 1568 amiserit.

172 1605 204 1670 2.
252 1603 349 1670 Unde
375 1626 459 1689 quae
485 1606 552 1669 siut
578 1608 651 1669 aeta
672 1627 895 1689 memoramus
924 1628 1021 1690 quum
1044 1604 1161 1669 Vitalis
1190 1608 1285 1688 atque
1307 1602 1366 1667 Mi·

88 1729 183 1772 senus
205 1707 280 1790 inl)
304 1708 416 1771 nostro
440 1705 563 1789 judicio
592 1707 759 1771 constituti
789 1729 900 1771 causas
929 1707 1101 1771 mandatae
1127 1706 1188 1770 sibi
1217 1728 1275 1789 pro
1304 1705 1367 1769 fide

85 1808 264 1896 legationis
287 1810 498 1893 exponerent.
527 1807 685 1883 Quoniam
707 1809 878 1872 astutiores
901 1812 977 1872 sunt
999 1808 1073 1872 filiis
1095 1808 1176 1871 lucis
1199 1807 1256 1870 filii
1278 1810 1366 1871 teue-

83 1911 235 1996 brarum,
272 1909 548 1995 praevaricatores
579 1911 751 1974 mandatae
780 1911 841 1975 sibi
868 1910 1055 1995 legationis,
1095 1908 1366 1973 circumveniente

10 2078 17 2099 ·.
80 2013 258 2099 mgisque
286 2012 491 2096 opprimente
513 2012 643 2097 Anneio,
674 2015 750 2076 sunt
777 2013 910 2097 reperti:
938 2015 984 2076 ita
1007 2016 1053 2094 ut,
1083 2015 1239 2096 quantum
1260 2010 1366 2074 famae

10 2106 15 2113 ⁵
78 2115 270 2180 mobilitate
292 2113 541 2198 praecognitum
563 2117 622 2197 est,
653 2114 845 2198 eonstiterit,
874 2136 926 2178 eos
948 2114 1145 2198 praediet05)
1170 2117 1281 2177 eontra
1303 2113 1366 2176 for·
1392 2118 1395 2125 '

74 2240 161 2283 mam
184 2216 366 2302 praecepti
388 2216 584 2300 prohibitum
606 2217 655 2280 sui
677 2216 857 2281 exhibuisse
878 2215 1079 2280 farnulatum.
1117 2217 1220 2291 Quum
1242 2215 1283 2278 ob
1305 2215 1367 2278 hoc

71 2320 273 2405 specialiter
298 2317 414 2381 directi
433 2317 582 2402 fuissent,
606 2321 643 2382 nt
665 2319 700 2383 in
722 2318 857 2382 eeclesia
879 2319 968 2382 vobis
991 2318 1194 2381 audientibus
1211 2340 1283 2381 eum
1299 2339 1366 2380 eor·

68 2424 241 2509 riperent,
266 2422 305 2483 et
323 2418 421 2483 Petro
435 2419 656 2483 Alexandrina
670 2421 748 2484 urbe
769 2420 901 2502 secluso,
926 2441 1019 2503 quem
1035 2423 1166 2483 sanetus
1182 2419 1366 2503 Simplicius

63 2547 155 2610 papa
172 2521 320 2607 saepius
334 2524 524 2606 poposcerat
545 2520 722 2606 longinquo
745 2520 856 2585 exsilio
872 2521 1091 2605 relegandum,
1117 2520 1282 2585 catholicis
1298 2522 1363 2604 epi-

62 2627 191 2712 scopis·
212 2621 450 2688 subveniretur
476 2625 509 2686 et
530 2622 672 2706 populis:
701 2622 755 2686 isti
784 2644 890 2686 eoram
912 2623 1035 2707 vobisl)
1064 2624 1149 2686 inter
1177 2622 1292 2686 altaria
1315 2644 1365 2686 ve·

57 2727 229 2794 necanda
253 2744 324 2788 non
349 2722 451 2787 solum
463 2724 593 2806 Aeacio,
617 2725 700 2809 quod
723 2725 856 2789 vetitum
878 2723 951 2805 fuit,
977 2725 1137 2787 contraria
1152 2725 1363 2808 perpetranti,

10 2888 13 2901 .
55 2831 118 2897 sed
143 2827 290 2894 iisdem
317 2825 408 2908 ipsis,
438 2826 479 2889 ed
505 2848 583 2911 quos
611 2826 725 2890 directi
753 2826 883 2891 fueraut
910 2826 1087 2907 evitandos
1121 2849 1155 2890 se
1183 2827 1364 2889 nescientes

10 2914 12 2919 Ι
54 2929 347 2998 communicasse
369 2926 534 3011 dixerunt,
555 2950 616 2992 nec
639 2927 805 2992 catholicis
828 2928 985 3011 episeopis
1001 2931 1033 2992 et
1046 2928 1178 3010 clerieiS,
1202 2950 1280 3011 quos
1295 2949 1364 3010 per-

52 3033 287 3121 sequebatur
294 3028 445 3111 Aeaeins,
462 3029 579 3094 callida
593 3030 778 3094 seductione
790 3029 956 3093 translatis
969 3030 1171 3114 subvenire⁷)
1183 3029 1362 3093 voluerunt.

51 3138 104 3204 Et
129 3155 252 3222 quum
275 3152 314 3195 se
341 3131 500 3216 universa,
530 3131 613 3196 sieut
634 3131 698 3195 illis
718 3133 872 3195 mandata
894 3135 981 3215 surrt,
1012 3132 1226 3195 mentirentur
1248 3133 1363 3216 egisse,

38 3326 194 3381 'Romarm
217 3317 344 3375 ueniens
356 3316 468 3372 eosdem
479 3317 588 3388 legatos
600 3318 759 3388 multiplicis
770 3317 1018 3391 praevaricationis
1031 3318 1161 3385 conlusit,
1183 3319 1216 3373 ei.
1229 3319 1364 3388 Euagrius
1445 3375 1450 3386 ,

48 3410 82 3466 Ιι.
97 3406 269 3471 e.111‚ao
282 3404 367 3457 etei.

128 3498 156 3563 ι)
177 3488 280 3558 Vulg.
296 3491 406 3557 Deque,
424 3503 543 3558 moxque
559 3496 650 3559 populi
665 3509 693 3544 ae
712 3512 760 3545 uon
779 3496 953 3554 custodierint,
973 3492 1002 3543 et
1020 3489 1101 3544 omitt
1104 3493 1152 3543 unt
1170 3497 1236 3558 ejus.
1270 3488 1364 3557 Sequi-

51 3598 124 3635 mur
144 3576 190 3633 G*
217 3576 457 3644 (papensium
476 3578 644 3663 manutere).

128 3667 156 3734 ³)
179 3656 433 3729 G¹p0puua1ii
451 3652 671 3728 omissionis.-

128 3753 156 3819 ⁴)
178 3741 273 3801 Edifi
294 3740 454 3797 omittunt
444 3765 478 3808 ιιι,
496 3760 616 3813 moxque
634 3745 667 3799 θ’
688 3747 817 3815 corrupte
836 3724 968 3801 astutioris
985 3753 1048 3801 lacis
1062 3754 1117 3816 filli

129 3832 235 3903 ulra
254 3826 306 3895 G',
323 3825 381 3881 scil
394 3833 501 3886 Aeacio.
542 3828 618 3882 Editi
638 3837 809 3898 presedicti..
818 3836 962 3897 ficissent.
995 3837 1094 3886 Utinam
1114 3836 1231 3885 Ecclesia
1304 3851 1361 3885 cor·

52 3927 170 3992 ήμηι
255 3923 288 3968 et
304 3919 406 3981 populu
423 3919 468 3968 isti
483 3933 569 3969 coram
628 3921 790 3983 relegandum
808 3929 835 3969 at
854 3921 984 3971 catholicis
1002 3919 1030 3969 et
1032 3935 1054 3969 e.
1086 3916 1259 3982 Quamquam
1278 3915 1362 3968 etium

52 4008 92 4063 (2¹
113 4011 232 4061 nam
251 4000 288 4053 et
303 4008 331 4051 at
349 4002 481 4052 natalicio
497 3998 625 4067 retinuit,
647 4000 794 4054 lectionem
818 4003 943 4055 nostram
965 4001 1121 4055 necessario
1140 3998 1362 4053 substituendam

52 4091 217 4147 auximus.

129 4180 157 4246 ἢ
179 4171 282 4237 Puta,
304 4189 380 4240 ιιιιιι
398 4172 619 4241 Constantinopoli
640 4177 771 4240 depereat
807 4175 836 4225 a³
854 4193 939 4226 coram
957 4177 1027 4227 notia
1049 4171 1149 4240 legisse
1172 4171 1290 4235 videtur,
1314 4170 1363 4225 ubi

53 4265 160 4319 tatum
182 4257 228 4313 ad
244 4252 389 4325 modum
401 4255 556 4310 Romanam
568 4256 744 4310 referendum
763 4257 892 4322 turchot
863 4276 953 4325 ιιιιι
953 4276 1006 4311 uen
1008 4258 1049 4310 tia
1008 4256 1157 4309 tmolius
1172 4257 1361 4311 cohaererent

130 4350 158 4415 ⁷)
179 4343 233 4400 Ad
252 4341 312 4395 hoc
328 4339 497 4409 praesertim
514 4339 590 4394 missi
612 4341 734 4408 fucrant,
765 4343 793 4395 ct
815 4340 897 4396 hoe
891 4360 980 4411 rpsum
1003 4359 1050 4396 eos
1072 4359 1185 4410 prorsus
1208 4340 1362 4412 neglexisse

55 4433 224 4488 simeones
243 4424 400 4489 detulerat.
432 4424 485 4489 uui
496 4424 617 4494 quidem,
636 4427 667 4479 ut
683 4428 781 4481 namot
792 4426 928 4496 Euagrius
945 4427 972 4479 h.
984 4443 1007 4479 e.
1027 4427 1073 4492 ΙΙΙ,
1084 4433 1124 4492 21,
1142 4427 1170 4479 iu
1182 4427 1245 4496 ipsa
1256 4427 1362 4496 synodo

57 4520 207 4573 Romana
224 4527 281 4567 eoo
298 4509 492 4580 reprehendit,
509 4511 585 4578 qrrod
601 4510 631 4564 in
648 4512 717 4565 urbe
735 4511 814 4580 regia
832 4511 983 4585 coristituti,
1007 4533 1078 4580 qoniam
1095 4519 1184 4566 varim
1202 4520 1363 4581 palaestinam

58 4607 233 4674 propositae
252 4606 357 4659 essent,
381 4600 509 4650 noluerint
525 4616 632 4666 rrnqrram
649 4604 759 4666 colloqui
780 4618 833 4650 curn
856 4605 906 4651 tello
924 4602 1123 4651 orthodoaeorum
1147 4610 1190 4651 ortt
1208 4604 1308 4652 litteras
1326 4603 1363 4651 eis

60 4694 190 4745 hodae.
211 4685 424 4753 necquidquam
442 4700 536 4748 eoruru,
555 4701 619 4750 piene
637 4694 727 4736 cantra
744 4694 840 4735 rectam
854 4689 931 4749 ficiem
950 4686 1122 4752 tentabantur,
1141 4690 1298 4740 exauriaarc.
