3204 5506
625 379 796 428 smsrous
822 371 870 428 15.
1324 366 1385 432 163

95 539 320 612 praesumptio
346 554 501 611 nunquam
527 525 603 608 ¹liat!
631 530 800 617 dictumvi
829 537 878 595 esi
899 533 1011 596 sexies.
1058 539 1141 609 Quae
1162 527 1221 598 Dei
1238 548 1318 614 sunt,
1348 541 1386 600 ub
1399 550 1503 612 alea„

97 639 231 698 homine
250 639 324 706 dari
342 641 565 714 nonpossunt!
587 633 708 697 dietum
730 637 778 697 est
800 635 912 698 sexies.
961 641 1020 698 Per
1040 641 1180 701 domnum
1198 642 1330 716 Petrum,
1355 652 1388 703 ut

100 743 136 800 in
156 747 342 816 perpetuum
369 744 544 801 seruentur!
573 734 695 799 dicium
726 740 774 799 est
798 735 977 820 quinquies,
1027 743 1113 802 Haec
1136 750 1168 802 ut
1194 751 1386 804 reserrentur

100 845 275 917 ropamus!
627 923 632 930 .

195 941 228 1004 i.
272 937 403 1003 Hilarus
432 940 599 1023 episeopus
633 939 732 1003 dixit:
756 945 845 1018 Leqe.
896 938 1015 1003 Paulus
1043 942 1187 1005 notarius
1220 942 1384 1023 recitavit:
1460 990 1463 995 -

102 1047 284 1122 Episcopum
298 1046 571 1106 Boreiuoueusium
593 1048 724 1106 ciuitatis
738 1055 863 1106 sauctus
876 1046 1088 1108 Nundiuurius
1109 1059 1136 1105 et
1152 1050 1228 1122 reliq.
1251 1068 1336 1123 usque
1352 1052 1384 1106 ul

101 1152 137 1209 t'n
163 1150 235 1223 ejus
253 1151 392 1209 meritum
414 1165 474 1208 non
496 1150 620 1208 vacillat
641 1149 704 1223 (vil.
726 1168 808 1225 supra
830 1150 911 1206 lliluri
933 1153 1010 1224 epist.
1031 1151 1069 1206 14
1091 1170 1117 1206 u.
1136 1152 1175 1224 2).

190 1237 242 1308 'Ei
269 1267 365 1329 quum
394 1245 517 1329 legeret
524 1296 532 1328 ‚
572 1245 695 1309 Probus
718 1246 885 1329 episeopus
908 1267 925 1308 e
948 1267 1097 1309 consessu
1126 1268 1261 1330 surgens
1288 1246 1383 1311 dixit:

103 1352 194 1410 litua
215 1353 314 1423 licuit,
343 1353 400 1411 loe
421 1369 481 1411 non
504 1354 591 1412 licuit
598 1347 640 1431 2Β)
646 1372 657 1422 ;
680 1369 866 1412 successores
883 1353 964 1411 Deus
986 1354 1057 1422 ctut;
1081 1356 1263 1412 auctoritate
1284 1360 1384 1413 uestru

102 1455 241 1512 resistite
262 1454 332 1512 truie
353 1456 401 1513 rei
415 1470 476 1529 per
497 1456 699 1529 apostolatum
722 1457 870 1515 uestrum!
1329 1436 1342 1459 ‘

194 1550 228 1613 8.
251 1549 383 1614 Hilarus
406 1551 573 1635 episeopus
596 1551 692 1614 (lirim
723 1558 875 1615 Percurre
896 1572 974 1630 quoe
996 1572 1151 1634 coeperas.
1187 1551 1305 1615 Paulus
1328 1573 1383 1616 no-

99 1652 212 1715 tarius
235 1652 396 1716 recitarit:
419 1657 574 1733 Siquidem
587 1660 682 1717 omnis
698 1660 799 1717 cierrts
814 1665 842 1716 et
852 1659 935 1733 plebs
958 1670 984 1715 et
1000 1661 1078 1733 reliq.
1103 1678 1189 1734 usque
1211 1660 1243 1715 rul
1265 1661 1384 1718 domiue

100 1774 178 1818 uere
201 1765 318 1835 noster,
340 1765 369 1818 et
390 1759 554 1834 apostolice
570 1763 677 1835 popo!
701 1761 763 1833 (vil.
787 1779 868 1836 supra
890 1762 972 1817 Hilari
994 1765 1072 1836 epist.
1088 1763 1126 1818 14
1143 1781 1169 1828 n.
1184 1763 1201 1818 2
1219 1772 1245 1818 et
1258 1763 1296 1834 3).

717 1941 775 2006 IV.

192 2061 228 2124 9.
274 2056 404 2124 Hilarus
427 2060 594 2144 episcopus
617 2060 713 2125 dixit:
751 2066 820 2138 uilia
842 2068 969 2140 epistola
992 2067 1145 2124 recitetur.
1184 2060 1303 2123 Paulus
1326 2082 1382 2124 uo-

98 2162 211 2227 tarius
234 2162 399 2226 recitavit:
430 2167 560 2228 Domina
581 2168 749 2227 beatissimo
772 2175 800 2226 ct
822 2169 989 2242 apostolica
1012 2169 1180 2226 reuerentia
1203 2185 1223 2225 o
1246 2168 1328 2226 uobis
1351 2170 1381 2225 iu

100 2271 232 2330 Ciu-isto
259 2270 387 2330 colentia
409 2286 514 2344 pupae
540 2270 651 2329 Hilaro
673 2271 822 2329 Ascanius
850 2277 878 2327 et
905 2272 1041 2328 uniuersi
1067 2272 1204 2344 episcopi
1231 2268 1383 2328 Tarraco

99 2374 211 2432 nenses
230 2374 419 2447 prouinciae.

193 2474 330 2533 Etiamsi
349 2475 434 2532 nullu
456 2480 592 2532 exstaret
618 2476 779 2533 necessitas
805 2487 831 2533 ei
854 2476 931 2549 reliq.
966 2493 1051 2548 usque
1074 2476 1105 2529 :ul
1135 2474 1175 2532 Et
1194 2474 1382 2548 subscriptio.

100 2577 256 2636 Orantem
274 2592 337 2651 pro
359 2577 442 2635 notris
464 2584 601 2635 sunctum
623 2578 826 2651 apostolatum
849 2584 977 2635 uestrum
993 2578 1068 2650 juqi
1089 2592 1162 2635 uero
1186 2577 1289 2634 diuino
1312 2591 1380 2634 con-

98 2686 205 2740 sm’et
227 2681 413 2737 aeternitas!
435 2679 506 2752 (ville
526 2697 606 2753 supra
628 2679 888 2754 alisiensem).

193 2776 248 2840 10.
296 2776 350 2839 Ab
375 2773 532 2838 universis
560 2774 719 2858 episeopis
745 2779 777 2836 ei
799 2774 992 2857 presbyteris
1016 2775 1227 2838 acclamatum
1251 2778 1314 2837 est:
1346 2779 1384 2839 Ut

96 2885 180 2944 naec
212 2883 413 2942 emendentur
434 2885 596 2955 roqumus!
626 2876 745 2939 dietum
774 2880 823 2939 esi
850 2877 962 2939 sexies,
1004 2881 1041 2940 Ut
1062 2882 1136 2940 iruec
1158 2875 1382 2959 reciduntur²⁹l

95 2987 276 3061 roqamus!
298 2978 417 3071 ilicium
440 2981 489 3042 est
510 2979 637 3061 septies,
678 2983 716 3042 Ut
738 2984 900 3057 disciplina
922 2992 1058 3042 seruetur·
1079 2980 1241 3057 roqumus!
1263 2978 1384 3041 dietum

94 3087 149 3148 est
171 3081 294 3147 octies.
343 3086 380 3145 Ut
401 3087 567 3160 antiquitus
592 3092 728 3144 seruetur
756 3088 918 3159 roqumus!
946 3080 1064 3142 <licium
1095 3085 1144 3142 est
1172 3079 1299 3162 septies
1348 3084 1386 3144 Ut

94 3191 277 3266 disciplina
298 3194 434 3247 seruetur
460 3189 625 3261 rouumus!
653 3181 773 3245 dietum
800 3185 850 3245 esi
877 3182 1055 3266 quinquies.
1104 3188 1141 3245 Ut
1169 3204 1301 3246 cuuoues
1333 3204 1383 3246 cu-

91 3294 288 3355 stodiantur
309 3293 469 3364 roqamru!
492 3285 612 3348 dietum
634 3286 684 3346 est
705 3284 834 3366 septies.
875 3289 912 3348 tlt
934 3291 964 3347 iu
985 3289 1265 3363 praesumptoribus
1288 3290 1383 3348 uindi-

89 3405 191 3457 cetur
214 3395 384 3466 ropomus!
410 3385 532 3450 dietum
559 3390 608 3449 esi
635 3385 763 3468 septies.
812 3390 972 3449 (irdiuutio
994 3392 1162 3465 apostolica
1184 3391 1299 3449 illibato
1322 3407 1383 3449 ser-

90 3498 210 3560 retur!
240 3488 366 3552 dietum
387 3492 437 3551 est
458 3488 567 3552 octies.
619 3494 747 3553 Bromii
772 3494 898 3563 Christe,
930 3493 1039 3550 Hilaro
1068 3495 1150 3551 ritu!
1187 3487 1307 3550 <lictum
1336 3476 1408 3550 est'

87 3591 292 3680 quinquies.
332 3595 447 3669 Dianas
465 3611 561 3670 popu,
586 3595 696 3667 dipuus
718 3596 844 3652 doctor!
866 3589 985 3651 ‹lietrmr
1009 3593 1057 3651 esi
1079 3591 1187 3652 ool-ies.

95 3784 252 3795 .—-——·-
263 3783 281 3788 -
292 3783 303 3787 -
313 3782 403 3788 -.-.---

167 3884 207 3949 ¹⁷}
227 3878 271 3932 Η*
288 3884 315 3935 d.
328 3881 401 3932 XVI
458 3889 484 3932 et
501 3884 526 3931 iu
541 3890 699 3948 perpetuum.
724 3876 830 3931 Deinde
849 3877 916 3930 editi
936 3884 988 3931 I'cr
1006 3885 1127 3932 dorrriuum
1147 3883 1249 3933 Petrum
1266 3899 1383 3947 ropaurus

87 3983 117 4023 ut
208 3970 309 4018 dictum
327 3973 365 4016 est
381 3969 476 4025 series,
495 3978 614 4029 moxque
634 3963 671 4015 ll‘³
687 3975 856 4030 persereutur
872 3962 933 4016 loeo
951 3975 1120 4016 reserrentur.

168 4054 208 4117 ²⁸)
228 4048 293 4102 Hoc
306 4047 474 4116 respondens
487 4047 593 4101 Probus
605 4047 696 4101 verbis
714 4046 907 4116 cpiscoporum
924 4048 1083 4116 provinciae
1097 4048 1318 4112 Tarraconensis,
1337 4046 1383 4114 qui
1402 4090 1411 4097 ..

88 4131 319 4194 Nundinarium
337 4148 390 4185 nou
409 4131 492 4185 modo
510 4133 656 4186 facultates
679 4149 742 4184 siras
760 4132 875 4185 irenaeo
899 4132 1041 4200 reliquisse
1064 4133 1112 4184 scd
1136 4136 1164 4185 ct
1182 4133 1310 4185 eunrdem
1329 4131 1384 4199 epi-

88 4224 244 4292 scopatus
264 4216 307 4269 sui
325 4231 510 4270 successorem
529 4217 687 4286 designasse
705 4217 879 4286 seripserunt,
898 4217 1017 4286 priimum
1037 4218 1062 4269 ci
1081 4217 1187 4271 licuisse
1203 4216 1250 4280 ait,
1270 4220 1300 4268 at
1317 4215 1384 4268 alte-

88 4327 161 4365 rum
186 4317 256 4358 noir
269 4301 362 4355 licere.

169 4394 209 4455 θ’)
231 4389 278 4442 lia
290 4404 352 4440 cum
366 4386 779 4455 0¹00u000aerimus.q110din
792 4405 854 4440 mss
868 4394 1008 4441 irritentur
1020 4387 1160 4456 scriplum.
1187 4387 1215 4437 lu
1228 4385 1265 4437 Hi
1278 4384 1385 4438 librarii

88 4475 264 4535 oscitantia
281 4462 511 4526 accumitionum
530 4490 659 4525 numerus
677 4474 863 4541 perturbatus.
906 4473 972 4525 Posi.
994 4471 1114 4541 spatium
1137 4471 1267 4523 liberum:
1292 4476 1317 4522 ri.
1336 4474 1385 4524 VI.

91 4571 131 4621 u't
153 4569 227 4617 Iraec
248 4562 413 4612 emendentur
431 4577 557 4625 ropamue.
576 4564 601 4610 d.
620 4561 686 4611 VII.
709 4562 742 4611 oi
753 4565 892 4611 recitentur
910 4579 1035 4626 roqamus.
1065 4561 1098 4610 llt
1117 4563 1253 4623 disciplina
1270 4566 1386 4609 seruetur

89 4665 239 4719 ropanus.
273 4647 300 4698 d.
315 4644 381 4698 VII.
402 4646 435 4697 Ut
453 4662 562 4695 canones
631 4649 655 4698 d.
668 4648 698 4696 V.
715 4646 748 4696 [lt
765 4649 894 4696 ordinatio
907 4649 1049 4710 apostolica
1060 4689 1065 4697 .
1076 4683 1095 4697 ..
1114 4649 1139 4697 d.
1150 4645 1216 4696 VII.
1230 4645 1338 4693 Euarrdi

90 4742 121 4790 d.
141 4733 240 4786 VIII.
262 4731 363 4795 Dignus
377 4747 449 4795 papa
467 4733 492 4781 ri.
510 4730 542 4781 V.
563 4732 659 4796 Dipuus
677 4734 767 4782 doctor
785 4734 809 4782 ri.
827 4731 902 4782 VIII
920 4728 968 4793 (Η6
986 4733 1011 4779 (i.
1025 4730 1088 4793 lx).
