3204 5506
545 362 745 412 macrinus
767 365 805 411 11.
1242 344 1306 411 ’527

86 540 140 585 ne
159 518 240 583 ferre
262 517 471 599 sententiam3
500 519 680 581 esttamen
709 520 854 581 nostrum
881 517 920 581 de
948 517 1077 601 propria
1109 516 1211 580 salute
1239 539 1307 582 esse

86 620 199 686 licitos
220 620 370 705 quoniam
392 620 609 704 unusquisque
630 641 688 704 pro
711 641 744 683 se
766 619 923 683 rationem
952 618 1133 683 redditurus
1161 622 1210 683 est
1232 622 1308 683 ante
1320 585 1407 706 ‘2012‘

86 721 126 787 id
150 722 290 788 tribunal
308 722 427 805 judicis
450 724 483 785 et
504 721 590 805 regis
613 721 746 803 aeterni,
770 721 805 785 in
828 742 889 805 quo
911 720 1008 785 etiam
1030 721 1068 785 de
1090 721 1186 784 verbo
1208 695 1420 811 otiosou'aeh.

86 825 238 910 rimoque
260 824 438 908 quadrante
461 845 568 887 sumus
591 826 772 888 nostrorum
793 824 952 888 rationem
967 825 1096 887 actuum
1110 823 1306 908 praestituri.
1320 794 1429 921 ὲξξῗξῦ

87 926 187 991 dect
200 929 358 1011 optamus,
383 925 616 1011 qualiacunque
639 928 671 989 et
692 928 938 1010 quantacunque
960 946 1056 1009 super
1077 946 1136 989 nos
1156 925 1306 1009 importa-

87 1029 131 1092 is
150 1028 308 1111 inimicus,
330 1028 468 1093 tolerare
490 1028 676 1092 discrimina
698 1029 733 1091 in
755 1026 883 1092 saeculo
904 1027 1081 1113 praesenti,
1110 1029 1239 1091 sanum
1266 1047 1307 1091 ne

86 1152 159 1194 asae
179 1131 379 1195 incurramus
400 1130 514 1194 mortis
536 1133 696 1194 aeternae.

133 1233 160 1296 i.
204 1230 266 1297 Sed
288 1231 406 1296 dicitur
427 1231 467 1295 de
489 1230 595 1313 Petro,
618 1252 811 1316 quamquam
833 1232 902 1295 sine
925 1231 1155 1316 approbatione
1170 1232 1305 1314 dicatur,

87 1334 232 1398 reseram
254 1334 293 1397 de
315 1333 443 1398 homine
471 1333 861 1418 *perspicacissimo,
890 1335 945 1418 qui
967 1355 1024 1419 per
1050 1335 1222 1418 triginta5)
1252 1318 1458 1402 an-*lP‘Yll'

87 1457 100 1499 ι
131 1434 266 1501 famosus
287 1439 490 1520 expugnator
517 1436 623 1499 suerat
645 1437 799 1519 veritatis,
824 1437 908 1520 quod
929 1436 1129 1520 poenitentia
1157 1438 1229 1500 aeta
1258 1457 1307 1500 su·
1322 1405 1458 1442 carissimo.

87 1538 173 1620 ptus
194 1539 236 1603 sit
258 1538 293 1602 in
315 1537 471 1602 Ecclesia.
515 1536 689 1622 Nunquam
716 1538 816 1623 igitur
837 1558 895 1622 per
922 1538 1061 1624 triginta
1083 1560 1184 1602 annos
1213 1560 1308 1623 agere

87 1638 155 1702 tuit
171 1640 413 1725 poenitentiam,
436 1639 500 1704 nisi
515 1642 594 1705 tunc
608 1662 707 1723 quum
722 1641 926 1725 episcopatus
948 1662 1055 1705 amore
1077 1643 1110 1705 et
1124 1640 1309 1706 ambitionis

87 1738 159 1805 lore
177 1741 346 1806 fervebat?
390 1741 509 1806 Orem
534 1745 678 1807 monstro
706 1742 913 1827 simillimam,
944 1746 1018 1807 ante
1046 1742 1138 1807 illum
1165 1743 1309 1826 potuisse

87 1862 153 1906 :um
171 1867 262 1909 suum
284 1844 452 1909 sacerdotii
475 1844 630 1926 obtinere,
654 1867 751 1929 quam
772 1848 882 1928 posset
902 1845 953 1910 vel
975 1845 1065 1909 brevi
1087 1866 1145 1930 pro
1166 1848 1235 1908 tam
1251 1845 1309 1908 im-

87 1944 140 2006 mi
159 1946 290 2011 erimine
312 1946 480 2031 poenitens
502 1946 618 2011 rideri!
649 1952 712 2010 Sed
731 1954 819 2012 solvit
842 1954 939 2025 iilam,
970 1946 1093 2031 inquit,
1127 1954 1310 2011 auctoritaie

87 2063 101 2103 1
126 2056 206 2124 arias
221 2055 362 2126 Aeacius,
386 2060 415 2113 ei
428 2057 471 2113 ric
485 2056 625 2129 sciscepii.
651 2048 784 2113 [binam
800 2050 939 2134 seipsum
954 2049 1151 2114 miserrimus
1167 2048 1309 2112 omnium

88 2163 212 2235 tumque
227 2149 477 2236 quamplurimos
503 2173 569 2215 non
592 2154 742 2215 aeternae
770 2152 881 2215 mortis
911 2151 1114 2235 compedibus
1143 2150 1307 2236 alligaret!

88 2244 108 2306 ll
125 2270 216 2332 quum
231 2251 457 2337 superbissimo
472 2252 645 2336 praeflatus
660 2254 775 2336 spiritu
790 2254 975 2338 inanimi)
998 2252 1190 2316 humilitatis
1212 2253 1309 2316 altius

88 2365 156 2415 erre
178 2358 313 2419 conatur
333 2377 429 2440 quam
451 2355 567 2438 decuit,
592 2358 625 2420 et
646 2355 959 2440 praesumptionibus
981 2355 1046 2445 suis
1069 2354 1190 2418 aditum
1212 2353 1309 2418 unde-

88 2465 169 2533 ssque
191 2457 361 2541 conquirit,
391 2457 547 2542 simulque
568 2480 626 2542 per
647 2459 698 2521 fas
720 2461 753 2521 et
774 2459 866 2522 nefas
889 2457 993 2522 caleat
1015 2461 1048 2521 et
1068 2457 1188 2521 transit
1208 2456 1308 2520 invio

88 2546 154 2620 illia
174 2562 519 2624 statuta-sanctorum:
543 2582 614 2624 cum
636 2559 716 2643 ipso,
741 2582 836 2644 quem
856 2560 1002 2649 imitatus
1024 2562 1084 2642 est,
1108 2564 1237 2623 auctore
1259 2580 1309 2622 su-

88 2647 172 2725 *biae
193 2661 228 2725 in
251 2661 533 2746 profundissimam
555 2662 682 2726 ruinam
705 2662 856 2746 dejectus,
887 2662 919 2725 id
942 2662 1111 2747 dereliquit
1132 2660 1307 2743 Ecclesiae,

88 2748 124 2818 le
155 2763 305 2851 lugerent
331 2763 457 2849 pacifici
484 2763 654 2847 fidelesque
683 2767 716 2828 et
744 2765 878 2829 humiles
911 2764 1034 2829 flerent.
1080 2762 1113 2828 Si
1142 2763 1229 2828 eninr
1254 2762 1309 2827 ille

88 2851 170 2929 [lum
192 2870 372 2950 temperata
386 2868 547 2950 potestate
563 2870 731 2949 servasset,
754 2889 814 2930 nec
837 2866 969 2931 Petrum
990 2865 1197 2949 haereticum,
1221 2860 1316 2928 nullo

88 2958 184 3031 ulari
206 2967 317 3032 ordine
340 2968 531 3049 absolutum,
554 2991 612 3052 pro
635 2969 704 3051 ejus
727 2969 838 3033 audaci
860 2968 1042 3032 temeritate
1070 2967 1104 3030 in
1132 2990 1189 3031 sua
1212 2966 1308 3047 socie-

88 3075 101 3116 ³
128 3061 228 3132 hodie
252 3069 398 3134 Ecclesia
426 3070 602 3154 suspiraret
631 3074 840 3154 assumptum,
864 3093 925 3134 nee
948 3069 1102 3150 cantatis,
1136 3089 1217 3152 quae
1244 3089 1308 3131 om-

88 3176 126 3226 m
156 3172 309 3236 virtutum
332 3176 382 3236 est
403 3173 568 3257 perfectio,
592 3177 625 3236 et
647 3174 716 3237 sine
739 3172 990 3256 quasecundnm
1006 3169 1184 3255 apostolum
1198 3170 1310 3233 inania
1344 3160 1425 3215 ¹0⁰1

90 3261 110 3322 t
140 3275 294 3339 ”nivem
315 3296 396 3358 (iuste
418 3275 570 3357 facimus,
599 3278 692 3339 tanta
714 3275 771 3339 filii
799 3276 887 3358 pacis
915 3273 1081 3358 dispendia
1109 3274 1307 3356 paterentur,
1327 3237 1446 3298 ¹3¹¹⁸⁰q'

117 3377 300 3441 Inordendo
323 3376 458 3439 invicem
482 3381 745 3440 consumerentur
766 3377 913 3440 invicem.

94 3636 124 3705 ³)
151 3650 192 3703 Ab
215 3665 288 3703 anno
310 3656 373 3714 453,
395 3666 450 3717 quc
474 3648 614 3703 l‘roterius
637 3648 822 3705 Alexandriae
845 3648 1017 3705 renuntiatus
1041 3649 1082 3703 est
1105 3647 1263 3718 episcopus,
1286 3647 1309 3701 is

89 3733 143 3783 11⁸
160 3735 251 3789 adhuc
268 3734 401 3789 diaconus
420 3751 475 3788 una
492 3752 553 3788 cmn
572 3734 719 3789 Timotheo
738 3735 838 3789 Aeluro
858 3738 925 3790 tunc
945 3735 1111 3805 presbytero
1128 3750 1188 3788 sese
1206 3734 1242 3787 ab
1261 3733 1310 3788 Ec-

89 3820 122 3862 a
146 3835 290 3889 separasse
307 3821 337 3873 in
355 3819 457 3874 Gelasii
475 3821 554 3874 tract.
569 3821 581 3874 I
599 3827 656 3874 ni>
674 3819 782 3873 dicitur.
813 3823 893 3874 Anno
912 3822 1007 3875 autem
1017 3826 1066 3874 lei
1087 3818 1179 3874 caedis
1191 3817 1310 3873 Proterii

89 3904 256 3958 emortuum
274 3904 302 3958 in
314 3905 501 3959 Alexandrina
519 3904 634 3959 ecclesia
651 3904 835 3959 excitatorum
852 3922 908 3960 nou
926 3906 1035 3960 infimus
1052 3907 1132 3960 actor
1148 3903 1208 3958 fuit.
1239 3902 1309 3968 Quo·

89 3986 106 4026 ¹³
133 3989 219 4044 etiam
237 3992 302 4045 ante
321 4007 408 4045 annos
430 3990 548 4059 triginta
570 3991 606 4043 ab
625 4007 657 4043 eo
678 3993 817 4058 tempore,
840 4007 894 4057 quo
918 3990 993 4043 istud
1015 3989 1156 4044 scribebat
1173 3988 1307 4055 Gelasius,

89 4056 169 4128 baffi
184 4074 366 4145 impugnator
383 4075 497 4130 exstitit.

95 4147 130 4218 ⁸)
150 4159 342 4232 Episcopalem
360 4177 552 4229 quamcunque
568 4159 660 4216 sedem
686 4166 799 4215 tironum
822 4166 965 4215 iumiiiiaiis
982 4159 1139 4229 intelligere
1157 4176 1308 4229 possumus,

89 4245 99 4278 t
125 4247 231 4311 quanto
249 4245 310 4315 quis
329 4245 471 4300 extollitur
488 4245 582 4311 altius,
600 4247 680 4299 tanto
699 4261 761 4299 eum
779 4245 910 4300 humilius
929 4245 1075 4298 demittere
1093 4261 1123 4299 se
1136 4244 1223 4298 decet.
1254 4242 1309 4297 Sed

90 4309 223 4384 literam
245 4333 344 4386 notare
361 4330 471 4385 videtur
489 4330 613 4384 Gelasius
631 4329 969 4400 Constantinopolitanum
992 4330 1124 4384 thronum
1141 4330 1174 4382 ut
1196 4334 1309 4383 tironum

90 4402 166 4479 lless,
184 4416 231 4484 qui
243 4415 413 4471 Heracliensi
431 4414 632 4484 subjiciebatur
647 4414 802 4484 metropoli.
831 4416 911 4470 Unde
929 4417 958 4470 et
975 4415 1011 4469 ab
1029 4415 1089 4484 ipso
1109 4413 1188 4483 epist.
1203 4419 1234 4466 26
1252 4419 1309 4467 n.4

90 4501 219 4555 'wenis
236 4508 360 4555 ecciesiae
376 4507 498 4570 paroecia
516 4504 697 4571 nuncupatur.
726 4500 886 4555 Ambitione
905 4501 999 4556 autem
1011 4499 1100 4553 elatus
1113 4497 1230 4553 Aeacius
1247 4499 1308 4552 ant·
1344 4542 1355 4565 ,

90 4581 187 4639 renea
203 4585 329 4640 Basilisci
340 4585 440 4640 litteris
458 4587 543 4656 (apud
561 4585 712 4656 Evagrinnr
730 4585 756 4638 h.
770 4602 793 4638 e.
807 4586 854 4652 ΙΙΙ,
873 4590 898 4653 7)
917 4584 1001 4639 inseri
1019 4586 1177 4656 curaverat:
1202 4588 1307 4638 Ρνουίη·

90 4669 95 4701 ³
121 4688 230 4742 qnoque.
253 4692 358 4742 quaram
380 4678 568 4727 ordinationem
590 4678 665 4726 sedes
687 4675 763 4738 liujus
785 4677 873 4740 repiac
892 4682 917 4725 ri
937 4677 1066 4740 pluriores
1085 4673 1155 4723 sertis
1177 4672 1307 4731 tabuerat,

90 4757 251 4813 *masao
270 4777 301 4810 ac
316 4763 475 4811 sanciusimo
496 4762 662 4825 patriarchae
685 4767 710 4810 ei
732 4761 925 4826 archiepiscopo
947 4761 1044 4811 Aeaeio
1066 4745 1172 4810 restitui
1182 4757 1308 4821 jubemus.

90 4840 138 4978 Ιῖο
152 4842 298 4899 ambitioni
316 4859 381 4896 suae
400 4842 540 4895 Romanos
556 4841 699 4909 praesules
715 4841 887 4895 intercedere
905 4861 960 4896 non
978 4841 1111 4896 desistere
1128 4838 1308 4910 impatienter

90 4927 108 4969 Ὦ
125 4929 159 4983 st.
