3204 5506
280 350 343 415 734
730 365 758 414 s.
777 364 958 414 sritstactn
982 363 1096 409 raras

280 520 425 584 medetur
446 519 597 584 extemis.
633 518 729 582 Absit
752 517 888 582 afflictos
904 517 1019 599 dicere,
1043 537 1123 601 quos
1145 515 1187 579 ad
1209 536 1266 579 vos
1288 515 1453 601 contigerit
1468 537 1523 600 per·

279 623 420 686 venisse:
448 621 600 685 creatoris
622 621 778 706 patriam,
808 641 884 704 opes
906 619 983 684 ahbi
1006 640 1072 682 non
1094 617 1281 703 requinmt,
1316 639 1396 702 quos
1416 638 1529 683 coronae

279 728 405 789 vestrae
429 746 504 787 cura
526 722 712 807 susceperit.
759 721 968 786 Praesentum
995 718 1138 805 bajulus,
1166 722 1258 784 ortus
1287 718 1454 803 nobiliter,
1477 741 1536 803 pro

279 826 390 890 futura
412 826 452 889 ad
474 825 693 888 testimonium
721 824 932 908 ingenuitatis
960 822 1065 886 studia
1087 821 1237 886 Romana
1267 822 1419 906 requirit
1460 820 1541 886 Nunc

280 928 473 992 beatitudini
496 930 620 990 vestrae
642 947 713 989 mea
734 925 887 1009 suppheis
909 926 1008 988 vestri
1024 924 1229 988 commendat
1243 924 1397 1005 assertio,
1420 928 1457 987 nt
1476 923 1547 987 salu·

156 1096 160 1105 ,
280 1030 413 1093 tationis
435 1028 574 1092 servitiis
596 1027 770 1113 dignanter
791 1027 948 1111 acceptis,
972 1026 1055 1111 quod
1078 1048 1137 1091 usu
1158 1026 1289 1110 facitis,
1319 1047 1382 1110 pro
1403 1027 1467 1090 mei
1489 1047 1551 1090 con·

281 1130 475 1195 sideratione
497 1130 689 1214 geminetur.

781 1281 963 1385 Epistola
989 1282 1046 1365 24.

586 1434 740 1502 llnnodii
762 1435 806 1500 ad
829 1431 1081 1515 Symmachum
1103 1451 1246 1517 papam.

434 1575 541 1624 Beatam
558 1575 684 1625 sublimem
701 1576 886 1626 adolescentem
902 1575 1019 1639 pontiflci
1032 1575 1138 1638 parenti
1155 1575 1265 1624 maium
1283 1574 1420 1625 insinuat.
1567 1572 1600 1639 pi

433 1706 638 1772 Ennodius
661 1706 899 1791 Symmacho.

365 1807 441 1873 Non
456 1809 667 1874 inefficaciter
682 1810 796 1894 poscit,
820 1810 874 1894 qui
889 1808 1017 1894 parenti
1032 1807 1174 1871 omnium
1189 1807 1399 1893 peregrinos
1415 1808 1561 1874 insinuat

281 1909 450 1975 Nobilibus
472 1911 633 1995 generalis
655 1911 787 1976 debetur
810 1911 953 1993 assertio,
977 1910 1114 1974 maxime
1135 1908 1223 1992 apud
1238 1930 1312 1993 eos,
1338 1911 1399 1995 qui
1414 1909 1561 1975 beneficia

280 2014 428 2078 tribuunt
448 2035 514 2079 non
537 2013 651 2098 rogati.
697 2012 833 2077 Beatum
856 2011 1023 2076 sublimem
1050 2010 1314 2095 adolescentem,
1346 2013 1562 2096 praesentitur

281 2116 434 2201 bajulum,
459 2117 485 2180 si
509 2137 626 2180 corona
648 2119 755 2179 vestra
777 2115 950 2200 dignanter
972 2113 1120 2198 accipiat,
1148 2112 1368 2198 praeclarum
1387 2114 1488 2198 juxta
1507 2136 1562 2178 mo

281 2240 348 2282 rem
370 2217 532 2303 pontificis
554 2221 649 2281 ornat
670 2216 820 2280 officium.
871 2215 931 2280 Est
957 2215 1060 2298 enim,
1097 2215 1152 2300 qui
1180 2216 1334 2300 gratiam
1347 2221 1563 2303 ,vestramei

281 2320 444 2384 natalibus
478 2322 511 2383 et
542 2320 683 2383 moribus
718 2321 888 2383 mereatur.
947 2314 1074 2383 Safficit
1106 2316 1216 2402 dignis
1251 2317 1380 2383 stricta
1415 2319 1561 2384 hudatio.

281 2419 377 2486 Nunc
404 2421 542 2485 servitiis
571 2421 774 2485 salutationis
808 2419 959 2484 exhibitis
986 2441 1081 2504 rogo,
1118 2419 1156 2482 ut
1181 2440 1233 2483 me
1266 2423 1447 2485 amantem
1475 2419 1563 2485 uestri

282 2523 384 2587 crebri
407 2523 554 2587 relevetis
575 2523 833 2608 promulgatione
856 2521 1014 2606 colloquii.

787 2815 1041 2889 Notitia

303 2946 505 3016 epistolarum
525 2962 584 3001 non
604 2947 808 3015 exstantium,
828 2962 906 3016 quae
925 2947 962 3001 ad
981 2961 1007 3002 s.
1028 2945 1235 3015 Symmachum
1255 2959 1377 3016 papan
1396 2948 1542 3004 attinent.

899 3082 915 3147 Ι

281 3213 309 3249 a.
326 3193 503 3351 498—506.
540 3193 705 3265 Symmachi
719 3194 759 3248 ad
773 3194 934 3249 Eanodiam
948 3193 984 3248 tle
999 3195 1137 3265 captaris
1152 3195 1180 3249 ia
1197 3194 1272 3249 oola
1291 3193 1480 3253 Theoderici
1491 3197 1559 3270 repit

447 3280 577 3335 aciendis
592 3282 697 3334 cautio.

192 3378 267 3448 [Ed]
364 3380 392 3435 ln
409 3382 479 3437 tristi
495 3381 646 3442 certamine,
663 3379 918 3454 quodSymmachus
933 3381 1011 3436 initio
1026 3377 1199 3453 pontificatus
1215 3395 1280 3435 cum
1296 3379 1469 3439 adversariis
1485 3382 1557 3437 saed·

280 3467 352 3528 nuit,
374 3483 453 3539 saepe
474 3464 506 3519 ad
522 3465 608 3519 aulam
625 3465 785 3521 theodorici
801 3467 873 3539 regis
895 3463 1101 3527 recurrendum.
1125 3462 1216 3536 ibique
1240 3472 1271 3519 ut
1293 3467 1385 3522 mon's
1408 3469 1499 3523 verbe
1517 3482 1556 3522 er·

279 3567 378 3623 pensae
394 3550 528 3605 iaciendas
544 3558 629 3605 erant.
661 3549 698 3605 Eo
714 3550 795 3606 modo
811 3552 955 3624 episcopus
972 3558 1001 3605 ut
1016 3546 1345 3605 videturhiediolanensis
1358 3550 1425 3624 plus
1438 3551 1556 3626 quadrin-

280 3642 378 3707 gentos
399 3636 456 3689 auri
477 3634 579 3690 solidos
603 3639 691 3691 certis
705 3637 872 3707 potentibus
892 3635 1026 3708 erogavit,
1055 3632 1134 3689 iidem
1155 3632 1264 3688 dicente
1279 3631 1416 3692 Ennodio
1438 3637 1554 3693 diacono.

280 3720 329 3786 Qut
346 3719 377 3774 ad
393 3719 419 3774 id
434 3721 548 3775 litteras
568 3725 664 3776 sancti
680 3736 780 3792 papae
800 3738 829 3775 se
852 3718 975 3776 hahuisse
996 3727 1112 3775 testatur
1126 3717 1217 3791 (epist.
1232 3716 1275 3782 ΙΙΙ,
1292 3717 1358 3792 10).
1387 3723 1496 3795 qartus
1514 3723 1555 3777 ille

273 3807 372 3876 jussit,
386 3806 524 3878 quidquid
533 3821 606 3876 opas
618 3813 692 3861 essct
700 3808 775 3877 ficri,
789 3803 1006 3877 com(Eanodii)
1015 3805 1120 3860 debere
1134 3807 1297 3860 securitate
1315 3810 1474 3880 compleri.
1495 3805 1554 3873 Qua·

279 3899 391 3963 propter
406 3890 449 3945 hic
465 3890 587 3963 quidem,
611 3907 693 3964 quoni
709 3899 877 3964 repeteretur
891 3907 1000 3953 aarum,
1028 3887 1202 3944 Luminosom
1224 3889 1316 3945 virum
1331 3889 1485 3949 sublimem
1499 3901 1554 3947 tunt

280 3973 377 4030 ltomae
392 3974 536 4048 degentem
552 3982 578 4029 ct
595 3974 763 4030 llormisdam
779 3975 990 4049 Dioscorumque
1005 3973 1147 4036 diaconos,
1170 3980 1199 4027 ut
1220 3989 1272 4047 pro
1289 3976 1479 4034 restitutione
1492 3973 1554 4051 apol

279 4060 433 4133 pontilicem
449 4068 569 4133 agerent.
586 4061 691 4134 rogavit
707 4059 797 4133 (epist.
814 4058 856 4123 tlt,
871 4060 919 4123 10.
936 4058 976 4121 vt.
993 4059 1031 4116 16
1048 4066 1074 4114 el
1090 4057 1150 4130 33).
1187 4055 1249 4125 Quo
1270 4068 1371 4116 autem
1387 4062 1554 4135 potissim

280 4153 400 4218 tetnpore
415 4145 527 4218 sponsio
543 4146 592 4199 ista
608 4144 743 4217 pontilicis
760 4144 827 4200 lacta
842 4146 887 4206 sit,
904 4161 967 4199 num
982 4145 1073 4199 statim
1088 4144 1116 4199 in
1131 4143 1208 4198 initio
1220 4144 1410 4216 pontificatus
1422 4163 1459 4204 u
1468 4154 1554 4221 poete

278 4230 422 4285 schismate
437 4238 574 4289 renovato,
593 4227 636 4284 uhi
652 4246 707 4284 non
723 4231 810 4284 minus
827 4232 926 4303 regale
936 4230 1117 4302 praesidium
1127 4243 1219 4299 saepe
1228 4229 1461 4301 depascebatur
1470 4231 1553 4305 (not

279 4313 405 4385 illinet).
423 4312 527 4370 deliniri
543 4331 597 4369 non
612 4322 714 4388 potest.
745 4313 843 4389 Utique
858 4316 930 4370 inter
943 4331 1028 4370 annos
1043 4312 1105 4371 498
1121 4320 1148 4368 et
1164 4312 1226 4370 toa
1242 4315 1380 4388 ponenda
1396 4326 1453 4374 est.

883 4442 927 4508 Π.

278 4569 305 4608 a.
322 4519 501 4611 499-500.Ι
531 4553 696 4626 Symmachi
709 4554 749 4609 ad
762 4556 945 4610 Artaslosiam
961 4557 1163 4626 imperatorem
1173 4569 1235 4626 pro
1249 4555 1417 4615 catholicis
1430 4556 1553 4615 Orienta-

429 4641 535 4695 lalibas
548 4643 724 4695 intercessio.

363 4738 507 4814 Frequenti
524 4740 590 4794 lania
606 4740 639 4795 de
654 4740 847 4796 catltolicorum
862 4740 1005 4796 inOriente
1021 4739 1258 4815 persecutionibus
1271 4751 1371 4801 motus
1382 4744 1554 4821 Syn-atu

278 4823 346 4897 apud
363 4827 530 4880 anastasium
546 4826 736 4898 imperatorem
751 4827 913 4890 intercessit,
930 4829 1074 4900 culpatum
1086 4826 1191 4898 fuisse,
1212 4830 1297 4900 qood
1315 4830 1363 4886 hic
1377 4832 1495 4889 (linctu
1508 4832 1553 4885 η’-

276 4912 358 4964 litori
371 4929 457 4966 mauu
474 4913 655 4982 compelleret
671 4928 726 4978 ros,
744 4916 795 4984 pai
808 4928 839 4967 sc
855 4932 872 4966 a
885 4915 1054 4985 roalapioar
1066 4912 1245 4983 perfidorum
1263 4918 1369 4973 mollis
1385 4918 1554 4993 empsit-¹
