3204 5506
258 317 280 380 4
633 333 768 380 uourra
791 332 942 380 reanum
966 333 1002 379 m
1024 333 1146 381 umam

258 493 286 549 Si
302 502 392 549 autem
407 492 495 549 editor
509 491 643 548 Romanus
666 501 721 549 tres
743 492 801 549 illas
824 492 951 567 epistolas
968 494 1121 550 Crescente
1143 500 1264 566 acceptas
1285 491 1378 554 refert,
1400 491 1520 548 codicem

258 578 460 634 vallicellanum
476 577 523 634 h5
540 587 585 635 aut
600 581 691 653 potius
706 578 764 650 ejus
780 579 956 653 apographon
971 579 1125 635 Vaticanum
1143 577 1234 641 1353,
1251 593 1331 651 quem
1346 577 1382 633 ibi
1397 579 1523 650 sequitur

259 665 359 736 quique
380 681 473 720 revera
489 662 636 720 Hadrianus
651 670 693 720 est
707 665 755 720 sed
771 663 929 738 quibusdam
946 663 1132 720 additamentis
1148 672 1257 726 auctus,
1279 661 1329 718 sub
1345 662 1393 718 illo
1409 664 1519 718 uonrine

257 748 349 804 laudat
358 744 389 819 ¹).

342 832 371 889 2.
387 833 416 890 lu
432 834 511 890 alium
528 834 640 898 olleudit
655 833 797 907 scopulum
813 834 976 890 clarissimus
992 833 1089 897 editor,
1106 849 1189 906 quum
1205 833 1311 889 Ascanii
1327 832 1470 907 epistolam
1481 832 1518 888 13

258 920 383 992 sequenti
398 921 564 994 postposuit,
580 918 662 992 idque
678 936 710 975 ex
725 922 888 984 memoratis,
902 926 932 975 ut
947 919 1061 981 videtur,
1077 918 1184 974 concilii
1199 917 1310 974 Humani
1326 920 1405 980 actis,
1422 915 1520 991 quihus

257 1006 364 1059 inverso
381 1004 433 1060 hoc
447 1003 542 1061 ordine
561 1005 663 1061 inserta
678 1004 737 1060 iuit.
770 1003 847 1071 Quod
863 1021 917 1078 quo
934 1021 997 1061 casu
1012 1005 1139 1066 evenerit,
1161 1003 1238 1059 facile
1253 1003 1411 1059 advertitur.
1443 1003 1522 1058 hsce·

258 1090 318 1145 uius
334 1097 362 1145 et
376 1090 459 1145 ceteri
471 1089 677 1146 Tarraconensis
689 1091 841 1163 provinciae
853 1091 972 1164 episcopi
984 1090 1100 1164 primum
1113 1087 1204 1144 Hilaro
1216 1090 1358 1163 scripsere,
1375 1087 1408 1143 de
1420 1087 1521 1143 Silvani

258 1176 377 1249 episcopi
397 1173 580 1230 molitionibus
602 1175 728 1230 adversus
750 1175 877 1231 ecclesiae
897 1191 1014 1231 canones
1037 1173 1250 1248 expostulantes.
1294 1173 1404 1229 luterim
1428 1172 1520 1228 Hilaro

257 1277 312 1315 uon
333 1260 423 1315 statim
444 1260 626 1334 respondente
642 1260 690 1315 sed
705 1260 803 1315 Silvaui
819 1259 1020 1322 defensionem,
1042 1268 1072 1314 ut
1092 1259 1199 1315 videtur
1219 1266 1246 1314 et
1267 1260 1378 1314 maxime
1399 1256 1521 1320 decebat,

258 1345 396 1418 operiente
411 1346 535 1419 contigit,
552 1353 583 1400 ut
597 1344 776 1401 Nundinarius
789 1346 992 1400 Barcinonensis
1008 1346 1121 1400 antistes
1137 1345 1294 1400 imminente
1310 1350 1397 1400 morte
1412 1360 1522 1399 succes·

257 1446 346 1485 sorem
362 1428 411 1485 sibi
427 1429 558 1504 deligeret
573 1430 710 1486 lrenaeum
726 1432 812 1486 virum
828 1431 946 1486 omnium
958 1428 1062 1500 judicio
1078 1429 1141 1485 huic
1156 1430 1230 1484 oueri
1245 1445 1345 1503 parem.
1375 1427 1457 1484 Novis
1472 1429 1522 1484 ita·

258 1531 311 1587 quc
326 1513 422 1570 litteris
438 1513 518 1571 iidem
534 1516 653 1590 episcopi
669 1533 729 1571 cum
745 1516 883 1571 honoratis
899 1516 1053 1589 provinciae
1061 1514 1180 1570 Hilarum
1193 1514 1317 1571 adierunt
1332 1515 1409 1570 euixe
1425 1520 1522 1588 postu·

258 1599 352 1663 lantes,
380 1597 438 1669 ejus
465 1600 624 1656 electionem
651 1600 775 1657 omuibus
801 1608 935 1675 acceptam
962 1599 1067 1656 firmare
1092 1616 1127 1655 ue
1152 1607 1318 1674 gravaretur.
1364 1598 1416 1655 Sed
1447 1597 1521 1653 dubii

257 1684 516 1748 lracrentes,·utrum
530 1688 636 1759 priores
651 1686 756 1742 litterae
771 1685 890 1743 redditae
907 1685 1035 1749 luissent,
1052 1701 1142 1740 carum
1159 1684 1309 1759 exemplum
1325 1685 1368 1740 his
1383 1685 1520 1758 posterio-

256 1767 330 1824 ribus
345 1768 440 1841 subjici
456 1779 593 1826 curarunt.
617 1770 671 1826 liae
686 1771 753 1827 duae
768 1773 852 1847 igitur
867 1770 997 1845 epistolae
1012 1770 1093 1826 simul
1106 1771 1268 1842 inversoque
1281 1769 1375 1826 ordine
1388 1777 1520 1830 exaratae,

257 1855 387 1910 continuo
404 1855 437 1910 ael
454 1854 572 1912 Hilarum
589 1873 705 1929 moxque
721 1856 753 1912 ad
769 1865 877 1913 coetum
897 1857 1099 1930 episcoporum,
1121 1871 1194 1928 ques
1214 1858 1435 1912 anniuersarias
1455 1856 1523 1926 ejus

256 1940 318 1996 dies
339 1949 546 2015 congregaret,
575 1941 678 1998 delatae
699 1941 790 2015 ibique
816 1942 942 1998 recitatae
965 1948 1046 2014 atque
1066 1939 1161 1995 eodem
1184 1939 1277 1996 ordiue
1299 1941 1383 2014 gestis
1403 1940 1522 1995 insertae

257 2024 379 2090 luerunt,
402 2043 456 2098 quo
477 2025 613 2099 hodieque
634 2028 662 2082 in
681 2026 798 2102 vulgatis
820 2025 994 2088 exhibentur,
1021 2042 1071 2082 nec
1091 2042 1154 2081 sane
1175 2026 1232 2082 sine
1254 2027 1327 2098 gravi
1348 2023 1521 2081 incommodo

256 2110 372 2167 studiosi
387 2109 510 2176 lectoris,
528 2113 574 2184 qui
590 2113 680 2168 statim
695 2114 722 2167 iu
739 2112 849 2168 exordio
866 2111 996 2185 epistolae
1012 2108 1048 2166 ibi
1063 2111 1233 2184 praemissae,
1250 2110 1295 2165 ubi
1310 2111 1376 2166 haec
1391 2109 1522 2183 leguntur

249 2197 422 2268 jamdudum
444 2213 516 2252 saue
538 2201 633 2269 questi
650 2198 806 2270 fueramus
825 2199 860 2254 de
879 2201 1117 2268 praesumptione
1134 2195 1252 2266 Silvani,
1270 2195 1363 2251 haeret
1378 2195 1480 2268 diuque
1495 2201 1522 2250 et

256 2297 337 2354 aegre
352 2283 493 2354 exquirere
509 2283 630 2355 cogitur,
652 2282 685 2338 de
701 2282 798 2356 quibus
814 2282 911 2337 litteris
936 2282 978 2337 hic
993 2298 1082 2336 sermo
1097 2282 1141 2336 sit.
1179 2280 1253 2337 Adeo
1276 2297 1387 2337 necesse
1408 2288 1465 2342 est,
1492 2286 1521 2334 ut

258 2367 375 2440 quisque
390 2364 469 2422 facile
483 2368 571 2440 possit
586 2384 676 2422 rerum
692 2376 829 2442 gestarum
844 2367 941 2422 seriem
958 2367 1064 2439 assequi
1088 2373 1116 2421 et
1137 2365 1201 2438 quid
1216 2367 1243 2422 in
1261 2382 1368 2440 quaque
1385 2381 1414 2420 re
1430 2381 1523 2421 verum

256 2452 447 2524 sincerumque
459 2452 495 2506 sit
509 2451 728 2514 animadvertere.
745 2454 834 2508 omnia
849 2453 914 2507 hacc
929 2453 1029 2524 scripta
1044 2452 1095 2507 rite
1111 2460 1138 2506 et
1149 2449 1225 2521 justo
1242 2451 1335 2507 ordiue
1350 2450 1477 2525 proferri.

437 2584 475 2644 In
496 2583 599 2645 Hilari
621 2585 785 2663 epistolam
806 2584 841 2645 15
863 2583 909 2663 (ot
930 2582 979 2662 16)
1001 2580 1141 2663 („Fluuio
1157 2579 1348 2664 Basilisco“).

122 2713 171 2780 tut
186 2709 247 2780 Ed]
344 2706 371 2761 1.
416 2703 449 2760 Ut
472 2706 534 2761 huic
554 2708 655 2781 scripto
677 2707 766 2762 locum
787 2709 859 2763 inter
874 2705 955 2762 Hilari
977 2706 1104 2780 epistolas
1127 2706 1265 2770 daremus,
1287 2706 1420 2780 praeluxit
1443 2705 1521 2761 uobis

257 2791 429 2863 antiquorum
451 2791 612 2864 exemplum.
644 2790 748 2866 erippe
770 2793 810 2848 his
832 2791 954 2864 epistolis
975 2793 1106 2847 insertum
1123 2791 1322 2865 admixtumque
1338 2800 1380 2847 est
1395 2808 1478 2865 quum
1495 2794 1522 2846 iu

258 2874 373 2949 Hispana
389 2883 417 2930 ct
432 2873 528 2931 lsidori
543 2875 757 2939 collectiouibus,
772 2879 799 2932 iu
816 2874 913 2950 quihus
929 2878 1067 2950 syrroduie
1083 2878 1182 2933 Hilari
1195 2879 1341 2933 ‹leereturu
1356 2876 1521 2939 inscribitur,

202 2971 207 2987 ·
258 2969 314 3015 tum
335 2962 363 3016 iu
385 2959 535 3016 lludriauil
556 2961 648 3018 codice
674 2960 724 3016 sub
752 2962 831 3017 titulo
853 2965 1020 3035 regulorum
1043 2963 1144 3018 Hilari
1161 2978 1269 3034 popae.
1306 2961 1381 3017 Unde.
1401 2971 1429 3017 et
1450 2962 1523 3036 apud

257 3047 382 3118 antiquos
395 3062 528 3101 canouum
539 3047 728 3120 compilatores
740 3047 857 3108 lvouem,
866 3047 1031 3110 duselmum,
1040 3046 1193 3103 Gratianum
1206 3055 1233 3103 et
1245 3056 1351 3103 ceteros
1365 3049 1411 3103 uui
1423 3047 1524 3103 adseri·

216 3147 226 3166 r
257 3129 330 3186 bitur
346 3130 446 3187 llilaro.
485 3130 533 3187 llic
548 3132 639 3205 itaque
655 3132 832 3188 omittendum
849 3149 904 3188 uou
920 3132 979 3195 tuit,
1001 3134 1114 3188 maxirue
1135 3149 1217 3207 quum
1239 3134 1326 3188 uestri
1343 3134 1378 3188 sit
1394 3134 1523 3193 instituti.

257 3217 346 3272 omnia
369 3233 535 3272 summorum
556 3215 715 3291 pontificum
742 3217 849 3274 decreta
869 3217 948 3273 simul
970 3217 1118 3291 ordineque
1139 3217 1277 3292 colligere.
1320 3216 1421 3285 Quibus
1443 3217 1522 3279 adde,

256 3309 402 3374 sequeutes
418 3301 546 3376 epistolas
562 3320 614 3359 una
629 3321 689 3359 cum
705 3303 758 3359 hoo
769 3302 878 3359 decreto
891 3304 984 3359 missas
996 3305 1032 3358 ita
1045 3304 1133 3376 ipsum
1144 3304 1287 3376 respicere,
1304 3311 1335 3358 ut
1346 3320 1379 3358 oo
1391 3302 1523 3358 distracto

258 3386 367 3442 mutilae
382 3387 580 3461 quodammodo
597 3397 624 3443 et
640 3389 729 3462 aliqua
744 3390 786 3443 sui
800 3396 877 3462 parte
892 3387 1037 3444 dimiuutae
1053 3387 1217 3445 videreutur.

342 3471 371 3528 2.
415 3472 472 3528 lluo
493 3481 582 3529 autem
604 3472 723 3537 Hilarus,
747 3490 815 3547 quae
836 3474 869 3528 de
890 3471 1054 3530 Nundinario
1075 3473 1265 3530 Barciuoueusi
1286 3475 1406 3529 antistite
1428 3473 1524 3528 Tarra·

258 3558 383 3612 cunensis
399 3558 552 3632 provinciae
567 3560 685 3632 episcopi
697 3557 920 3633 significaverant,
936 3558 1042 3633 synodo
1055 3559 1082 3614 in
1094 3560 1187 3633 primis
1198 3558 1364 3615 discutienda
1376 3561 1523 3636 proponit:

258 3658 319 3697 euru
337 3641 459 3698 videlicet
474 3642 590 3698 tantulus
607 3643 747 3700 facultates
763 3661 825 3700 suas
841 3661 889 3700 seu
905 3644 1040 3700 modicum
1054 3644 1198 3717 peculium,
1217 3646 1294 3717 quod
1304 3648 1397 3717 potuit
1411 3645 1525 3701 habere

255 3735 433 3798 pauperius,
454 3744 609 3799 supremae
631 3732 785 3787 uoluntatis
805 3732 926 3786 arbitrio
947 3729 1056 3785 lreuaco
1078 3729 1264 3802 dereliquisse,
1286 3731 1420 3803 simulque
1440 3739 1469 3785 ut
1494 3735 1523 3787 iu

256 3815 350 3868 locum
365 3829 448 3869 suum
462 3815 686 3871 substitueretur
701 3816 854 3889 expetiisse.
879 3814 951 3883 erae
963 3815 1017 3870 duo
1030 3813 1134 3869 Probus
1147 3816 1292 3891 episcopus
1303 3815 1399 3888 synodi
1412 3817 1525 3872 nomine

258 3914 395 3971 exponens
417 3915 447 3954 ac
467 3897 597 3964 dividens,
622 3900 735 3956 alterum
757 3900 868 3962 licitum,
891 3918 945 3956 non
966 3900 1107 3956 serendum
1129 3900 1243 3956 alterum
1263 3902 1432 3975 pronuntiat.
1463 3901 1524 3956 laur

258 3991 337 4038 antea
357 3983 545 4039 'llreodaretus
568 3985 594 4040 h.
612 4003 636 4042 e.
652 3986 682 4049 V,
700 3985 739 4042 23
762 3985 866 4061 Evagrii
892 3987 993 4059 pariter
1009 3976 1149 4042 'ecclesiae
1170 3985 1353 4042 dutiocheuae
1374 4003 1387 4040 a
1408 3985 1524 4042 Paulino

257 4068 386 4141 praelecti
402 4069 597 4126 ordinationem
613 4070 822 4145 improbaverat:
844 4073 943 4144 Neque
959 4074 1041 4141 euim,
1059 4069 1154 4141 ajebat,
1172 4087 1299 4128 canones
1313 4075 1446 4128 morienti
1461 4077 1523 4145 epi·

257 4168 344 4226 scopo
361 4158 540 4226 permittunt,
565 4164 595 4212 ut
620 4175 672 4213 suo
692 4160 756 4213 loco
777 4173 947 4230 quemquam
968 4160 1131 4214 constituet.
1169 4158 1207 4212 dc
1228 4173 1291 4212 vero
1313 4157 1448 4213 Johauues
1469 4159 1524 4213 hu-

258 4239 399 4295 tiocheuus
421 4239 572 4314 presbyter,
595 4259 609 4296 a
623 4243 774 4297 Iustiniana
791 4243 993 4318 imperatorem
1009 4240 1132 4314 Eutychii
1149 4242 1314 4315 patriarchae
1330 4240 1524 4298 Constantino·

257 4323 368 4397 politaui
379 4326 469 4382 lucum
482 4326 619 4391 sullectus,
636 4329 662 4382 in
675 4345 722 4382 sua
733 4345 866 4383 canonum
882 4327 1043 4382 collectione
1060 4328 1100 4382 tit.
1110 4326 1141 4381 vt
1153 4326 1330 4400 apostolicum
1343 4345 1472 4383 canonem
1483 4330 1523 4385 75

257 4409 488 4466 ethntiocheuuru
504 4430 527 4467 c.
537 4411 576 4468 93
593 4412 685 4474 edidit,
702 4412 799 4486 quibus
816 4414 880 4468 haee
895 4412 1024 4468 ecclesiae
1039 4411 1179 4486 disciplina
1195 4412 1346 4468 firmissime
1359 4411 1521 4469 adstruitur.

258 4492 285 4548 ln
297 4497 388 4568 priore
401 4496 514 4569 legitur:
531 4497 614 4564 Orroei
626 4516 683 4554 uou
699 4505 811 4570 oportet
824 4502 995 4571 episcopum,
1010 4498 1106 4570 fratri
1120 4500 1163 4554 uel
1173 4500 1233 4569 filio
1246 4501 1288 4555 uei
1300 4501 1387 4554 celleri
1398 4508 1523 4571 coprrutu

255 4583 477 4651 gratificantem,
491 4584 531 4636 ud
544 4586 740 4654 episcopatum
756 4601 838 4656 quem
855 4586 913 4640 uult
928 4586 1043 4656 elr'qere.
1081 4586 1275 4655 Episcopatus
1290 4587 1361 4639 euim
1377 4585 1524 4641 haeredes

254 4663 360 4735 feruere
368 4667 483 4736 justum
498 4684 555 4723 nore
571 4677 622 4733 est,
646 4685 681 4725 cu
697 4685 772 4742 quae
789 4671 843 4725 Dei
857 4676 924 4724 steret
938 4670 1064 4725 braurone
1081 4671 1239 4741 suffectione
1259 4672 1444 4742 largientem:
1467 4688 1523 4726 nee

325 4830 349 4904 ¹)¹
363 4827 442 4891 Quod
460 4828 533 4881 idem
552 4830 733 4883 clarissimum
751 4831 891 4885 :trruulium
911 4834 1054 4901 patrantem
1074 4830 1220 4885 Burouium
1245 4831 1348 4896 iacere,
1371 4830 1416 4884 hic
1435 4832 1521 4885 seruel

257 4911 395 4963 monuisse
414 4897 545 4961 subiciat-3
565 4900 634 4951 eorus.
655 4917 739 4966 supra
758 4899 845 4953 Plures.
866 4901 986 4967 gerreral.
1008 4907 1050 4962 §i
1070 4919 1094 4952 u.
1106 4907 1136 4953 ij
