3204 5506
231 356 272 420 84
383 373 519 422 noman
542 371 695 420 11111111
718 373 754 419 m
777 372 962 421 nnnsrusn
983 373 1009 419 11
1033 372 1223 421 urrsronns
1246 362 1353 420 3-5.

177 550 182 560 ·
230 537 370 591 dirastasIo
386 535 418 591 ad
434 534 582 592 Ursicinum
598 534 711 590 similem
728 535 766 596 ei,
789 551 868 608 quam
884 533 917 590 ad
933 533 1105 589 Laurentium
1121 535 1206 597 misit,
1223 534 1303 589 simul
1319 553 1337 590 o
1352 537 1429 606 pari
1443 535 1510 590 mis·

229 637 285 675 sam
301 638 361 676 esse
383 621 480 676 indicio
497 628 547 677 est.
577 622 614 675 Ac
635 636 698 675 vero
713 618 863 675 Ursicinum
884 619 1024 693 quemdam
1047 619 1190 675 Dardaniae
1211 621 1369 694 episcopum
1391 627 1510 694 aposto·

228 704 294 760 liceo
312 706 368 761 sedi
385 714 479 762 notum
495 715 522 761 et
538 705 673 761 addictum
690 705 782 769 luisse,
807 703 905 759 Gelasii
922 704 1051 778 epistolae
1068 705 1086 761 7
1102 714 1130 760 11
1147 705 1184 760 11
1202 703 1281 759 iidem
1298 705 1412 761 iaciunt.
1435 704 1510 762 llinc

228 799 256 845 et
272 793 382 864 quaein
399 790 510 847 exordio
527 807 575 846 seu
591 793 618 845 in
634 789 687 847 ime
702 789 832 864 epistolae
848 787 929 860 hujus
940 787 1085 846 laurentio
1098 790 1270 864 peculiariter
1281 790 1352 846 dicta
1364 790 1507 854 videntur.

228 876 278 948 ipsi
294 892 354 931 cum
370 875 492 931 Ursicino
508 878 658 932 communia
675 875 758 931 inisse
774 874 839 929 nilril
855 882 999 949 repugnat.
1031 874 1111 930 Certe
1128 873 1189 931 fidei
1204 873 1415 938 consessionem,
1433 892 1508 950 quae

227 961 357 1033 epistolae
374 962 435 1017 lmic
451 963 550 1017 inserta
566 972 622 1026 cst,
639 978 733 1017 recens
748 968 854 1015 creatus
870 959 992 1033 pontifex
1007 961 1087 1015 etiam
1102 960 1133 1015 ad
1151 961 1293 1034 episcopos
1309 960 1375 1017 allos
1393 962 1507 1017 misisse

226 1062 255 1101 se
277 1045 385 1101 indicat.
422 1047 493 1101 Hanc
515 1055 604 1102 antem
625 1045 658 1101 ad
674 1045 824 1101 Ursicinum
845 1044 876 1100 ab
892 1047 1048 1102 Anastasio
1059 1063 1142 1117 popu
1159 1047 1289 1103 Romano
1304 1048 1414 1101 missam
1430 1063 1505 1110 esse.

226 1138 331 1186 veteres
347 1130 454 1188 codices
466 1131 521 1202 jam
537 1131 663 1206 appellati
679 1131 835 1187 testimonio
851 1139 925 1185 sunt.
948 1129 1019 1205 Urgo
1036 1130 1105 1185 idem
1122 1132 1179 1206 ipse
1191 1133 1355 1192 Anastasius.
1372 1133 1421 1205 qui
1438 1130 1506 1187 fidei

225 1215 425 1272 confessionem
441 1216 473 1272 ad
488 1216 639 1272 Ursicinum
655 1217 742 1278 misit,
759 1224 786 1270 et
801 1215 869 1271 hauc
885 1216 1026 1290 epistolam
1042 1217 1283 1273 adhaerentium
1297 1216 1505 1290 lignidensenr

225 1302 366 1374 scripsisse
381 1301 510 1357 dicendus
529 1310 581 1357 est.

310 1388 338 1442 5.
370 1386 462 1461 Neque
483 1389 571 1460 ignoti
592 1388 706 1442 nominis
728 1395 771 1442 est
793 1387 815 1441 is
830 1385 1002 1460 Lignidensis
1018 1388 1172 1461 episcopus.
1209 1385 1275 1443 Eum
1297 1389 1398 1462 quippe
1421 1387 1503 1445 Nice·

224 1472 327 1546 pliorus
344 1474 414 1527 inter
430 1471 598 1528 orthodoxos
613 1472 712 1547 lllyrici
727 1473 884 1546 episcopos,
900 1488 969 1545 quos
983 1473 1138 1528 Anastasius
1154 1475 1295 1547 Angustus
1311 1474 1425 1536 vexavit,
1443 1475 1504 1548 pri·

225 1574 297 1611 111111
313 1557 439 1630 appellat.
470 1556 585 1612 Additur
600 1565 627 1612 et
643 1559 669 1612 in
686 1556 830 1612 Marcellini
846 1556 974 1612 chronico
990 1557 1022 1613 ad
1039 1575 1137 1614 anunm
1154 1558 1224 1622 516,
1241 1557 1364 1614 eumdem
1381 1559 1503 1634 impera·

225 1649 310 1698 torem
334 1645 367 1698 ob
388 1650 490 1699 metum
510 1643 675 1715 Illyriciani
694 1645 788 1699 militis
814 1643 970 1698 orthodoxi
993 1646 1192 1699 turnreltucntis
1217 1646 1360 1716 externplo
1387 1648 1504 1701 reverti

225 1730 377 1784 mundasse
389 1730 429 1784 od
442 1745 512 1784 suae
528 1731 668 1784 ecclesias
680 1729 864 1784 Domnionem
880 1734 908 1783 et
920 1728 1097 1802 Eutrapelum
1112 1733 1270 1802 episcopos,
1288 1735 1400 1786 retento
1416 1731 1504 1802 opud

224 1828 255 1868 se
270 1813 426 1870 Lurrrentio
441 1817 560 1887 insignis
572 1816 693 1870 niominis
706 1814 848 1869 colbolico
859 1814 1019 1883 sacerdote,
1038 1816 1500 1887 11111111ιὶ1ὺεὶ1111111111111111

224 1899 260 1953 ab
276 1914 308 1954 eo
324 1901 477 1955 domnolus
492 1905 576 1955 esset.
593 1930 634 1939 —
657 1897 775 1972 lienique
795 1897 828 1953 ad
849 1906 955 1972 tempus
976 1898 1050 1973 quod
1072 1900 1182 1962 attinet,
1208 1900 1277 1955 banc
1297 1899 1443 1973 epistolam
1466 1899 1500 1956 alr

224 1986 363 2040 Anastasio
380 2002 434 2041 non
449 1984 532 2058 louge
548 1992 612 2058 post
627 1983 735 2039 exordia
751 1982 893 2039 sacerdotii
908 1985 959 2046 sni,
975 1992 1002 2039 et
1018 1993 1161 2058 antequam
1177 1984 1209 2040 ad
1224 1986 1311 2059 ipsum
1323 1987 1500 2059 pervenisset

223 2069 343 2124 Andreae
360 2069 607 2127 Thessalonicensis
623 2070 742 2142 episcopi
757 2069 872 2142 legatio,
888 2070 1014 2142 scriptam
1031 2086 1090 2124 esse
1106 2068 1202 2143 liquet.

130 2157 208 2228 [Ed]
308 2156 336 2212 6.
365 2155 411 2210 llis
426 2156 511 2228 igitur
526 2154 676 2212 Constantii
692 2155 779 2209 nostri
795 2155 975 2228 argumentis,
998 2163 1027 2209 ot
1049 2153 1100 2224 iam
1121 2171 1202 2228 snpra
1224 2155 1392 2217 monuimus.
1415 2173 1499 2231 prae-

223 2241 315 2314 primis
332 2240 428 2296 Gelasii
444 2240 606 2313 epistolae?
623 2239 782 2313 sudrogium
798 2238 909 2294 accedit.
929 2238 958 2294 ln
974 2256 1025 2313 qua
1041 2255 1125 2313 quum
1140 2238 1174 2294 ad
1189 2241 1331 2315 episcopos
1347 2240 1499 2299 dardaniae

222 2333 249 2380 ct
266 2332 414 2398 contiguos
429 2342 560 2399 purosque
570 2328 743 2398 provincius
764 2327 929 2397 uicinosque
945 2329 1098 2397 pontifices
1117 2326 1233 2398 primum
1254 2327 1429 2400 episcopatus
1452 2328 1497 2384 sui

221 2410 330 2465 exordia
345 2412 473 2466 indicaret
489 2419 516 2467 et
532 2418 626 2468 contra
637 2410 867 2465 schismaticorum
885 2409 1038 2464 molimenta
1051 2413 1180 2466 ueritatis
1190 2397 1498 2469 instructibnestraus·

221 2496 355 2560 mitteret,
377 2503 464 2551 status
486 2497 661 2553 ecclesiarum
682 2494 754 2550 illins
769 2495 890 2568 regionis
906 2493 988 2569 longe
1004 2495 1071 2550 alius
1086 2503 1210 2569 apparet,
1233 2512 1312 2569 quam
1334 2498 1381 2570 qui
1396 2505 1496 2554 nostra

220 2580 335 2652 epistola
351 2580 439 2636 datur.
470 2580 545 2637 Unde
560 2579 625 2636 nibil
641 2580 759 2635 cunctati
775 2580 822 2634 viri
839 2576 1020 2651 probatissimi
1036 2581 1149 2654 vestigia
1164 2582 1259 2643 secuti,
1281 2581 1401 2638 eamdem
1419 2582 1498 2641 iuter

220 2657 353 2720 danistasii
368 2665 496 2739 epistolas
512 2668 666 2739 posuimus,
689 2681 738 2738 pro
759 2663 867 2719 vitando
889 2681 981 2720 errore
1002 2672 1091 2721 tamen
1107 2666 1186 2721 etiam
1201 2664 1251 2721 snb
1268 2664 1365 2723 Gelasii
1381 2670 1496 2725 nominc

219 2749 333 2806 iudicem
355 2749 494 2807 addentes.
540 2751 591 2806 Alii
610 2752 658 2805 viri
680 2749 767 2812 docti,
789 2750 861 2805 inter
881 2766 950 2822 quos
971 2749 1106 2806 Ballerinii
1127 2749 1161 2806 de
1182 2752 1283 2824 antiqu.
1300 2751 1365 2807 coll.
1383 2769 1445 2809 can.
1463 2752 1495 2818 ll.

222 2834 256 2888 11
276 2835 329 2907 33,
347 2837 403 2891 rice
418 2853 494 2891 versa
510 2854 565 2893 non
581 2835 669 2891 solum
686 2833 827 2909 epistolam
843 2835 912 2890 hauc
933 2834 980 2890 sed
996 2837 1075 2890 etiam
1092 2836 1142 2891 tria
1157 2835 1201 2892 illa
1229 2835 1381 2911 fragmenta
1396 2838 1432 2894 ad
1444 2837 1496 2894 Ur·

218 2920 332 2976 ricinum
347 2922 476 2995 insignita
492 2921 523 2977 ad
540 2921 938 2984 (111111111111111111111111,
962 2923 1112 2977 Anastasii
1130 2922 1335 2996 inscriptionem
1357 2921 1420 2980 ialsi
1442 2941 1495 2998 po·

217 3005 360 3062 stulantes.

327 3149 331 3156 ’
420 3169 458 3230 1n
479 3167 638 3229 1111111
651 3167 684 3228 11
706 3165 867 3244 opaeum
887 3164 909 3223 4
931 3161 1284 3248 (1191111111).

154 3283 206 3354 [8³]
304 3288 375 3346 llaec
391 3290 540 3365 fragmenta
556 3307 588 3345 eo
605 3289 699 3346 ordine
714 3297 963 3363 repraesentamus,
986 3305 1041 3362 quo
1062 3290 1089 3344 in
1105 3306 1168 3345 mss.
1185 3287 1340 3359 corbeiensi
1356 3299 1384 3347 et
1399 3291 1494 3353 liello·

220 3377 333 3439 rocensi,
351 3393 382 3431 ex
399 3375 497 3450 quibus
513 3375 665 3449 Stephanus
681 3373 804 3429 baluzius
820 3391 882 3429 nov.
897 3373 1491 3449 1111111111.1111145711111111111111111,

218 3478 337 3516 11111111
361 3463 386 3517 in
407 3460 565 3535 llemigiano
586 3459 756 3516 exhibentur.
793 3458 895 3514 Horum
916 3461 1030 3531 primum
1051 3461 1074 3515 si
1094 3467 1276 3535 postponatur
1295 3461 1436 3528 secundo,
1459 3482 1491 3523 ea

218 3547 336 3608 omnino.
353 3562 421 3619 quae
433 3548 459 3601 in
473 3545 587 3619 epistola
600 3545 733 3618 superiori
745 3542 777 3598 ab
789 3545 866 3599 initio
878 3544 931 3600 o.2
943 3544 975 3599 ad
989 3542 1068 3599 verba
1078 3555 1202 3618 propter
1213 3547 1390 3619 ineffabilem
1402 3566 1491 3609 sum

217 3633 417 3704 benignitatem
433 3629 579 3692 habentur.
601 3647 635 3685 ne
657 3647 709 3685 nna
731 3627 838 3703 quidem
855 3637 955 3684 mutata
970 3647 1035 3686 noce
1050 3631 1077 3685 in
1093 3630 1145 3688 boc
1160 3631 1273 3705 repetita
1288 3630 1373 3689 luisse
1388 3632 1491 3710 depre-

217 3715 375 3772 hendemus.
406 3716 460 3771 Nec
475 3716 542 3770 alius
558 3715 664 3770 videtur
678 3716 701 3771 is
722 3715 871 3770 Ursicinus
886 3713 918 3768 ab
934 3731 966 3770 eo
982 3714 1103 3772 Ursicino
1119 3718 1256 3791 episcopo,
1272 3733 1419 3791 perquem
1437 3720 1490 3778 Ge·

215 3800 298 3857 lasius
314 3801 456 3877 epistolam
471 3818 546 3856 suam
563 3801 579 3857 7
597 3801 629 3855 ad
645 3799 780 3855 Uardanus
797 3799 913 3873 dirigere
929 3817 958 3855 se
974 3799 1109 3875 significat
1123 3801 1204 3875 (epi
1221 3820 1249 3857 n.
1259 3799 1296 3874 1),
1313 3804 1417 3877 quique
1429 3807 1489 3880 cpi·

215 3887 301 3943 stolae
311 3887 346 3942 11
364 3886 395 3941 ad
412 3885 536 3943 eumdem
547 3885 680 3941 Gelasium
696 3901 748 3941 uua
763 3902 823 3941 cnm
838 3884 896 3941 aliis
908 3884 1050 3941 Uardaniac
1066 3887 1200 3961 episcopis
1216 3885 1344 3943 mendose
1360 3888 1490 3949 Ursinus

214 3971 383 4046 subscriptus
398 3971 509 4047 legitur.

396 4133 434 4194 In
455 4130 613 4192 humuli
627 4111 668 4192 11'
682 4129 846 4208 epistolum
866 4129 885 4189 b
907 4127 1030 4211 (Licere.
1038 4138 1164 4206 operris.
1181 4125 1293 4212 diem).
1338 4162 1342 4172 ·

121 4253 199 4324 [Ed]
297 4253 427 4311 liaronius
448 4254 520 4309 hunc
542 4252 662 4310 libellum
683 4255 710 4309 in
732 4253 858 4309 Vaticano
879 4251 971 4309 codice
992 4253 1119 4309 latentem
1145 4263 1239 4310 nactus
1260 4253 1373 4325 digitum
1394 4256 1485 4324 duxit,

214 4356 293 4413 quem
316 4338 455 4396 annalibus
471 4341 527 4394 suis
544 4347 631 4394 totum
647 4346 674 4394 et
689 4341 826 4412 integrum
842 4340 974 4393 insereret
990 4337 1130 4410 (111497
1147 4339 1243 4412 nli).
1274 4337 1375 4397 Exinde
1390 4347 1485 4402 conci-

212 4424 308 4480 liorum
325 4425 443 4481 editores
459 4426 592 4480 Arrastasii
608 4425 694 4479 nostri
710 4421 834 4497 epistolis
850 4440 910 4478 eum
927 4422 1036 4498 adjungi
1052 4435 1222 4481 curaverunt.
1258 4424 1287 4480 lu
1301 4431 1486 4499 praestantia·

211 4510 279 4564 simo
287 4508 513 4571 1111111114961,
531 4509 575 4565 ubi
591 4508 661 4564 idem
677 4508 825 4582 protertur,
843 4509 909 4563 haec
923 4508 1078 4580 majusculis
1086 4509 1183 4566 litteris
1191 4510 1222 4566 ad
1230 4509 1329 4566 calcem
1341 4511 1484 4589 adsumpta

212 4601 341 4649 notantur
362 4594 421 4664 (iol.
432 4593 495 4667 63);
518 4596 673 4667 dionysius
689 4595 821 4667 11111111
836 4594 946 4649 Romae
960 4596 995 4652 de
1012 4596 1125 4652 Gracco
1141 4598 1277 4653 conuerti.
1309 4594 1383 4663 Quae
1400 4599 1484 4658 rerba

212 4677 303 4734 Binins
325 4679 388 4735 coll.
405 4696 481 4736 conc.
498 4680 533 4743 V,
555 4679 718 4737 4131111
740 4695 879 4753 perperam
901 4677 933 4733 ad
955 4696 1072 4753 sequens
1094 4682 1258 4754 Exemplar
1275 4689 1425 4754 gestorum
1445 4688 1484 4744 de

211 4765 389 4821 absolutione
405 4766 510 4821 Miseni
525 4764 703 4824 transferens.
724 4764 826 4838 largam
849 4773 878 4819 ut
898 4781 949 4819 sno
971 4764 1032 4821 loco
1049 4765 1161 4822 vidimus
1177 4766 1234 4822 allis
1249 4765 1283 4821 de
1298 4767 1483 4844 inscriptione

210 4850 291 4920 lrujus
313 4850 468 4906 documenti
489 4867 578 4906 ansani
599 4848 705 4906 errandi
725 4848 857 4923 praebuit.
901 4849 985 4905 Porro
1007 4851 1207 4909 llarrsiuseoll.
1226 4868 1303 4908 conc.
1322 4852 1392 4918 Vlll,
1419 4857 1482 4916 194

106 4960 110 4967 ·
209 4934 292 4991 libelli
315 4937 401 4995 nostri
422 4937 625 5010 inscriptionem
646 4951 677 4990 en
694 4936 835 4991 Aureliane
856 4937 953 5009 partim
969 4938 1100 5000 correxit,
1122 4937 1169 4992 sed
1190 4936 1282 5012 plures
1302 4935 1404 4997 ibidem
1426 4942 1484 5002 loci
