3224 5506
674 117 855 167 nmsrom,
871 109 937 166 26„
1369 100 1436 173 405

214 304 236 366 -j
255 273 297 341 9.,
306 271 466 341 Ponamus
477 275 598 354 minen,
614 272 741 361 morosi
755 272 844 359 nulla
853 275 992 356 synodus
1006 276 1250 361 praecessisset,
1256 274 1346 362 cujus
1358 278 1433 363 apo·¹
1446 306 1471 343 a
1481 295 1540 343 495:

89 430 91 439 .
165 378 284 445 stoliea
296 375 385 443 sedes
396 377 484 439 reete
495 375 586 440 fieret
597 375 787 459 exsecutrix,
804 398 876 440 eum
891 376 1005 459 quibus
1021 380 1090 442 erat
1105 378 1144 441 de
1159 379 1279 443 Acacio
1294 381 1434 463 synodus

168 476 329 546 ineunda?
354 475 517 560 Numquid
540 500 612 541 cum
633 477 694 561 his,
717 478 770 561 qui
790 477 858 561 jam
880 478 1069 561 participes.
1084 481 1280 544 tenebantur
1300 482 1433 566 neseio,

172 587 203 648 et
220 601 282 671 par
301 578 465 647 Orientem
486 583 590 644 totum
613 578 778 644 catholicis
801 579 1018 643 sarcerdolibus
1034 580 1189 645 uiolenter
1211 583 1433 668 exclusisper-

172 706 240 768 que
255 681 356 746 exsilia
370 679 497 746 diversa
511 681 674 768 relegatis,
699 682 776 746 socii
800 682 965 746 evidenter
980 683 1179 748 exsistebant
1202 686 1432 768 communionis

172 787 326 866 externae,
350 783 440 868 prius
462 804 496 848 se
519 783 661 849 adhaec
684 785 845 849 consortia
867 784 1111 869 trarrsferentes,
1134 809 1231 871 qnam
1252 788 1335 851 sedis
1358 812 1432 873 apo-

170 886 299 951 stolicae
317 885 399 952 scita
422 885 650 950 consulerent?
678 884 757 952 Cum
779 887 893 970 quibus
916 874 993 972 ergo
1016 891 1085 951 erat
1107 890 1246 972 synodus
1268 890 1432 960 ineunda?

169 987 323 1056 Catholici
349 988 520 1072 pontifices
547 989 679 1053 fuerant
699 989 840 1073 undique
858 989 928 1072 jam
956 989 1095 1072 depulsi,
1124 990 1245 1074 solique
1273 1013 1432 1064 remanse-

167 1093 254 1155 rant
269 1089 337 1154 socii
359 1089 563 1174 perfidorum,
594 1112 665 1154 cum
693 1090 807 1174 quibus
830 1090 900 1174 jam
928 1113 987 1155 nec
1010 1092 1128 1156 licebat
1154 1092 1272 1157 habere
1296 1117 1431 1159 eonven-

166 1191 344 1276 tum3quia
366 1193 464 1277 moris
486 1192 695 1257 ecelesiastici
717 1193 847 1257 omnino
869 1216 935 1257 uon
958 1197 1050 1278 esset,
1075 1216 1146 1258 cum
1168 1195 1228 1273 hia,
1255 1196 1308 1279 qui
1331 1197 1432 1279 pollo*

166 1297 248 1359 tam
273 1294 521 1360 communionem
557 1297 707 1359 tenerent
743 1296 995 1380 permixtamque
1033 1318 1104 1360 eum
1143 1296 1292 1380 perfidis,
1332 1297 1433 1361 ullum

167 1394 300 1462 miseere
321 1396 501 1480 concilium,
532 1396 691 1481 propheta
713 1419 836 1481 quoque
859 1397 1001 1461 dicente:
1025 1403 1094 1463 Non
1116 1405 1182 1463 sedi
1203 1399 1281 1475 mil)
1304 1407 1433 1464 concilio

167 1504 308 1563 vanitatis
333 1509 363 1564 et
390 1521 459 1564 cnm
480 1505 586 1579 inique
607 1505 779 1578 perentibus
807 1521 866 1563 non
890 1505 1028 1577 introibo,
1060 1506 1143 1565 odivi
1166 1509 1431 1580 conmemtionem

168 1606 362 1678 mathomum
389 1613 419 1666 et
445 1623 512 1667 enm
540 1608 639 1681 impiis
667 1623 727 1665 non
755 1607 872 1666 sedebo.
918 1600 1019 1665 Recte
1047 1602 1147 1685 igitur
1175 1624 1233 1685 per
1259 1603 1431 1668 Calchedo-

170 1702 278 1766 nensis
300 1702 412 1787 synodi
439 1703 576 1767 sormam
603 1702 785 1787 hujusmodi
818 1703 1051 1787 praevaricatio
1079 1704 1207 1787 repulsa
1236 1709 1285 1768 est
1312 1707 1429 1788 potius,

173 1820 266 1879 quam
283 1806 318 1869 od
341 1804 523 1888 concilium,
546 1805 630 1889 quod
652 1826 712 1868 nee
735 1826 813 1888 opus
837 1809 905 1869 erat
927 1808 1000 1889 post
1024 1805 1162 1887 primam
1184 1806 1341 1889 synodum
1369 1829 1430 1872 neo

179 1919 250 1967 cum
265 1906 374 1971 talibus
396 1907 516 1971 habere
537 1906 666 1990 licebat,
691 1904 827 1970 adducta
856 1911 913 1970 est.
959 1905 1043 1970 Nam
1067 1907 1195 1991 etquid
1219 1912 1369 1991 ageretur
1390 1908 1438 1971 de·

183 1998 408 2092 tidemtholica,
432 2009 459 2072 si
474 2008 656 2094 intelligere
671 2007 856 2091 voluisseut,
880 2009 1031 2092 ignorare
1053 2031 1119 2073 non
1142 2012 1302 2092 poterant,
1332 2033 1434 2093 quum*

191 2102 309 2175 viderent
329 2109 504 2175 catholicos
519 2111 687 2195 pontifices
703 2110 792 2175 nulla
808 2111 921 2194 synodi
938 2110 1145 2194 discussione,
1169 2111 1257 2174 nullo
1282 2112 1428 2194 concilio,

198 2211 330 2296 Praecipue
357 2234 457 2297 quum
485 2233 584 2276 novas
612 2233 723 2278 causas
752 2235 820 2277 esse
849 2212 1094 2297 perpenderent,
1124 2217 1193 2276 toto
1222 2213 1354 2277 Oriente
1377 2214 1431 2277 ‹le-

202 2308 264 2395 pcli3
281 2318 309 2378 et
329 2314 428 2380 ceteri
450 2314 526 2400 quid
549 2318 707 2396 caverent,
732 2336 771 2378 ex
786 2314 913 2378 illonun
928 2315 1049 2378 discere
1065 2314 1220 2399 qualitate
1238 2315 1429 2397 potuissent.

201 2406 283 2480 tent
299 2417 408 2502 igitur,
437 2419 474 2480 ut
500 2416 586 2480 illius
595 2416 634 2501 83)
664 2416 766 2499 partis
789 2438 842 2480 eos
864 2416 963 2480 fuisse
992 2416 1035 2480 sit
1058 2416 1190 2498 clarum,
1221 2417 1272 2480 cui
1302 2438 1335 2479 se
1357 2419 1431 2498 post

199 2515 235 2577 m
249 2519 451 2603 experimenta
473 2517 644 2600 dederunt,
675 2518 850 2602 meritoque
874 2519 914 2581 ab
943 2518 1118 2602 apostolica
1146 2518 1219 2582 sede
1254 2517 1433 2601 ceterisque

195 2615 329 2686 catholicis
349 2643 417 2686 non
436 2621 506 2703 jam
528 2620 715 2685 consulendi
738 2624 831 2684 erant
852 2621 970 2703 potius,
995 2619 1049 2683 sed
1072 2621 1217 2684 notandi.

259 2723 301 2789 10.
331 2722 474 2788 Risimus
497 2725 615 2804 autem,
638 2722 722 2807 quod
744 2723 1001 2806 praerogativam
1024 2722 1136 2785 volunt
1157 2722 1278 2786 Aeaeio
1302 2744 1428 2804 eompa-

182 2823 248 2907 τιή,
273 2825 342 2909 quia
363 2825 533 2910 episeopus
560 2823 660 2889 fuerit
685 2825 794 2909 regiae
818 2824 968 2888 civitatis.
1014 2823 1176 2907 Nmnquid
1206 2824 1290 2906 apud
1311 2822 1430 2886 Medio-

177 2929 286 3008 lanum,
308 2926 389 3011 apud
413 2924 615 3007 Ravennam,
645 2925 730 3008 apud
753 2924 913 3007 Sirmium,
944 2926 1028 3008 apud
1050 2926 1197 2989 'treviros
1219 2925 1329 2988 multis
1349 2929 1432 2988 tem·-

167 3027 294 3117 poribus
319 3049 384 3093 non
412 3025 560 3091 constitit
592 3026 790 3109 imperator?
833 3026 1121 3111 Numquidnamffl)
1154 3026 1269 3089 harum
1301 3025 1429 3090 urbium

163 3128 341 3199 sacerdotes
367 3129 453 3195 ultra
469 3150 662 3194 mensuram
689 3128 818 3192 sibimet
846 3128 1024 3212 antiquitus
1052 3128 1238 3212 deputatam
1265 3127 1429 3212 quidpiam

1450 1375 1549 1428 l'salm.

1444 1444 1568 1508 mmmm

226 3321 264 3388 ⁶¹)
280 3319 313 3383 Q‘
331 3337 384 3373 enm
400 3320 507 3372 oonsilio
526 3317 555 3370 et
572 3315 678 3369 omittit
695 3320 763 3371 odivi
780 3345 811 3354 -
824 3319 925 3368 sedebo.
956 3315 1020 3370 Mox
1039 3314 1109 3371 editi
1127 3321 1250 3371 viderant.
1282 3314 1429 3386 Sequimur

149 3403 252 3471 G1w.
964 3439 968 3445 ὁ

222 3490 263 3557 ⁸⁸)
279 3486 314 3552 Q¹
326 3486 360 3552 φ
376 3493 443 3541 iltius
461 3506 517 3541 esse
535 3485 578 3554 (Q1
592 3505 636 3541 eos
646 3488 738 3554 fusse)
756 3490 893 3540 haereseos
911 3491 943 3538 sit
962 3492 1064 3538 eternam.
1093 3485 1159 3538 Mox
1172 3484 1240 3539 editi
1253 3492 1428 3555 experimenta

141 3581 322 3637 dediderunt.
357 3571 544 3642 Theophanes
560 3588 625 3640 pag.
639 3576 693 3647 207,
707 3571 850 3636 observat,
869 3587 964 3624 omnes
981 3569 1043 3624 illos
1061 3569 1205 3640 episcopos
1224 3571 1361 3640 dignitate
1380 3588 1429 3626 sua

139 3664 250 3722 motos
269 3674 331 3713 esse
348 3673 382 3712 eo
399 3654 513 3726 quidem
529 3655 659 3722 obtentu,
683 3655 757 3724 quod
778 3655 916 3724 tyrannis,
939 3654 986 3722 qui
1008 3654 1038 3708 in
1055 3654 1194 3710 Zenonem
1217 3656 1428 3722 rebellaverant,

136 3753 284 3809 favorem
303 3739 537 3810 eonbrlissentfid
554 3758 638 3812 porro
657 3743 709 3807 est,
729 3740 803 3808 quod
816 3739 941 3796 Gelasius
959 3760 1037 3794 novus
1055 3760 1145 3793 comos
1164 3741 1240 3796 nulla
1258 3741 1363 3810 synodo
1381 3758 1429 3794 an-

134 3830 306 3892 tecedente
324 3826 461 3882 discum
477 3828 582 3895 vocat),
600 3842 630 3880 re
643 3827 737 3881 autem
754 3843 832 3892 vera,
852 3825 927 3894 quod
944 3823 1109 3880 Henetieum
1121 3825 1289 3893 rejecissent.
1320 3824 1428 3879 Critob·
1460 3817 1464 3824 ’

134 3913 311 3978 narrationi
333 3911 429 3967 statim
451 3911 594 3982 adjungit:
625 3914 719 3966 Petrus
742 3923 823 3966 nutem
847 3916 920 3969 Fullo
938 3916 1098 3967 Antiochiam
1121 3918 1262 3980 inpressas,
1286 3915 1362 3963 metita
1384 3928 1426 3962 ne·

130 4009 235 4079 [aaa
260 4003 437 4074 perpetrarit,
452 4010 487 4057 ,ut
506 4009 570 4067 puta
587 4002 680 4067 synodi
697 3994 950 4065 (Calchedonemis)
969 4001 1175 4057 exsecrationes,
1194 4001 1369 4063 episcoporum
1381 3997 1425 4046 ab·

132 4091 320 4162 mqadones,
339 4088 475 4148 nociormn
491 4089 657 4146 intrusiones,
676 4089 852 4137 ordinationes
869 4088 1011 4151 iiiepr’tinras
1029 4093 1055 4135 et
1072 4085 1112 4135 iria
1128 4085 1227 4134 sirnitin.

214 4174 256 4240 ⁸⁴)
275 4169 313 4236 Q*
326 4168 362 4234 0²
380 4172 507 4238 Numquid
520 4173 579 4236 jam
596 4173 691 4223 taram.
720 4167 764 4223 Ab
782 4166 940 4228 Alexmdro
958 4165 1132 4220 Antiocheno
1151 4164 1275 4220 anhstite
1293 4163 1428 4220 iunocen-

130 4265 198 4320 tiufl
221 4256 297 4311 olim
317 4252 472 4320 consulam,
489 4253 583 4307 utrum
601 4252 695 4307 divisis
713 4259 839 4322 irnperinti
855 4258 957 4320 jndicio
975 4256 1125 4322 prouinciis,
1148 4263 1174 4303 nt
1193 4256 1257 4305 dune
1275 4256 1428 4318 metropoles

93 4389 104 4398 .,
125 4358 223 4421 μα,
244 4348 288 4398 sic
308 4345 361 4395 mco
372 4343 562 4407 metropolitani
578 4345 693 4408 episcopi
709 4343 818 4394 debeant
831 4345 966 4401 noziaeirmri,
986 4336 1130 4405 respondit
1143 4335 1221 4406 epist.
1236 4341 1306 4389 2411.
1321 4341 1349 4388 2:
1370 4340 1427 4389 Non

129 4453 198 4491 esse
213 4450 231 4485 e
241 4447 274 4483 re
288 4430 372 4480 chum
383 4433 431 4486 est,
450 4429 484 4480 ad
500 4428 659 4479 mobilitatem
677 4431 852 4479 necessitatum
869 4429 1050 4477 mundanarum
1064 4427 1112 4476 Dei
1125 4426 1265 4475 Ecclesium
1282 4426 1429 4476 commutari

127 4527 316 4584 moresque
334 4520 383 4564 aut
400 4513 534 4564 suidones
548 4515 654 4579 perpeti
671 4522 717 4565 etc.
747 4509 819 4563 Huic
837 4509 963 4576 decreto,
982 4507 1057 4578 quod
1075 4507 1161 4562 etiam
1173 4523 1283 4561 omnem
1300 4506 1329 4560 in
1342 4506 1427 4562 eoele-

127 4599 268 4662 dastieis
287 4593 443 4653 ordinibus
459 4594 701 4651 commutationem
720 4596 779 4649 solo
796 4613 888 4650 rerum
902 4591 1085 4649 saccularium
1102 4593 1204 4647 intuitu
1217 4591 1345 4657 excludit,
1364 4609 1426 4646 cou-

127 4690 304 4747 sentaneus
324 4679 373 4735 eat
393 4677 619 4736 Calchedonensis
637 4698 696 4735 ean.
712 4687 750 4734 12.
852 4733 855 4736 .
