3224 5506
676 338 848 387 semrom
872 330 901 388 3.
995 327 998 332 “
1364 327 1425 393 135

238 493 272 559 8.
309 492 427 569 Quibus
443 492 583 578 undique
607 492 705 557 versis
729 494 958 579 congruentius
973 495 1118 559 restabat
1132 495 1263 581 inquiri,
1288 496 1315 561 si
1330 498 1532 563 lanceatur.

111 595 382 678 dinumeratio,
419 603 501 680 quae
533 595 583 660 die
612 597 725 680 quarta
754 595 920 660 existentis
948 597 1059 661 mundi
1094 597 1114 662 i.
1139 621 1166 664 e.
1205 598 1235 664 V
1263 599 1425 665 Kalendas

128 699 278 791 Aprilis
298 697 409 782 plena,
440 699 472 763 h.
490 720 517 763 e.
542 697 636 781 XIV,
661 698 796 782 jubente
806 699 844 785 ¹⁹)
868 703 1009 763 creatore
1037 700 1071 764 in
1093 701 1298 765 inchoatione
1320 703 1425 767 noetis

140 806 267 873 exorto
287 802 344 882 est,
373 799 446 884 pari
474 799 547 885 lege
576 801 751 866 transactis
779 801 1062 886 praesentibusque
1091 803 1287 887 temporibus
1315 825 1424 869 conso-

155 906 263 974 naret.
309 900 411 977 Quam
446 905 497 967 tot
523 903 659 968 saeculis
688 905 921 987 computatam,
960 906 992 968 et
1019 903 1181 969 Kalendas
1189 905 1229 992 ²⁰)
1252 906 1424 972 Ianuarias

165 1011 211 1076 Ill
238 1004 312 1070 feria
338 1004 416 1070 luna
441 1003 595 1088 XXVIII,
624 1004 788 1070 Kalendas
817 1005 939 1089 Aprilis
966 1005 1048 1070 feria
1076 1006 1108 1070 ll
1136 1006 1213 1072 luna
1241 1008 1319 1073 XIV
1343 1009 1422 1075 Con-
1436 1018 1562 1075 110457.

180 1106 299 1177 stantino
320 1110 353 1171 et
373 1106 462 1173 Rufo
484 1102 666 1172 consulibus
689 1107 907 1191 perseveranti
930 1107 1054 1172 ratione
1069 1110 1264 1193 provenisse,
1283 1132 1423 1196 comper-

190 1219 239 1278 tum
253 1211 295 1274 ast
311 1209 406 1293 juxta
427 1210 626 1295 Aegyptiam
649 1209 868 1294 disciplinam:
901 1232 964 1293 qua
989 1211 1227 1276 evidentissime
1250 1213 1424 1296 deprehen-

195 1336 242 1379 sum
253 1314 301 1394 est,
323 1312 407 1396 quod
430 1311 508 1376 XIX
524 1333 683 1376 annorum
698 1316 847 1396 porrecta
864 1312 1040 1395 curriculis,
1064 1312 1098 1376 in
1114 1315 1286 1397 semetipsa
1300 1337 1425 1399 semper

198 1416 274 1481 iisdem
296 1413 438 1500 vestigiis
466 1436 500 1479 se
522 1413 699 1498 revolvens,
728 1436 860 1498 annum,
897 1435 990 1499 quem
1017 1415 1208 1500 vigesimum
1230 1416 1423 1501 inchoat²¹),

199 1520 256 1583 lune
275 1516 412 1582 eumdem
441 1505 594 1581 metiatur
624 1519 656 1581 et
684 1517 832 1601 primum.
877 1516 981 1592 Quum
1008 1517 1118 1600 itaque
1146 1517 1227 1582 nihil
1255 1519 1425 1583 resedisset

202 1619 311 1705 ambigui,
339 1618 452 1684 diebus
474 1618 558 1684 lunis
581 1620 678 1703 atque
701 1619 849 1684 bissextis
872 1619 947 1683 inde
970 1643 988 1683 a
1007 1621 1240 1695 ,constitutione
1262 1622 1425 1685 mundana

201 1722 224 1786 in
239 1724 356 1787 rosham
378 1743 478 1806 usque
500 1721 687 1806 progeniem
708 1721 848 1786 mirabili
871 1721 1057 1787 decursione
1073 1723 1292 1807 concordibus
1316 1745 1424 1788 ueces-

200 1824 282 1888 sariun
302 1823 377 1908 luit,
413 1823 592 1908 propter²²)
620 1845 715 1908 quam
749 1824 887 1888 maxime
919 1823 994 1888 huic
1022 1824 1220 1908 inquisilioni
1251 1825 1424 1916 secundum

199 1926 369 1991 venerationis
404 1928 480 1990 tuae
507 1925 695 1990 mandatum
721 1948 793 1990 mea
821 1925 997 1990 desudabat
1024 1925 1181 2010 intentio,
1210 1930 1246 1991 ut
1274 1928 1424 1992 instituta

200 2027 321 2112 paschalia
340 2030 559 2114 perscrutarer
586 2028 637 2092 vel
665 2028 750 2092 illius
776 2028 940 2113 temporis,
971 2050 1033 2112 quo
1060 2029 1286 2112 praeceptione
1315 2029 1468 2144 diuinaE
1506 2090 1524 2143 d

199 2130 358 2216 perllopaen
381 2154 402 2195 a
423 2130 498 2195 filiis
513 2130 613 2195 lsrael
636 2153 740 2216 agnus
763 2134 812 2195 est
833 2129 1015 2194 immolatus
1037 2131 1073 2194 in
1088 2131 1248 2215 Aegypto,
1275 2131 1323 2195 vel
1338 2132 1424 2196 illius
1444 2107 1504 2225 122³
1512 2134 1545 2212 s„

200 2235 338 2319 praecipue,
361 2255 425 2319 quo
447 2254 505 2318 pro
527 2233 746 2317 redemptione
767 2236 879 2306 nostra
902 2236 997 2317 atque
1012 2233 1115 2298 salute
1131 2234 1184 2297 ille
1198 2255 1291 2298 verus
1307 2255 1421 2318 agnus,

200 2334 264 2418 cujus
279 2336 370 2424 figura
391 2339 621 2422 praecesserat,
641 2341 761 2416 paseha
783 2345 917 2400 nostrum
940 2342 1108 2400 immolatus
1130 2347 1174 2400 cst
1196 2340 1342 2401 Christus.
1434 2328 1573 2395 ¹0⁰r·b⁷·

259 2438 281 2502 9.
314 2438 498 2525 Rursusque
525 2438 674 2504 omnibus
701 2438 795 2502 annis
827 2437 1024 2523 temporibus
1053 2438 1164 2502 diebus
1193 2461 1230 2503 ac
1257 2438 1335 2502 luna
1357 2462 1421 2503 ma-

200 2538 271 2623 rine,
297 2563 371 2626 quae
395 2541 491 2627 juxta
518 2540 682 2606 Hebraeos
708 2561 835 2604 menses
862 2540 957 2622 facit,
986 2541 1047 2604 n'te
1078 2541 1234 2624 decoram,
1265 2564 1285 2604 a
1311 2541 1422 2605 mundi

201 2640 315 2728 principio
339 2644 514 2709 secundum
543 2642 726 2728 praedictae
756 2641 907 2707 historiae
936 2643 1030 2706 fidem
1053 2642 1208 2726 usquein
1232 2643 1326 2726 diem,
1360 2665 1423 2727 quo

201 2740 241 2806 fibi
259 2743 338 2812 lsrael
369 2743 521 2832 paschale
552 2744 736 2830 mysterium
767 2744 895 2809 coelesti
927 2745 1096 2810 initiavere
1128 2745 1280 2810 mandato
1313 2749 1347 2810 et
1382 2747 1423 2810 ab

202 2843 321 2932 Aegyptia
340 2847 431 2915 clade
452 2847 530 2933 agni
552 2847 711 2941 occisione
737 2847 851 2912 salvati
874 2851 960 2930 sunt,
991 2846 1203 2911 bissextorum
1225 2847 1346 2931 pariter
1368 2871 1423 2912 ne·

202 2947 308 3015 cessitate
327 2951 522 3036 decursae),
551 2954 709 3034 quantum
731 2950 795 3014 fida
822 2950 1006 3034 supputatio
1036 2949 1208 3033 vestigavit
1215 2999 1224 3032 ,
1254 2950 1331 3013 anni
1359 2949 1422 3013 tria

202 3046 273 3115 millia
289 3051 501 3120 DCLXXXIX
524 3052 637 3136 quinta
659 3051 755 3136 feria,
779 3052 873 3136 Ixa)
892 3051 1055 3115 Kalendas
1072 3051 1210 3134 Aprilis,
1232 3052 1309 3115 luna
1331 3051 1421 3134 Xlll,

202 3147 332 3235 incipiente
348 3155 417 3240 jam
440 3176 581 3239 vespera,
605 3154 760 3219 docentur
782 3155 916 3239 impleti.
954 3153 1051 3238 Cujus
1073 3153 1219 3237 sequenti
1242 3153 1303 3234 die,
1328 3152 1423 3217 tertio

203 3249 326 3321 millesimo
339 3258 462 3324 scilicet
476 3279 561 3322 anno
575 3279 612 3325 ae
627 3256 858 3322 sexcentesimo
872 3256 1081 3342 nonagesimo
1095 3255 1297 3340 procedente,
1314 3275 1423 3318 mense

203 3351 277 3432 prino
293 3364 371 3425 sexta
392 3360 475 3425 feria
496 3358 576 3424 VIII
595 3358 757 3423 Kalendas
770 3358 891 3442 Aprilis
913 3358 991 3422 lima
1013 3358 1091 3422 XIV
1105 3358 1209 3422 noctis
1232 3357 1335 3439 initi0,
1359 3355 1423 3419 He-

203 3451 285 3521 braeos
310 3462 417 3527 claruit
452 3461 530 3547 agni
563 3461 755 3526 sacrificium
791 3459 963 3545 peregisse.
1010 3458 1134 3524 Pascha
1169 3460 1304 3543 quippe,
1339 3458 1424 3522 sicut

204 3559 267 3621 ⁰11111i
283 3563 358 3629 nodo
378 3562 553 3629 traditione
575 3562 789 3648 cognoscitur,
820 3562 897 3627 anni
926 3561 1087 3646 principio
1109 3584 1175 3628 nou
1197 3561 1262 3625 fine
1284 3560 1423 3626 celebra-

202 3711 291 3727 ,κὴ

202 3794 335 3863 &Allienum
344 3813 381 3858 erl
398 3823 455 3858 ease
468 3807 512 3856 XI
524 3805 658 3856 Kalendae
671 3805 772 3870 Apriles
783 3838 826 3863 ...‚
846 3811 872 3852 al
884 3803 916 3852 ab
928 3803 971 3854 XI
984 3804 1118 3854 Kalendas
1132 3804 1231 3867 Aprilis
1249 3805 1343 3853 initium
1356 3811 1423 3853 esset

200 3879 340 4030 53,er
356 3891 386 3957 (s.
405 3888 478 3957 Aug.
498 3886 549 3956 Op.
569 3886 641 3940 stud.
660 3885 786 3939 monach.
806 3903 826 3939 s.
846 3884 949 3939 Bened.
969 3883 1013 3939 ed.
1033 3885 1071 3938 111
1088 3883 1187 3939 Venet.
1206 3886 1274 3937 tom.
1287 3883 1359 3950 XVI,
1372 3888 1422 3938 386

254 4047 276 4114 ”l
290 4051 313 4106 [Π
327 4057 457 4129 principio
476 4056 578 4112 etenim
596 4055 671 4110 sacta
688 4056 755 4109 luna
771 4055 825 4109 fuit
842 4055 950 4111 decima
968 4056 1080 4122 quarta,
1100 4054 1166 4122 quia
1183 4058 1266 4108 cannia
1277 4060 1353 4122 plena
1365 4065 1423 4105 arent

197 4127 369 4290 55¹}ququ
380 4144 461 4200 vetus
483 4143 580 4197 auctor
606 4140 799 4209 quaestionum
826 4157 859 4195 cx
887 4142 1004 4208 utroque
1033 4140 1201 4230 testamento
1225 4154 1269 4204 qu.
1286 4142 1333 4192 106
1356 4137 1383 4203 (l.
1398 4154 1420 4190 c.

251 4233 424 4368 ”tssuchci’ius
445 4312 515 4367 haec
535 4311 577 4367 ita
599 4310 733 4381 disponit:
756 4315 909 4368 Katdanu.
923 4314 982 4368 III.
1000 4315 1092 4375 Faria,
1117 4313 1191 4363 huna
1211 4311 1270 4361 XX.
1289 4318 1314 4361 cl
1337 4309 1422 4362 VIII.

195 4376 246 4430 Μ·
260 4388 346 4464 Area,
363 4402 443 4453 raa
455 4400 497 4451 11.
517 4401 593 4451 aum
607 4400 679 4451 xrr

244 4464 600 4539 ruaaaaaaua.
796 4470 799 4475 ’

246 4547 271 4615 ⁸²)
285 4554 351 4623 Quae
366 4567 412 4623 hio
428 4566 558 4622 videntur
576 4567 758 4634 subobscura,
776 4567 861 4638 plana
879 4566 946 4621 fient
963 4566 1016 4619 hoe
1033 4564 1181 4619 verborum
1200 4562 1308 4617 ordine:
1332 4582 1418 4616 secan-

188 4628 370 4789 xlmam
384 4658 641 4718 veneramurque,
658 4663 769 4722 propter
787 4674 859 4724 qaam
876 4657 983 4706 runcinae
1001 4654 1056 4704 haic
1074 4653 1230 4719 inquaiuonr
1246 4653 1423 4703 rarescendo·
1449 4674 1453 4678 Δ

226 4796 265 4865 ‘''I
277 4809 331 4876 Alii
345 4777 469 4880 diesuna
497 4822 582 4878 Buch.

239 4881 332 4961 “ltlii
351 4912 427 4965 VIII
439 4913 574 4984 Kalendas
592 4909 672 4964 male.
703 4907 787 4964 Buch.
