3204 5506
228 331 292 397 400
706 346 733 392 s.
749 343 888 392 uunasn
911 342 1024 390 aaran

121 505 215 566 a.495.
227 504 358 586 propter
381 499 506 585 satis⁴⁵)
532 500 668 580 constat,
693 498 848 562 Acacium
870 497 994 561 nullum
1015 495 1165 560 habuisse
1189 494 1386 580 pontificium,
1405 516 1457 560 sen·

228 604 363 668 tentiam
393 602 477 666 sedis
505 601 700 685 apostolicae
734 602 805 664 sine
834 601 899 664 ulla
926 600 994 684 ejus
1016 598 1148 663 notione
1170 598 1323 662 solvendi.
1372 597 1457 663 Dicant
1499 624 1501 693 j

229 711 332 770 ecrte:
355 727 417 790 qua
441 704 562 788 synodo
584 702 652 767 hoc.
666 702 721 767 ille
743 703 968 787 praesumpsit,
993 701 1076 786 quod
1091 722 1151 765 nec
1169 699 1354 784 sicquidem
1373 701 1457 785 absque
1498 748 1501 791 :

229 807 404 893 apostolica
427 808 500 871 sede
522 807 571 870 fas
594 805 727 869 haberet
750 803 901 869 efficere?
938 802 1036 887 Cujus
1064 803 1147 866 sedis
1174 802 1361 888 episcopus?
1389 801 1457 886 cuju
1496 806 1501 861 i

227 910 492 994 metropolitanae
531 908 671 973 civitatis
708 906 867 971 antistes?
925 904 1042 970 Nonne
1078 905 1246 989 paroeciae
1282 903 1457 970 Heracliensis

228 1011 405 1077 ecclesiae?
456 1011 489 1076 Si
517 1010 565 1074 illi
595 1014 681 1074 certe
713 1009 805 1073 licuit
832 1009 901 1072 sine
929 1007 1050 1092 synodo
1077 1007 1274 1072 sententiam
1306 1006 1458 1092 apostolice

228 1115 311 1178 sedis
335 1115 523 1197 abrumpere
545 1114 634 1176 nulla
663 1112 730 1195 ejus
760 1111 994 1174 consultatione
1016 1110 1178 1194 quaesita,
1216 1109 1305 1174 itane
1332 1130 1395 1174 vero
1415 1129 1458 1173 non

229 1216 321 1281 licuit
342 1217 464 1299 primae
487 1216 565 1297 sedi,
590 1213 860 1279 Calchedonensis
882 1212 993 1297 synodi
1019 1213 1195 1277 constituta
1218 1213 1302 1276 sicut
1318 1211 1410 1276 decuit
1424 1231 1458 1274 ex·

228 1318 385 1402 sequenti,
409 1317 591 1402 hujusmodi
613 1317 901 1400 praevaricatorem
923 1338 981 1379 sua
1004 1314 1195 1379 auctoritate
1210 1313 1391 1378 detrudere?
1418 1310 1459 1378 Sel

228 1443 288 1485 nec
310 1421 365 1484 illa
388 1421 608 1504 praeterimus,
633 1419 716 1503 quod
739 1418 913 1502 apostolica
929 1417 1019 1482 sedes
1033 1418 1228 1502 frequenter,
1253 1421 1290 1481 ut
1303 1416 1458 1497 dictumest,

228 1545 315 1586 more
343 1524 500 1606 majomm
528 1523 626 1596 ctiam
653 1522 722 1585 sine
751 1521 816 1585 ulla
844 1520 965 1605 synodo
993 1520 1205 1604 praecedente
1240 1523 1273 1584 et
1301 1515 1458 1599 absolventi,

228 1648 306 1709 quos
322 1625 460 1709 synodus
476 1626 583 1709 inique
599 1624 817 1706 damnaverat,
832 1626 864 1686 et
879 1623 1053 1687 damnandi
1068 1622 1159 1687 nulla
1174 1623 1348 1687 exsistente
1361 1618 1459 1706 synodo>

229 1749 306 1811 quos
329 1728 479 1811 oportuit,
504 1727 652 1790 habuerit
674 1717 871 1790 facultatem.
908 1725 1045 1790 Sanctae
1068 1725 1241 1790 memoriae
1263 1724 1376 1810 quippe
1388 1720 1460 1787 Atla-

188 1814 191 1823 ⁵
229 1830 354 1893 nasium
376 1829 514 1913 synodus
538 1829 711 1895 Orientalis
735 1828 916 1910 addixerat,
952 1850 1046 1912 quem
1073 1830 1183 1893 tumen
1212 1829 1377 1911 exceptum
1396 1821 1460 1890 sede

229 1932 415 2016 apostoliea,
439 1933 513 2016 quia
536 1931 735 1995 damnationi
752 1932 946 1995 Graecorum
962 1952 1027 1994 non
1043 1930 1216 2012 consensit,
1242 1928 1381 1994 absoluit.
1405 1925 1460 1992 ser·

229 2037 300 2098 ctae
322 2035 492 2100 memoriae
515 2033 722 2098 nihilominus
742 2031 925 2097 Johamrem
941 2032 1337 2118 Constantinopolitannm
1357 2026 1462 2115 synodo

229 2136 326 2201 etiam
355 2136 582 2201 catholicorum
615 2135 797 2218 praesulum
825 2139 909 2198 certe
938 2134 1123 2217 damnarat,
1158 2155 1254 2218 quern
1282 2133 1381 2201 simili,
1395 2125 1461 2196 mod)

228 2238 318 2304 sedes
342 2239 518 2322 apostolica
534 2226 680 2322 etiamr)
703 2237 782 2321 sola,
806 2237 961 2321 quianon
978 2236 1149 2320 consensit,
1174 2236 1322 2301 absolvit.
1352 2235 1461 2316 Itean

228 2344 359 2405 sanctae
389 2341 560 2405 memoriae
587 2339 776 2403 Flavianum
810 2338 998 2423 pontificum
1027 2340 1280 2424 congregatione
1312 2338 1462 2402 damnatum

227 2443 300 2527 pari
321 2447 442 2525 tenore,
473 2443 623 2527 quoniam
645 2443 712 2506 sola
735 2442 824 2506 sedes
848 2441 1023 2526 apostolica
1050 2464 1117 2505 non
1145 2441 1319 2524 consensit,
1348 2433 1461 2514 absolvit

229 2545 407 2628 potiusque,
431 2546 484 2628 qui
506 2545 573 2608 illic
596 2549 742 2628 receptus
765 2546 881 2627 fuerat,
905 2543 1093 2608 Dioscorum
1119 2544 1281 2608 secundae
1302 2543 1380 2609 sedis
1397 2552 1463 2626 pret·

228 2645 329 2708 sulem
351 2668 407 2709 sua
436 2648 625 2710 auctoritate
652 2646 833 2729 damnarit,
867 2650 900 2710 et
926 2646 1058 2729 impiam
1085 2645 1243 2730 synodum
1269 2669 1336 2711 non
1362 2656 1463 2710 consen·
1491 2712 1494 2717 ,

228 2747 337 2810 tiendo
359 2747 528 2832 submovit,
559 2771 596 2812 ac
618 2770 676 2832 pro
699 2749 843 2832 veritate,
875 2752 909 2812 ut
938 2748 1078 2832 synodus
1101 2747 1369 2813 Calchedonemn
1386 2740 1462 2819 fieret
1498 2762 1501 2771 ’

228 2849 295 2912 sola
317 2849 467 2913 decrevit.
516 2850 555 2913 ln
578 2872 640 2933 qua
661 2850 867 2934 pontificibus
889 2851 1076 2933 innumeris,
1106 2850 1160 2934 qui
1182 2851 1464 2914 latrociniosum

228 2955 303 3015 rant
325 2951 500 3035 Ephesino,
525 2953 650 3016 verrium
673 2954 878 3036 poscentibus
900 2954 975 3017 sola
990 2953 1157 3036 concessit,
1182 2955 1216 3017 et
1237 2953 1272 3017 in
1292 2940 1464 3037 suaperfilfi·
1493 2948 1501 3009 i

227 3059 452 3137 permanentes
480 3054 688 3118 nihilominus
717 3079 774 3119 suu
797 3056 987 3119 auctoritate
1009 3055 1192 3139 prostravit.
1239 3053 1344 3131 Quam
1363 3063 1464 3137 0011812'
1499 3116 1501 3125 .

227 3158 326 3240 gotio,
357 3179 437 3241 quae
461 3156 526 3219 illie
549 3178 606 3240 pro
628 3157 763 3221 veritate
786 3158 965 3240 reparanda
993 3157 1126 3221 collecta
1148 3158 1266 3241 fuerat,
1296 3162 1345 3223 est
1368 3140 1464 3222 cecili*²
1499 3214 1501 3223 .

227 3258 378 3341 quoniam
400 3260 484 3322 sieut
506 3259 555 3341 id,
586 3259 666 3342 quod
697 3261 800 3343 prima
823 3259 912 3323 sedes
934 3282 1000 3322 non
1023 3261 1225 3343 probaverat,
1261 3264 1400 3325 constare
1416 3264 1464 3319 11OE
1494 3246 1501 3345 ¹,

227 3362 341 3444 potuit,
366 3361 411 3424 sic
435 3360 517 3445 quod
539 3358 596 3423 illa
620 3363 744 3426 censuit
761 3361 982 3445 judicandum,
1007 3360 1153 3426 Ecclesia
1174 3365 1245 3427 tola
1267 3362 1408 3448 suscepit.
1494 3388 1501 3441 ,¹

311 3466 341 3526 6.
381 3464 442 3527 Ubi
467 3465 563 3527 etium
587 3468 818 3548 consequenter
839 3464 1033 3546 ostenditur,
1066 3465 1141 3548 quia
1168 3464 1253 3529 male
1281 3470 1372 3550 gesta
1395 3472 1464 3545 synt
1495 3446 1501 3485 ⁴

204 3562 300 3647 -dus,
331 3565 362 3627 id
390 3570 454 3647 est,
487 3571 599 3630 contra
623 3567 804 3648 Scripturas
833 3570 976 3647 sanctas,
1012 3569 1124 3630 contra
1152 3566 1333 3631 doctrinam
1354 3568 1462 3650 palm»

227 3670 339 3729 contra
362 3659 594 3731 ecclesiasticas
617 3669 755 3752 regulas,
780 3690 875 3750 quarn
897 3672 966 3732 tota
987 3669 1100 3731 merito
1116 3667 1263 3731 Ecclesia
1286 3691 1350 3733 non
1370 3652 1463 3741 reecpit

227 3771 259 3830 et
281 3770 451 3852 praecipue
474 3770 562 3833 sedes
586 3769 762 3853 apostolica
784 3790 850 3833 non
872 3771 1035 3854 probavit,
1065 3791 1123 3852 per
1152 3771 1232 3834 bene
1254 3774 1376 3856 gestam
1394 3775 1461 3849 ayne

193 3881 196 3885 ’
226 3869 317 3952 dum,
346 3869 379 3933 id
407 3875 470 3954 est,
500 3873 674 3937 secundum
696 3871 877 3956 Scripturas
905 3875 1050 3956 sanctas,
1082 3872 1257 3937 secundum
1288 3870 1460 3938 traditiouss

291 4147 324 4212 ⁴⁵)
342 4146 386 4200 lta
408 4145 441 4198 (l'
461 4144 494 4211 Q¹
512 4146 546 4211 Q*
570 4162 632 4201 cum
654 4165 718 4203 mas.
738 4145 808 4203 Ι)0Ι
823 4147 907 4205 O²N⁸
924 4145 1060 4205 brevioris
1081 4147 1196 4206 formae.
1237 4143 1316 4207 Editi
1336 4135 1459 4223 quud

224 4240 321 4285 coartet
391 4237 516 4286 scatentia
538 4238 607 4286 aedis
630 4240 786 4302 apostolicae
805 4241 946 4289 daramium
964 4242 1019 4289 eine
1038 4275 1086 4302 ...‚
1105 4241 1194 4291 dicam
1218 4248 1291 4293 certe
1361 4240 1458 4306 W

221 4322 313 4383 perric.
344 4314 398 4371 Iste
417 4322 550 4372 damnatur
568 4317 681 4387 quidem
698 4319 796 4373 Petrus
815 4312 933 4389 ldongus
951 4320 1097 4376 diceretur.
1129 4320 1237 4377 Deinde
1256 4321 1291 4387 Q¹
1310 4322 1458 4394 wem&

224 4406 288 4456 licat
305 4408 362 4456 sedi
376 4408 528 4471 frequenter
546 4408 638 4458 dictam
656 4414 695 4458 eet
713 4407 746 4472 (c.
767 4411 781 4458 7
800 4403 837 4459 ad
854 4422 942 4475 marg.
963 4412 1049 4460 delum
1067 4410 1124 4475 eal).

199 4510 201 4515 ·
290 4488 323 4554 ⁴⁶)
341 4487 372 4539 ln
391 4487 424 4540 G*
445 4487 522 4541 deest
540 4494 613 4542 etima
631 4495 694 4544 sola.
721 4487 786 4542 Mox
805 4489 838 4543 0¹
853 4491 887 4543 0²
900 4508 962 4543 eum
975 4491 1180 4561 exemplaribus
1193 4492 1272 4547 brev.
1287 4493 1465 4550 formem!

224 4574 369 4626 Flauianum
389 4579 533 4640 pontificum
557 4575 629 4640 (00Ι
652 4578 804 4643 pontificem)
830 4581 984 4631 Graecorum
1065 4584 1120 4632 sola
1141 4581 1273 4633 subiacere.
1308 4579 1362 4634 Hic
1381 4575 1469 4633 noem

224 4654 369 4710 concilium
382 4674 431 4710 scu
447 4655 622 4712 latrocinium
635 4659 817 4729 Ephesinum,
839 4661 915 4730 cujus
929 4662 1054 4730 adeoquo
1066 4661 1193 4716 Flaviani
1206 4662 1385 4720 damnationi
1399 4662 1474 4735 pdss

225 4740 439 4795 intercessenmt
460 4744 629 4813 apostolicae
651 4745 724 4799 sedis
746 4744 840 4813 legati.
876 4748 908 4799 ln
925 4747 971 4813 iis,
994 4763 1064 4816 quae
1082 4763 1147 4801 mox
1164 4750 1337 4818 sequuntur,
1359 4768 1411 4822 per
1425 4747 1478 4805 eu

223 4826 281 4878 fere
301 4825 441 4881 columnae
461 4827 524 4882 inde
543 4829 668 4883 acerbis
688 4834 719 4885 In
738 4852 786 4900 qao
806 4848 891 4899 usque
909 4830 946 4884 acl
968 4849 994 4884 n.
1014 4837 1028 4884 7
1051 4837 1128 4887 Dicat
1150 4853 1213 4903 erpo
1236 4833 1267 4889 in
1290 4833 1482 4906 meapham

224 4908 358 4964 brevioris
375 4912 481 4968 formae
499 4932 543 4969 ree
561 4914 720 4969 siunmatim
738 4917 848 4971 tantum
866 4916 1099 4985 constringuntur.
