3204 5506
277 282 344 352 544·
750 304 776 350 s.
794 303 934 351 auulsa
956 301 1071 348 rursu
1143 349 1146 356 ,

277 456 406 520 dilectio
428 455 626 519 unanimiter
647 459 768 537 terem,
794 458 979 519 constanter
1000 455 1165 538 praedicet
1190 453 1407 538 sapienterque
1423 454 1496 518 delen·

277 559 342 640 dat,
368 561 563 642 cunctasque
586 558 754 622 adversum
775 557 859 621 hanc
882 555 1097 640 blasphemias
1119 555 1331 639 procedentes
1344 556 1496 637 exterminet

127 676 359 744 1Tim,c‚‚r,quae
380 681 502 739 pugnus
523 660 627 744 magis
650 665 817 742 uerborum,
841 660 924 723 sicut
945 659 992 722 ait
1012 656 1186 743 apostolus,
1212 660 1370 722 conantur
1384 657 1497 743 ingerere,

277 784 372 845 quam
388 762 562 825 salutarem
579 762 702 825 cunctis
725 761 884 844 suscipere
900 761 1084 824 veritatem:
1107 763 1143 822 ut
1165 758 1305 843 idipsum
1326 759 1446 823 dicentes
1456 779 1498 822 um

278 863 370 926 corde
394 885 519 947 unoque
542 884 596 926 ore
619 866 652 927 et
675 863 850 945 credamus,
875 863 958 947 quod
981 884 1000 925 a
1021 861 1196 944 majoribus
1220 861 1341 925 nostris
1363 860 1499 945 accepimus

276 968 308 1026 et
342 963 482 1028 donante
509 965 647 1028 Domino
680 965 843 1028 tradamus
876 963 1012 1048 posteris
1047 961 1274 1027 confitendum.
1321 961 1397 1028 Cum
1422 961 1500 1046 quibus

276 1065 368 1128 nobis
396 1066 522 1129 unitum
548 1066 643 1129 fidem
673 1066 741 1130 Deo
773 1066 912 1150 propitio
945 1065 1117 1149 perdurare
1146 1063 1374 1129 catholicorum
1398 1063 1500 1147 subjecta

275 1167 461 1231 testimonia
482 1168 691 1251 magistorum
714 1167 873 1232 recensita
894 1170 1067 1231 testantur.
1358 1152 1364 1165 ’

388 1335 608 1401 Testimonin
633 1338 798 1402 ueterum
820 1335 864 1401 de
886 1335 1023 1402 duabus
1045 1337 1190 1402 naturis
1212 1337 1252 1401 in
1276 1335 1423 1403 Christo.

363 1473 410 1535 li.
440 1476 557 1553 Ignatii
579 1476 719 1553 episcopi
740 1482 772 1537 et
793 1477 939 1553 martyris
960 1477 1146 1538 antiocheni
1167 1493 1206 1537 ex
1227 1476 1363 1554 epistola
1383 1477 1418 1536 sd
1433 1474 1501 1552 Ephe

275 1576 349 1636 sios:
373 1571 464 1635 Unus
486 1574 628 1637 medicus
651 1577 709 1656 est,
735 1574 873 1638 carnalis
896 1577 929 1638 et
951 1574 1137 1658 spiritualis,
1161 1573 1268 1638 factus
1285 1576 1319 1638 et
1339 1595 1402 1637 non
1419 1572 1499 1650 iactus

274 1674 309 1736 in
331 1673 459 1737 homine
474 1674 570 1753 Deus.
594 1676 675 1759 in³⁸)
698 1679 800 1739 morte
823 1675 890 1738 vita
913 1678 1054 1755 aeterna,
1078 1696 1117 1739 ex
1133 1675 1236 1739 Maria
1259 1679 1293 1740 et
1315 1696 1354 1739 ex
1375 1673 1441 1757 Deo,
1458 1671 1499 1756 pn'·

274 1797 361 1837 mum
383 1776 544 1858 passibilis
568 1780 600 1840 et
622 1780 699 1840 tunc
721 1777 938 1861 impassibilis,
961 1775 1117 1840 Dominus
1139 1779 1249 1841 noster
1270 1776 1365 1841 desua
1385 1774 1498 1842 Christis

358 1882 482 1958 Etpust
495 1899 610 1958 pauca:
635 1877 772 1961 Singuli,
797 1885 903 1957 inquil,
928 1879 989 1942 viri
1012 1879 1223 1943 communiter
1244 1900 1357 1943 omnes
1370 1873 1497 1962 argnti,

275 2000 314 2041 er
336 1978 465 2041 nomine
489 1980 658 2043 convenite
679 1978 714 2042 in
736 2001 833 2042 unam
855 1979 951 2043 fidem
973 1979 1062 2043 etin
1084 2001 1148 2044 uno
1169 1979 1249 2045 Jesu
1272 1979 1404 2060 Christo,
1423 1997 1498 2042 secun

273 2080 348 2143 dum
371 2101 500 2143 carnem
522 2102 560 2143 ex
582 2101 700 2164 genere
723 2080 836 2162 David,
861 2081 927 2145 filio
949 2082 1086 2145 hominis
1110 2085 1142 2146 et
1163 2080 1230 2145 lilio
1253 2080 1324 2145 Dei.

362 2183 408 2246 18.
452 2186 606 2246 Eustathii
633 2186 771 2263 episcopi
797 2186 982 2248 Anhecheni
1010 2187 1195 2249 confusoris
1218 2183 1375 2269 conna³⁵)
1394 2185 1497 2247 triens:

274 2282 474 2367 Quapropter
502 2304 661 2367 congruas
689 2283 822 2348 virtutes
846 2288 878 2348 et
901 2285 1151 2370 gubernationes
1173 2285 1323 2370 gentium
1352 2288 1383 2349 et
1406 2278 1497 2368 populo

274 2407 343 2448 rum
373 2387 406 2448 et
428 2384 599 2447 mixtarum
627 2384 768 2468 plebium
797 2389 831 2448 et
858 2408 963 2450 rerum
992 2387 1213 2452 universarum
1247 2386 1409 2471 imperium
1435 2383 1497 2447 bonu

122 2508 218 2577 Luc-2,
225 2517 265 2564 52.
274 2486 472 2570 percipiebat
501 2486 619 2550 Christi
643 2487 750 2569 palam
778 2492 810 2551 et
837 2489 890 2572 qui
919 2496 1070 2568 sapientia
1098 2501 1127 2553 et
1154 2500 1257 2552 aelate
1282 2496 1434 2568 pretioque
1451 2499 1496 2564 prr

271 2596 344 2664 licit,
370 2588 452 2651 sicut
474 2588 632 2672 evangelii
656 2589 782 2652 litterae
805 2589 921 2676 docent
942 2590 1189 2674 particulariter.

121 2713 261 2778 Joh.13‚3.
357 2694 500 2772 Ejusdem
526 2699 634 2754 contra
661 2712 729 2755 eos:
760 2691 803 2754 Et
825 2692 940 2755 iterum
962 2714 1059 2776 quum
1081 2692 1199 2755 dicitur
1220 2692 1316 2757 Jesus
1337 2700 1432 2768 sciens,
1449 2689 1496 2766 elil

273 2798 373 2856 omniu
396 2793 479 2854 dedit
500 2799 530 2854 ri
552 2796 643 2854 Pater
666 2799 696 2855 in
721 2814 845 2857 marrus:
874 2794 962 2878 atqui
985 2797 1022 2857 ut
1042 2794 1088 2857 ita
1110 2794 1298 2876 introducit,
1327 2792 1447 2859 hominis
1461 2804 1495 2869 pu

271 2896 422 2957 testatem
445 2892 598 2975 declarat,
628 2916 708 2977 quae
737 2895 892 2978 quomodo
915 2897 1037 2959 aeterni
1065 2917 1193 2959 suunens
1221 2899 1381 2979 sceptrum
1398 2884 1494 2976 imperil,

273 2995 415 3058 omnium
436 2993 571 3059 haberet
594 2997 795 3059 commissum
813 2998 980 3080 judicium.

143 3122 260 3189 cmg),
356 3102 500 3179 Eiusdem
523 3107 633 3161 contra
654 3118 722 3162 eos:
747 3098 779 3162 Si
803 3099 888 3162 enim
912 3099 945 3163 in
967 3099 1105 3181 Christo,
1128 3103 1237 3182 inquit,
1255 3106 1408 3180 plenitudo
1424 3091 1495 3160 disti

272 3207 344 3263 turis
366 3205 524 3272 inhabitat,
551 3198 636 3261 aliud
660 3221 744 3281 vcro,
768 3200 852 3282 qnod
873 3200 1085 3265 inhabitatur.
1115 3199 1149 3265 Si
1171 3222 1247 3264 vero
1269 3200 1442 3265 naturaliter
1455 3186 1494 3254 dif·

271 3302 382 3365 ferunt
404 3300 444 3363 ab
468 3300 642 3381 alterutris,
671 3324 773 3385 neque
800 3303 911 3366 mortis
939 3302 1120 3386 passionem
1149 3324 1253 3387 neque
1276 3302 1340 3368 cibi
1360 3296 1494 3388 appetitu

272 3424 374 3486 neque
397 3402 588 3466 desiderium
609 3403 804 3486 poculorum,
829 3427 895 3468 non
916 3426 1072 3486 somnum,
1097 3426 1163 3468 non
1178 3403 1356 3487 tristitiam,
1377 3423 1432 3468 uon
1445 3388 1494 3460 sti

272 3505 447 3586 gationem,
471 3526 535 3568 non
559 3504 772 3587 lacrymarum
788 3506 967 3587 effusiones,
992 3528 1056 3569 non
1080 3506 1176 3570 aliam
1193 3506 1369 3590 quamlibet
1387 3492 1493 3569 musio

272 3627 346 3667 nem
369 3605 561 3688 plenitudini
584 3606 763 3670 divinitatis
787 3607 976 3671 coixsistere
1003 3607 1053 3670 fas
1077 3611 1141 3690 est,
1163 3630 1261 3693 quum
1283 3609 1327 3673 sit
1347 3591 1492 3701 insonum

272 3706 344 3769 bilis
367 3728 424 3790 per
447 3711 606 3771 naturam.
651 3707 784 3772 Homini
806 3731 881 3772 vero
903 3709 983 3772 haec
1006 3709 1199 3794 applicanda
1220 3708 1493 3794 suntproprie,(1m

272 3809 441 3872 exanima
465 3813 592 3874 constat
619 3814 652 3873 ct
680 3832 819 3894 corpore.
866 3810 1024 3896 Congruit
1051 3811 1137 3875 enim
1165 3833 1203 3875 en
1224 3811 1305 3896 ipsis
1331 3792 1492 3875 humant

271 4013 330 4049 cern
349 3997 493 4050 auctorum
511 3995 697 4051 bibliothecae
715 3999 827 4066 patrum
846 4014 917 4051 annuo
934 4003 997 4053 1589
1015 3997 1127 4052 Parisiis
1144 3996 1238 4052 editae
1250 3995 1420 4058 concinnavit,
1432 3976 1491 4069 iiiiii
1533 4056 1535 4061 ,

270 4082 365 4134 tamen
383 4081 474 4134 minus
494 4080 670 4136 Colonienses
689 4081 809 4135 editores
828 4081 1002 4136 retinuerunt
1024 4089 1107 4137 sedem
1126 4090 1299 4152 apostolicum.
1335 4080 1399 4137 iiiuc
1412 4063 1491 4130 ΝΜ
1533 4078 1535 4085 '

270 4166 377 4219 duabus
399 4165 499 4221 litteris
522 4187 557 4226 m,
588 4183 656 4234 quas
685 4166 712 4219 in
735 4168 789 4220 fine
811 4167 960 4221 verborum
986 4167 1145 4236 hujusmodi
1171 4168 1207 4222 de
1231 4186 1281 4223 suo
1304 4167 1414 4238 adjicere
1429 4143 1491 4212 ”¹⁶²

269 4250 376 4304 librarii
395 4252 511 4316 veteres,
530 4268 598 4304 sana
617 4268 649 4304 ac
667 4251 779 4319 gendna
795 4251 917 4305 hulsetur
935 4251 1038 4305 Gelasii
1056 4251 1203 4306 sententis.

337 4339 369 4403 34)
387 4335 458 4389 Hinc
476 4336 550 4405 apud
568 4335 716 4404 Ignatirnn,
734 4353 789 4389 non
807 4337 947 4404 quomodo
966 4336 1111 4390 substituit
1127 4336 1243 4391 Vossius
1262 4333 1294 4393 ἐν
1311 4307 1489 4416 daedali

270 4412 301 4473 ἰν
319 4417 439 4489 θανάτῳ
457 4419 598 4474 Gelasium
617 4419 716 4488 legisse
735 4419 833 4488 liquet,
857 4421 900 4474 cui
923 4421 1043 4475 concinit
1061 4424 1089 4474 et
1107 4420 1301 4478 Theodoretus
1323 4422 1392 4477 idern
1404 4411 1489 4470 W

269 4503 344 4556 nium
373 4504 489 4559 laudans
517 4505 629 4573 dialogo
649 4513 670 4558 1.
710 4504 790 4558 Certe
813 4506 843 4559 et
864 4506 937 4560 hane
959 4505 1107 4560 lectionem
1133 4505 1281 4562 antithesis
1307 4507 1342 4562 ab
1363 4493 1451 4583 lgusfiff
1462 4496 1489 4569 ¹³J

269 4587 368 4641 stituta
389 4590 520 4657 postulat.
567 4589 708 4644 Sinceram
731 4589 833 4658 ignatii
860 4591 1020 4660 epistolam,
1052 4607 1108 4644 non
1133 4589 1346 4662 interpolatam,
1376 4586 1412 4642 hic
1428 4571 1489 4647 {alm

270 4672 368 4739 cuique
387 4673 499 4726 obvium
517 4681 567 4729 est.

337 4759 368 4824 3ὓ)
387 4757 525 4812 Eustathii
543 4760 624 4830 hujus
641 4760 722 4830 plura
740 4761 900 4815 testimonia
917 4761 1110 4816 Theodoretus
1131 4761 1162 4816 in
1178 4761 1269 4819 tribus
1287 4758 1395 4832 dialogb
1407 4738 1488 4824 1)ῐοῖεῐιὶ

269 4839 318 4896 sed
335 4841 441 4897 nullum
459 4864 493 4898 ecc
511 4865 590 4914 opere
609 4857 699 4900 contra
719 4852 832 4902 Arianos
849 4846 954 4901 laudat.
