3204 5506
552 383 747 434 sersroms
771 373 961 432 lio-127.
1330 367 1393 432 939

120 539 266 622 sanitati,
290 539 374 604 sicut
395 539 493 604 semel
515 539 772 623 promiseramus,
795 539 906 602 statim
920 538 1012 603 illum
1026 538 1067 603 ad
1080 542 1170 603 tuam
1184 538 1392 603 sanctitatem
1405 564 1428 602 a.
1440 553 1499 603 tao.

122 641 388 710 transmittemus.
420 640 581 727 Superest,
605 645 642 705 ut
664 641 846 705 sanctitudo
861 644 918 705 tua
933 641 1077 705 divinum
1091 640 1184 705 nobis
1199 641 1394 725 praesidium

120 743 321 810 orationibus
343 744 408 808 suis
435 744 586 831 dignetur
614 743 787 828 acquirere.
832 742 919 807 Data
946 743 1048 827 pridie
1071 741 1229 809 Oalendas
1251 741 1394 827 Septem-

119 847 188 912 bris
204 846 494 931 Constantinopoli.
533 847 678 930 Accepta
692 845 814 910 Romae
830 844 980 912 Calendis
993 845 1152 930 Octobris,
1176 844 1310 910 Rustico
1325 847 1394 910 viro

121 948 299 1029 clarissimo
322 947 462 1013 consule.

618 1151 800 1256 Epistola
826 1153 892 1236 127

734 1304 783 1343 Seu

153 1401 358 1470 Exemplum
380 1399 542 1468 epistolae
563 1399 754 1456 iustiniani
774 1400 838 1456 viri
860 1399 1041 1456 clarissimi
1062 1402 1107 1458 ad
1128 1401 1354 1458 Hormisdsm.
1407 1370 1444 1491 (3,
1456 1367 1545 1505 Q·

71 1522 109 1570 ²⁰·
157 1534 268 1584 Entm'ns
285 1538 373 1596 repat,
392 1539 419 1580 ul
437 1532 578 1589 Hormisda
595 1547 644 1595 pro
663 1532 825 1583 ecclesiarum
844 1533 983 1583 eoncordia
1001 1547 1078 1598 usqae
1100 1532 1213 1592 laboret,
1232 1541 1308 1598 atque
1327 1535 1362 1583 nd
1401 1594 1404 1601 ι

155 1620 205 1669 duo
224 1619 280 1677 illa,
304 1619 335 1667 de
354 1616 442 1682 quibus
461 1618 612 1667 etiamtunc
630 1616 878 1675 controvertebatur,
901 1618 1026 1682 impsum
1048 1623 1072 1668 et
1095 1616 1262 1668 indubitatam
1285 1618 1362 1667 desti-

557 1716 620 1750 nare
636 1710 787 1766 responsum·
803 1717 834 1751 ne
852 1702 968 1766 differat.

275 1834 440 1900 Domino
472 1833 707 1899 beatissimo
744 1838 862 1920 atque
899 1833 1122 1919 apostolico
1159 1835 1266 1920 patri
1299 1835 1396 1901 Hor-

367 1936 515 2001 misdae
537 1958 664 2021 papae
686 1935 796 2000 urbis
819 1935 962 2001 Romae
985 1935 1007 2001 J
1014 1937 1258 2002 ustiuianus.

207 2056 336 2134 Quanta
358 2055 538 2121 reverentia
560 2058 699 2120 vestram
721 2055 953 2120 beatitudinem
976 2077 1172 2139 veneremur,
1199 2057 1309 2123 multis
1332 2059 1396 2143 epi-

120 2160 230 2242 stolis,
260 2181 298 2223 ex
321 2180 382 2243 quo
404 2157 626 2222 serenissimus
648 2158 823 2242 imperator
844 2158 929 2222 filius
951 2161 1057 2236 ¹vester
1082 2159 1249 2245 regnavit,
1280 2181 1396 2246 cogno-

120 2263 223 2328 scitis.
268 2261 309 2326 In
334 2261 497 2345 praesenti
520 2283 644 2346 quoque
667 2261 774 2326 debito
805 2261 926 2346 pudore
954 2261 1132 2326 salutantes
1159 2265 1249 2327 tuam
1279 2264 1397 2328 sancti·

119 2368 240 2447 tatem,
273 2364 471 2448 postulamus
494 2363 636 2447 enixius,
669 2367 705 2428 ut
734 2363 869 2428 assiduis
896 2363 1044 2447 precibus
1071 2366 1104 2428 et
1128 2363 1397 2449 frequentissimis

120 2466 321 2532 orationibus
357 2489 416 2551 pro
454 2465 623 2532 concordia
659 2466 812 2532 laboretis
848 2466 1054 2531 ecclesiarum
1063 2466 1088 2552 ¹)
1131 2467 1396 2552 venerandarum,

120 2569 288 2652 nobisque,
312 2568 396 2633 sicut
416 2591 475 2654 per
497 2569 622 2654 legatos
645 2569 742 2635 etiam
757 2571 880 2634 vestros
898 2572 972 2653 post
987 2568 1095 2633 omnia
1111 2570 1306 2655 scripsimus,
1329 2573 1453 2636 11111101)-
1467 2573 1515 2659 l²⁰

120 2672 160 2736 de
183 2691 346 2753 sermone,
377 2670 500 2756 dequo
522 2671 659 2736 vertitur
681 2671 913 2754 controversia,
942 2693 1039 2756 quam
1061 2671 1100 2736 de
1121 2671 1307 2738 nominibus
1332 2674 1397 2759 epi·
1433 2645 1493 2690 Μ’

120 2794 290 2857 scaporum
312 2773 371 2837 sub
379 2773 404 2859 ²)
428 2773 549 2837 Acacio
571 2773 796 2839 defunctorum
817 2796 875 2858 per
897 2772 1071 2859 Eulogium
1096 2773 1199 2839 virum
1229 2774 1397 2840 sublimem

119 2875 287 2940 tribunum
309 2878 342 2938 et
363 2875 524 2939 notarium
546 2875 698 2960 dignetur
720 2876 918 2962 apostolatus
947 2879 1052 2940 vester
1078 2877 1243 2962 integrum
1270 2877 1396 2942 indubi-

119 2981 288 3061 tatumque
311 2976 471 3041 destinare
494 2998 692 3061 responsum,
716 2979 864 3043 omnibus
887 2977 1045 3060 videlicet,
1070 3001 1151 3062 quae
1173 2980 1396 3062 praesentibus

120 3079 240 3163 legatis
263 3079 377 3143 vestris
400 3079 549 3143 ordinata
571 3084 662 3162 sunt,
691 3081 726 3144 in
748 3084 902 3165 perpetuo
924 3079 1059 3144 firmiter
1087 3080 1293 3165 duraturis3).
1337 3081 1397 3145 Vir

119 3202 260 3266 namque
287 3181 455 3264 religiosus
482 3180 648 3245 Johannes
682 3183 864 3266 episcopus,
898 3182 951 3265 qui
984 3184 1138 3246 venturus
1172 3185 1221 3246 est
1248 3181 1395 3266 Romam,

119 3283 285 3347 detinetur
307 3283 510 3367 aegritudine
526 3283 692 3367 corporali.
724 3283 815 3348 Nihil
831 3284 917 3348 enim
932 3282 1082 3368 prohibet
1097 3288 1173 3348 ante
1188 3284 1256 3367 ejus
1271 3307 1395 3369 quoque

119 3386 297 3450 adventum
320 3385 524 3451 concordiam
545 3385 730 3470 provenire,
760 3386 886 3451 sublata
909 3384 1109 3450 dubitatione
1137 3385 1319 3471 religionis,
1349 3389 1397 3473 (et

119 3511 194 3553 eum
217 3491 327 3552 tamen
349 3509 422 3551 mox
445 3488 641 3552 dimittemus
662 3488 792 3553 favente
807 3488 998 3571 Divinitnte,
1023 3487 1185 3572 quiajam
1204 3487 1317 3553 melius
1340 3489 1396 3553 ha-

118 3591 207 3675 bet),
237 3589 389 3674 quoniam
409 3613 471 3655 nec
493 3590 637 3655 difficilia
660 3593 736 3654 sunt
758 3612 837 3674 quae
864 3590 1048 3655 ceciderunt
1075 3589 1109 3653 in
1138 3590 1393 3676 ambiguitatem,

118 3713 183 3757 neo
209 3691 338 3775 expedit
363 3691 483 3756 diutius
512 3713 640 3758 causam
667 3693 753 3757 vitae
781 3691 925 3777 protrahi
952 3691 1182 3776 sempiternae,
1218 3715 1259 3757 ne
1287 3693 1395 3758 dilatis

118 3794 318 3879 temporibus
341 3793 459 3877 aliquid
482 3804 635 3858 nascatur
660 3794 824 3860 incertius.
864 3793 1082 3863 ,aeternitatis
1109 3793 1210 3879 igitur
1236 3816 1395 3879 supernae

120 3895 343 3980 tremendique
362 3895 476 3978 judicii
498 3918 563 3960 non
587 3895 769 3978 immemor,
797 3897 954 3961 sanctitas
977 3899 1098 3979 vestra,
1123 3896 1287 3980 quaesibi
1312 3919 1395 3961 com·

117 3998 220 4064 missa
242 4002 332 4081 sunt,
362 3997 526 4063 efficaciae
548 3998 631 4062 tradi
657 4000 861 4084 deproperet,
890 4003 927 4064 ut
954 3998 1143 4084 intelligant
1172 3999 1280 4063 cuncti
1307 4003 1394 4065 recte

122 4171 232 4181 ,-..--
241 4169 347 4176 --—·-.
375 4172 382 4176 ,
405 4172 425 4177 ,,,

120 4279 171 4329 127
206 4273 274 4327 hcc
292 4277 454 4327 ecclesiarum
472 4280 627 4325 vestrarum:
644 4270 782 4326 renitente
797 4271 841 4326 G'.
878 4270 934 4326 Sed
952 4273 981 4325 et
997 4268 1157 4324 Justiniano
1170 4269 1324 4324 aciustino
1343 4271 1394 4325 sol·

117 4360 212 4413 lemno
231 4358 285 4426 est,
303 4358 356 4412 hoc
374 4355 498 4425 epitheto
518 4356 649 4411 ccclesias
668 4372 814 4424 exornare,
834 4358 865 4410 ut
883 4373 929 4410 eas
947 4356 991 4412 vel
1008 4361 1169 4410 venerandas
1182 4354 1226 4409 vel
1238 4360 1394 4411 venerabiles

117 4443 296 4514 praedicent,
319 4444 351 4496 ut
371 4440 466 4496 videre
489 4443 531 4496 est
553 4441 633 4510 epist.
656 4447 704 4496 llo
726 4461 753 4495 n.
773 4449 800 4510 2,
819 4440 898 4511 epist.
920 4448 981 4508 116,
1005 4440 1085 4511 epist.
1107 4447 1155 4494 120
1172 4458 1200 4495 n.
1220 4446 1236 4495 4
1259 4443 1288 4494 et
1311 4441 1392 4511 epist.

122 4535 218 4584 12911.
237 4535 261 4583 4.

189 4617 210 4682 ²)
228 4613 261 4668 H.
282 4630 305 4668 e.
325 4612 398 4681 quod
416 4611 491 4666 idem
509 4610 681 4666 Justinianus
701 4611 780 4682 epist.
802 4620 850 4667 rio
868 4619 924 4667 112
943 4612 984 4668 sit
1001 4619 1178 4682 episcoporum
1194 4623 1256 4682 post
1273 4617 1394 4667 Acacium

119 4704 305 4767 defunctorum.

187 4785 210 4850 ⁸)
228 4783 288 4837 Hoc
306 4784 361 4848 est,
382 4783 411 4836 ut
427 4781 456 4835 in
473 4799 553 4837 sacra
571 4783 704 4852 diptycha
722 4801 864 4851 nunquam
881 4786 1047 4840 revocentur
1063 4783 1211 4850 Timothei,
1230 4783 1393 4850 Macedonii,

118 4866 268 4937 Euphemii
287 4867 460 4937 aliorumque
478 4867 604 4935 nonnus,
626 4885 697 4936 quos
720 4886 754 4922 cx
775 4869 809 4923 iis
832 4870 883 4923 sub
907 4871 1081 4940 temporibus
1103 4869 1238 4925 Johannis
1261 4868 1393 4924 Constan-

117 4952 239 5023 tinopoli
258 4954 396 5022 expuncta
414 4955 491 5020 sunt,
510 4952 552 5007 uti
569 4952 695 5008 Justinus
712 4954 792 5025 epist.
813 4961 861 5009 116
879 4954 1013 5010 declarat.
