<?xml version="1.0" encoding="UTF-8"?>
<!DOCTYPE html PUBLIC "-//W3C//DTD XHTML 1.0 Transitional//EN"
    "http://www.w3.org/TR/xhtml1/DTD/xhtml1-transitional.dtd">
<html xmlns="http://www.w3.org/1999/xhtml" xml:lang="en" lang="en">
 <head>
  <title>
</title>
<meta http-equiv="Content-Type" content="text/html;charset=utf-8" />
  <meta name='ocr-system' content='tesseract 3.04.00' />
  <meta name='ocr-capabilities' content='ocr_page ocr_carea ocr_par ocr_line ocrx_word'/>
</head>
<body>
  <div class='ocr_page' id='page_1' title='image "./epistolaeromano00thiegoog/epistolaeromano00thiegoog_0610.png"; bbox 0 0 3204 5506; ppageno 0'>
   <div class='ocr_carea' id='block_1_1' title="bbox 569 332 1339 399">
    <p class='ocr_par' dir='ltr' id='par_1_1' title="bbox 569 332 1339 399">
     <span class='ocr_line' id='line_1_1' title="bbox 569 332 1339 399; baseline 0.006 -5"><span class='ocrx_word' id='word_1_1' title='bbox 569 346 770 395; x_wconf 68' lang='lat' dir='ltr'>reserares</span> <span class='ocrx_word' id='word_1_2' title='bbox 794 348 840 394; x_wconf 80' lang='lat' dir='ltr'>rr.</span> <span class='ocrx_word' id='word_1_3' title='bbox 1276 332 1339 399; x_wconf 82' lang='grc'>561</span> 
     </span>
    </p>
   </div>
   <div class='ocr_carea' id='block_1_2' title="bbox 97 501 1492 3644">
    <p class='ocr_par' dir='ltr' id='par_1_2' title="bbox 97 501 1381 1584">
     <span class='ocr_line' id='line_1_2' title="bbox 97 501 1338 586; baseline 0.001 -20"><span class='ocrx_word' id='word_1_4' title='bbox 97 502 197 566; x_wconf 75' lang='lat' dir='ltr'>ane</span> <span class='ocrx_word' id='word_1_5' title='bbox 219 502 304 566; x_wconf 90' lang='lat' dir='ltr'>enim</span> <span class='ocrx_word' id='word_1_6' title='bbox 325 501 469 585; x_wconf 83' lang='lat' dir='ltr'>praefixa</span> <span class='ocrx_word' id='word_1_7' title='bbox 490 503 645 584; x_wconf 89' lang='lat' dir='ltr'>perpetua</span> <span class='ocrx_word' id='word_1_8' title='bbox 668 503 717 564; x_wconf 89' lang='lat' dir='ltr'>est</span> <span class='ocrx_word' id='word_1_9' title='bbox 739 505 771 564; x_wconf 92' lang='lat' dir='ltr'>et</span> <span class='ocrx_word' id='word_1_10' title='bbox 787 503 941 584; x_wconf 90' lang='lat' dir='ltr'>perpetuo</span> <span class='ocrx_word' id='word_1_11' title='bbox 957 501 1151 585; x_wconf 71' lang='lat' dir='ltr'>constringit</span> <span class='ocrx_word' id='word_1_12' title='bbox 1167 505 1338 586; x_wconf 82' lang='lat' dir='ltr'><strong>errantem,</strong></span> 
     </span>
     <span class='ocr_line' id='line_1_3' title="bbox 97 601 1340 689; baseline 0.003 -24"><span class='ocrx_word' id='word_1_13' title='bbox 97 624 115 665; x_wconf 85' lang='grc' dir='ltr'>ι</span> <span class='ocrx_word' id='word_1_14' title='bbox 161 606 321 667; x_wconf 76' lang='lat' dir='ltr'><strong>errantem</strong></span> <span class='ocrx_word' id='word_1_15' title='bbox 343 624 408 666; x_wconf 91' lang='lat' dir='ltr'>non</span> <span class='ocrx_word' id='word_1_16' title='bbox 431 604 537 687; x_wconf 86' lang='lat' dir='ltr'>potest</span> <span class='ocrx_word' id='word_1_17' title='bbox 555 602 624 686; x_wconf 88' lang='lat' dir='ltr'>jam</span> <span class='ocrx_word' id='word_1_18' title='bbox 647 606 767 667; x_wconf 88' lang='lat' dir='ltr'>tenere.</span> <span class='ocrx_word' id='word_1_19' title='bbox 813 601 863 667; x_wconf 82' lang='lat' dir='ltr'>Sit</span> <span class='ocrx_word' id='word_1_20' title='bbox 885 603 1008 666; x_wconf 75' lang='lat' dir='ltr'>erranti</span> <span class='ocrx_word' id='word_1_21' title='bbox 1030 603 1117 667; x_wconf 87' lang='lat' dir='ltr'>dicta</span> <span class='ocrx_word' id='word_1_22' title='bbox 1139 603 1207 668; x_wconf 90' lang='lat' dir='ltr'>fore</span> <span class='ocrx_word' id='word_1_23' title='bbox 1228 626 1340 689; x_wconf 89' lang='lat' dir='ltr'>perpe-</span> 
     </span>
     <span class='ocr_line' id='line_1_4' title="bbox 97 704 1340 793; baseline 0.002 -25"><span class='ocrx_word' id='word_1_24' title='bbox 97 750 119 786; x_wconf 81' lang='lat'>-‚</span> <span class='ocrx_word' id='word_1_25' title='bbox 167 705 207 769; x_wconf 89' lang='lat' dir='ltr'>sit</span> <span class='ocrx_word' id='word_1_26' title='bbox 228 704 349 769; x_wconf 77' lang='lat' dir='ltr'>erranti</span> <span class='ocrx_word' id='word_1_27' title='bbox 377 704 463 768; x_wconf 89' lang='lat' dir='ltr'>dicta</span> <span class='ocrx_word' id='word_1_28' title='bbox 491 727 654 789; x_wconf 86' lang='lat' dir='ltr'>nunquam</span> <span class='ocrx_word' id='word_1_29' title='bbox 681 726 749 769; x_wconf 90' lang='lat' dir='ltr'>esse</span> <span class='ocrx_word' id='word_1_30' title='bbox 772 704 938 769; x_wconf 80' lang='lat' dir='ltr'>solvenda:</span> <span class='ocrx_word' id='word_1_31' title='bbox 967 707 1077 768; x_wconf 88' lang='lat' dir='ltr'>manet</span> <span class='ocrx_word' id='word_1_32' title='bbox 1102 706 1233 769; x_wconf 92' lang='lat' dir='ltr'>omnino</span> <span class='ocrx_word' id='word_1_33' title='bbox 1260 707 1340 793; x_wconf 84' lang='lat' dir='ltr'>et²⁴)</span> 
     </span>
     <span class='ocr_line' id='line_1_5' title="bbox 98 806 1340 892; baseline 0.001 -21"><span class='ocrx_word' id='word_1_34' title='bbox 98 828 154 889; x_wconf 87' lang='lat' dir='ltr'>e,</span> <span class='ocrx_word' id='word_1_35' title='bbox 182 810 364 892; x_wconf 86' lang='lat' dir='ltr'>certumque</span> <span class='ocrx_word' id='word_1_36' title='bbox 387 811 446 889; x_wconf 86' lang='lat' dir='ltr'>est,</span> <span class='ocrx_word' id='word_1_37' title='bbox 470 807 553 891; x_wconf 88' lang='lat' dir='ltr'>quod</span> <span class='ocrx_word' id='word_1_38' title='bbox 580 807 614 871; x_wconf 90' lang='lat' dir='ltr'>in</span> <span class='ocrx_word' id='word_1_39' title='bbox 638 830 675 871; x_wconf 85' lang='lat' dir='ltr'>ea</span> <span class='ocrx_word' id='word_1_40' title='bbox 697 806 873 891; x_wconf 85' lang='lat' dir='ltr'>praefixum</span> <span class='ocrx_word' id='word_1_41' title='bbox 897 810 961 889; x_wconf 88' lang='lat' dir='ltr'>est,</span> <span class='ocrx_word' id='word_1_42' title='bbox 995 828 1054 870; x_wconf 89' lang='lat' dir='ltr'>nec</span> <span class='ocrx_word' id='word_1_43' title='bbox 1076 811 1184 891; x_wconf 88' lang='lat' dir='ltr'>potest</span> <span class='ocrx_word' id='word_1_44' title='bbox 1209 830 1340 891; x_wconf 84' lang='lat' dir='ltr'>prorsus</span> 
     </span>
     <span class='ocr_line' id='line_1_6' title="bbox 97 907 1381 994; baseline 0.004 -25"><span class='ocrx_word' id='word_1_45' title='bbox 97 907 211 993; x_wconf 65' lang='lat' dir='ltr'>solvi,</span> <span class='ocrx_word' id='word_1_46' title='bbox 241 909 392 993; x_wconf 89' lang='lat' dir='ltr'>quamdiu</span> <span class='ocrx_word' id='word_1_47' title='bbox 421 910 565 973; x_wconf 88' lang='lat' dir='ltr'>manenti</span> <span class='ocrx_word' id='word_1_48' title='bbox 599 909 740 994; x_wconf 87' lang='lat' dir='ltr'>praefixa</span> <span class='ocrx_word' id='word_1_49' title='bbox 772 908 905 973; x_wconf 86' lang='lat' dir='ltr'>debetur</span> <span class='ocrx_word' id='word_1_50' title='bbox 938 908 1069 973; x_wconf 88' lang='lat' dir='ltr'>erranti.</span> <span class='ocrx_word' id='word_1_51' title='bbox 1115 907 1190 973; x_wconf 91' lang='lat' dir='ltr'>Non</span> <span class='ocrx_word' id='word_1_52' title='bbox 1219 910 1340 974; x_wconf 87' lang='lat' dir='ltr'>erranti</span> <span class='ocrx_word' id='word_1_53' title='bbox 1378 918 1381 924; x_wconf 87' lang='lat'>&#39;</span> 
     </span>
     <span class='ocr_line' id='line_1_7' title="bbox 98 1010 1338 1096; baseline 0.002 -23"><span class='ocrx_word' id='word_1_54' title='bbox 98 1032 181 1075; x_wconf 71' lang='grc' dir='ltr'>ειη</span> <span class='ocrx_word' id='word_1_55' title='bbox 207 1033 267 1076; x_wconf 88' lang='lat' dir='ltr'>nec</span> <span class='ocrx_word' id='word_1_56' title='bbox 289 1033 393 1095; x_wconf 89' lang='lat' dir='ltr'>poena</span> <span class='ocrx_word' id='word_1_57' title='bbox 415 1014 522 1095; x_wconf 87' lang='lat' dir='ltr'>potest</span> <span class='ocrx_word' id='word_1_58' title='bbox 545 1033 623 1095; x_wconf 87' lang='lat' dir='ltr'>esse,</span> <span class='ocrx_word' id='word_1_59' title='bbox 647 1033 728 1096; x_wconf 87' lang='lat' dir='ltr'>quae</span> <span class='ocrx_word' id='word_1_60' title='bbox 752 1033 816 1074; x_wconf 90' lang='lat' dir='ltr'>non</span> <span class='ocrx_word' id='word_1_61' title='bbox 841 1012 962 1076; x_wconf 76' lang='lat' dir='ltr'>erranti</span> <span class='ocrx_word' id='word_1_62' title='bbox 984 1033 1050 1074; x_wconf 91' lang='lat' dir='ltr'>non</span> <span class='ocrx_word' id='word_1_63' title='bbox 1067 1010 1201 1075; x_wconf 88' lang='lat' dir='ltr'>debetur</span> <span class='ocrx_word' id='word_1_64' title='bbox 1215 1011 1338 1075; x_wconf 87' lang='lat' dir='ltr'>inferri.</span> 
     </span>
     <span class='ocr_line' id='line_1_8' title="bbox 98 1113 1341 1199; baseline 0.002 -24"><span class='ocrx_word' id='word_1_65' title='bbox 98 1133 125 1175; x_wconf 83' lang='lat' dir='ltr'>e</span> <span class='ocrx_word' id='word_1_66' title='bbox 165 1117 305 1178; x_wconf 87' lang='lat' dir='ltr'>mutatur</span> <span class='ocrx_word' id='word_1_67' title='bbox 327 1113 383 1177; x_wconf 91' lang='lat' dir='ltr'>illa</span> <span class='ocrx_word' id='word_1_68' title='bbox 406 1113 537 1177; x_wconf 89' lang='lat' dir='ltr'>omnino</span> <span class='ocrx_word' id='word_1_69' title='bbox 560 1136 617 1177; x_wconf 89' lang='lat' dir='ltr'>nee</span> <span class='ocrx_word' id='word_1_70' title='bbox 641 1114 832 1199; x_wconf 73' lang='lat' dir='ltr'>solvitur²⁵)‚</span> <span class='ocrx_word' id='word_1_71' title='bbox 868 1135 947 1197; x_wconf 88' lang='lat' dir='ltr'>quae</span> <span class='ocrx_word' id='word_1_72' title='bbox 970 1114 1103 1177; x_wconf 91' lang='lat' dir='ltr'>debetur</span> <span class='ocrx_word' id='word_1_73' title='bbox 1126 1114 1256 1178; x_wconf 86' lang='lat' dir='ltr'>erranti.</span> <span class='ocrx_word' id='word_1_74' title='bbox 1301 1113 1341 1187; x_wconf 88' lang='lat' dir='ltr'>ln</span> 
     </span>
     <span class='ocr_line' id='line_1_9' title="bbox 98 1214 1341 1300; baseline 0.001 -21"><span class='ocrx_word' id='word_1_75' title='bbox 98 1241 104 1269; x_wconf 67' lang='grc' dir='ltr'><em>ν</em></span> <span class='ocrx_word' id='word_1_76' title='bbox 146 1236 226 1300; x_wconf 82' lang='lat' dir='ltr'>ergo</span> <span class='ocrx_word' id='word_1_77' title='bbox 247 1218 360 1279; x_wconf 88' lang='lat' dir='ltr'>tenore</span> <span class='ocrx_word' id='word_1_78' title='bbox 382 1214 439 1279; x_wconf 87' lang='lat' dir='ltr'>illa</span> <span class='ocrx_word' id='word_1_79' title='bbox 460 1217 603 1300; x_wconf 84' lang='lat' dir='ltr'>praefixa</span> <span class='ocrx_word' id='word_1_80' title='bbox 626 1219 689 1299; x_wconf 90' lang='lat' dir='ltr'>est,</span> <span class='ocrx_word' id='word_1_81' title='bbox 725 1215 759 1278; x_wconf 94' lang='lat' dir='ltr'>in</span> <span class='ocrx_word' id='word_1_82' title='bbox 792 1237 849 1279; x_wconf 91' lang='lat' dir='ltr'>suo</span> <span class='ocrx_word' id='word_1_83' title='bbox 873 1215 945 1298; x_wconf 85' lang='lat' dir='ltr'>jure</span> <span class='ocrx_word' id='word_1_84' title='bbox 978 1237 1044 1280; x_wconf 93' lang='lat' dir='ltr'>non</span> <span class='ocrx_word' id='word_1_85' title='bbox 1077 1220 1183 1300; x_wconf 86' lang='lat' dir='ltr'>potest</span> <span class='ocrx_word' id='word_1_86' title='bbox 1210 1216 1341 1280; x_wconf 89' lang='lat' dir='ltr'>onmino</span> 
     </span>
     <span class='ocr_line' id='line_1_10' title="bbox 98 1315 1341 1402; baseline 0.003 -24"><span class='ocrx_word' id='word_1_87' title='bbox 98 1315 201 1399; x_wconf 82' lang='lat' dir='ltr'>olri3</span> <span class='ocrx_word' id='word_1_88' title='bbox 232 1317 266 1380; x_wconf 93' lang='lat' dir='ltr'>in</span> <span class='ocrx_word' id='word_1_89' title='bbox 288 1339 354 1382; x_wconf 85' lang='lat' dir='ltr'>nen</span> <span class='ocrx_word' id='word_1_90' title='bbox 377 1340 433 1381; x_wconf 90' lang='lat' dir='ltr'>suo</span> <span class='ocrx_word' id='word_1_91' title='bbox 456 1321 567 1382; x_wconf 88' lang='lat' dir='ltr'>tenore</span> <span class='ocrx_word' id='word_1_92' title='bbox 595 1340 676 1402; x_wconf 86' lang='lat' dir='ltr'>quae</span> <span class='ocrx_word' id='word_1_93' title='bbox 700 1338 857 1381; x_wconf 84' lang='lat' dir='ltr'>essenon</span> <span class='ocrx_word' id='word_1_94' title='bbox 879 1320 1002 1400; x_wconf 86' lang='lat' dir='ltr'>potest,</span> <span class='ocrx_word' id='word_1_95' title='bbox 1027 1318 1097 1401; x_wconf 91' lang='lat' dir='ltr'>jam</span> <span class='ocrx_word' id='word_1_96' title='bbox 1119 1316 1250 1382; x_wconf 83' lang='lat' dir='ltr'>docetur</span> <span class='ocrx_word' id='word_1_97' title='bbox 1272 1340 1341 1382; x_wconf 89' lang='lat' dir='ltr'>esse</span> 
     </span>
     <span class='ocr_line' id='line_1_11' title="bbox 98 1417 1342 1504; baseline 0.004 -24"><span class='ocrx_word' id='word_1_98' title='bbox 98 1422 216 1502; x_wconf 70' lang='lat' dir='ltr'>zuata,</span> <span class='ocrx_word' id='word_1_99' title='bbox 251 1422 284 1483; x_wconf 90' lang='lat' dir='ltr'>et</span> <span class='ocrx_word' id='word_1_100' title='bbox 313 1420 367 1503; x_wconf 90' lang='lat' dir='ltr'>jus</span> <span class='ocrx_word' id='word_1_101' title='bbox 400 1420 467 1484; x_wconf 91' lang='lat' dir='ltr'>illie</span> <span class='ocrx_word' id='word_1_102' title='bbox 495 1421 624 1504; x_wconf 85' lang='lat' dir='ltr'>penitus</span> <span class='ocrx_word' id='word_1_103' title='bbox 653 1441 718 1484; x_wconf 92' lang='lat' dir='ltr'>non</span> <span class='ocrx_word' id='word_1_104' title='bbox 746 1417 882 1502; x_wconf 88' lang='lat' dir='ltr'>habere,</span> <span class='ocrx_word' id='word_1_105' title='bbox 915 1421 970 1484; x_wconf 88' lang='lat' dir='ltr'>ubi</span> <span class='ocrx_word' id='word_1_106' title='bbox 1005 1441 1133 1485; x_wconf 84' lang='lat' dir='ltr'>eausam</span> <span class='ocrx_word' id='word_1_107' title='bbox 1155 1419 1342 1485; x_wconf 89' lang='lat' dir='ltr'>nonhabet</span> 
     </span>
     <span class='ocr_line' id='line_1_12' title="bbox 98 1519 256 1584; baseline 0.038 -6"><span class='ocrx_word' id='word_1_108' title='bbox 98 1519 256 1584; x_wconf 73' lang='lat' dir='ltr'>ristendi.</span> 
     </span>
    </p>

    <p class='ocr_par' dir='ltr' id='par_1_3' title="bbox 99 1622 1492 3543">
     <span class='ocr_line' id='line_1_13' title="bbox 160 1622 1341 1708; baseline 0.003 -22"><span class='ocrx_word' id='word_1_109' title='bbox 160 1624 188 1686; x_wconf 83' lang='lat'>4.</span> <span class='ocrx_word' id='word_1_110' title='bbox 210 1622 331 1688; x_wconf 88' lang='lat' dir='ltr'>Plenae</span> <span class='ocrx_word' id='word_1_111' title='bbox 353 1627 429 1688; x_wconf 83' lang='lat' dir='ltr'>eunt</span> <span class='ocrx_word' id='word_1_112' title='bbox 451 1626 582 1688; x_wconf 86' lang='lat' dir='ltr'>sanctae</span> <span class='ocrx_word' id='word_1_113' title='bbox 606 1622 790 1708; x_wconf 81' lang='lat' dir='ltr'>Scripturae</span> <span class='ocrx_word' id='word_1_114' title='bbox 813 1623 871 1686; x_wconf 87' lang='lat' dir='ltr'>tali</span> <span class='ocrx_word' id='word_1_115' title='bbox 895 1623 998 1687; x_wconf 88' lang='lat' dir='ltr'>forma</span> <span class='ocrx_word' id='word_1_116' title='bbox 1018 1623 1176 1706; x_wconf 89' lang='lat' dir='ltr'>justitiae.</span> <span class='ocrx_word' id='word_1_117' title='bbox 1200 1622 1341 1689; x_wconf 88' lang='lat' dir='ltr'>Dicitur:</span> 
     </span>
     <span class='ocr_line' id='line_1_14' title="bbox 99 1693 1457 1830; baseline 0.002 -43"><span class='ocrx_word' id='word_1_118' title='bbox 99 1737 204 1790; x_wconf 64' lang='lat' dir='ltr'>”eant</span> <span class='ocrx_word' id='word_1_119' title='bbox 212 1737 389 1806; x_wconf 79' lang='lat' dir='ltr'>peccatores</span> <span class='ocrx_word' id='word_1_120' title='bbox 402 1748 422 1789; x_wconf 87' lang='grc' dir='ltr'><em>α</em></span> <span class='ocrx_word' id='word_1_121' title='bbox 434 1738 528 1804; x_wconf 75' lang='lat' dir='ltr'>terra,</span> <span class='ocrx_word' id='word_1_122' title='bbox 543 1733 585 1790; x_wconf 78' lang='lat' dir='ltr'>ila</span> <span class='ocrx_word' id='word_1_123' title='bbox 601 1737 634 1790; x_wconf 78' lang='lat' dir='ltr'>at</span> <span class='ocrx_word' id='word_1_124' title='bbox 646 1747 705 1791; x_wconf 83' lang='lat' dir='ltr'>noa</span> <span class='ocrx_word' id='word_1_125' title='bbox 721 1733 796 1790; x_wconf 70' lang='lat' dir='ltr'>sint·</span> <span class='ocrx_word' id='word_1_126' title='bbox 813 1725 891 1811; x_wconf 67' lang='lat' dir='ltr'>mre)</span> <span class='ocrx_word' id='word_1_127' title='bbox 908 1746 968 1789; x_wconf 82' lang='lat' dir='ltr'>aon</span> <span class='ocrx_word' id='word_1_128' title='bbox 984 1731 1043 1790; x_wconf 83' lang='lat' dir='ltr'>siat</span> <span class='ocrx_word' id='word_1_129' title='bbox 1057 1735 1292 1805; x_wconf 80' lang='lat' dir='ltr'>peccatores,</span> <span class='ocrx_word' id='word_1_130' title='bbox 1311 1693 1457 1830; x_wconf 48' lang='lat' dir='ltr'>11er2}</span> 
     </span>
     <span class='ocr_line' id='line_1_15' title="bbox 99 1831 1339 1908; baseline 0.004 -20"><span class='ocrx_word' id='word_1_131' title='bbox 99 1831 218 1892; x_wconf 67' lang='lat' dir='ltr'>:isreal</span> <span class='ocrx_word' id='word_1_132' title='bbox 239 1850 303 1893; x_wconf 79' lang='lat' dir='ltr'>esse</span> <span class='ocrx_word' id='word_1_133' title='bbox 319 1838 507 1908; x_wconf 78' lang='lat' dir='ltr'>peccatores,</span> <span class='ocrx_word' id='word_1_134' title='bbox 532 1835 562 1891; x_wconf 82' lang='lat' dir='ltr'>r&#39;a</span> <span class='ocrx_word' id='word_1_135' title='bbox 584 1834 641 1892; x_wconf 81' lang='lat' dir='ltr'>boc</span> <span class='ocrx_word' id='word_1_136' title='bbox 658 1841 839 1908; x_wconf 83' lang='lat' dir='ltr'>pereant,</span> <span class='ocrx_word' id='word_1_137' title='bbox 864 1839 896 1891; x_wconf 81' lang='lat' dir='ltr'>at</span> <span class='ocrx_word' id='word_1_138' title='bbox 912 1848 975 1891; x_wconf 87' lang='lat' dir='ltr'>esse</span> <span class='ocrx_word' id='word_1_139' title='bbox 989 1831 1134 1902; x_wconf 81' lang='lat' dir='ltr'>deficiant</span> <span class='ocrx_word' id='word_1_140' title='bbox 1150 1841 1339 1907; x_wconf 80' lang='lat' dir='ltr'>peccatores.</span> 
     </span>
     <span class='ocr_line' id='line_1_16' title="bbox 99 1927 1342 2014; baseline 0.003 -24"><span class='ocrx_word' id='word_1_141' title='bbox 99 1928 220 1992; x_wconf 75' lang='lat' dir='ltr'>berum</span> <span class='ocrx_word' id='word_1_142' title='bbox 241 1931 268 1994; x_wconf 89' lang='lat' dir='ltr'>si</span> <span class='ocrx_word' id='word_1_143' title='bbox 291 1951 420 2014; x_wconf 88' lang='lat' dir='ltr'>prorsus</span> <span class='ocrx_word' id='word_1_144' title='bbox 449 1932 633 2013; x_wconf 89' lang='lat' dir='ltr'>peccatores</span> <span class='ocrx_word' id='word_1_145' title='bbox 665 1928 839 1993; x_wconf 89' lang='lat' dir='ltr'>seeundum</span> <span class='ocrx_word' id='word_1_146' title='bbox 867 1927 1044 2012; x_wconf 89' lang='lat' dir='ltr'>prophetae</span> <span class='ocrx_word' id='word_1_147' title='bbox 1071 1930 1266 1993; x_wconf 83' lang='lat' dir='ltr'>sententiam</span> <span class='ocrx_word' id='word_1_148' title='bbox 1292 1952 1342 1994; x_wconf 86' lang='lat' dir='ltr'>us·</span> 
     </span>
     <span class='ocr_line' id='line_1_17' title="bbox 99 2022 1340 2116; baseline 0.005 -27"><span class='ocrx_word' id='word_1_149' title='bbox 99 2046 259 2116; x_wconf 67' lang='lat' dir='ltr'>aquaque</span> <span class='ocrx_word' id='word_1_150' title='bbox 282 2022 475 2115; x_wconf 78' lang='lat' dir='ltr'>deperirent,</span> <span class='ocrx_word' id='word_1_151' title='bbox 505 2031 590 2116; x_wconf 59' lang='lat' dir='ltr'>atil)</span> <span class='ocrx_word' id='word_1_152' title='bbox 614 2032 871 2096; x_wconf 83' lang='lat' dir='ltr'>substantialiter</span> <span class='ocrx_word' id='word_1_153' title='bbox 898 2052 964 2093; x_wconf 91' lang='lat' dir='ltr'>non</span> <span class='ocrx_word' id='word_1_154' title='bbox 988 2029 1170 2094; x_wconf 87' lang='lat' dir='ltr'>subessent:</span> <span class='ocrx_word' id='word_1_155' title='bbox 1203 2031 1257 2116; x_wconf 90' lang='lat' dir='ltr'>qui</span> <span class='ocrx_word' id='word_1_156' title='bbox 1280 2032 1340 2095; x_wconf 87' lang='lat' dir='ltr'>sal-</span> 
     </span>
     <span class='ocr_line' id='line_1_18' title="bbox 99 2128 1492 2227; baseline 0.003 -36"><span class='ocrx_word' id='word_1_157' title='bbox 99 2128 142 2191; x_wconf 81' lang='lat' dir='ltr'>ri</span> <span class='ocrx_word' id='word_1_158' title='bbox 172 2133 349 2214; x_wconf 87' lang='lat' dir='ltr'>potuissent</span> <span class='ocrx_word' id='word_1_159' title='bbox 377 2132 631 2218; x_wconf 86' lang='lat' dir='ltr'>aRedemptare</span> <span class='ocrx_word' id='word_1_160' title='bbox 653 2136 780 2215; x_wconf 91' lang='lat' dir='ltr'>nostro,</span> <span class='ocrx_word' id='word_1_161' title='bbox 817 2131 871 2215; x_wconf 92' lang='lat' dir='ltr'>qui</span> <span class='ocrx_word' id='word_1_162' title='bbox 899 2139 980 2196; x_wconf 81' lang='lat' dir='ltr'>venit</span> <span class='ocrx_word' id='word_1_163' title='bbox 1009 2152 1069 2196; x_wconf 84' lang='lat' dir='ltr'>noa</span> <span class='ocrx_word' id='word_1_164' title='bbox 1090 2138 1191 2211; x_wconf 77' lang='lat' dir='ltr'>jnrros</span> <span class='ocrx_word' id='word_1_165' title='bbox 1219 2131 1492 2227; x_wconf 59' lang='lat' dir='ltr'>vocaralauobss·</span> 
     </span>
     <span class='ocr_line' id='line_1_19' title="bbox 99 2216 1447 2338; baseline 0.002 -42"><span class='ocrx_word' id='word_1_166' title='bbox 99 2234 118 2290; x_wconf 75' lang='grc'><strong><em>1</em></strong></span> <span class='ocrx_word' id='word_1_167' title='bbox 146 2247 334 2318; x_wconf 60' lang='lat' dir='ltr'>peccatorem</span> <span class='ocrx_word' id='word_1_168' title='bbox 369 2236 418 2299; x_wconf 86' lang='lat' dir='ltr'>vel</span> <span class='ocrx_word' id='word_1_169' title='bbox 441 2236 479 2299; x_wconf 92' lang='lat' dir='ltr'>de</span> <span class='ocrx_word' id='word_1_170' title='bbox 502 2235 615 2319; x_wconf 87' lang='lat' dir='ltr'>quibus</span> <span class='ocrx_word' id='word_1_171' title='bbox 638 2234 717 2299; x_wconf 79' lang='lat' dir='ltr'>(licit</span> <span class='ocrx_word' id='word_1_172' title='bbox 739 2234 915 2319; x_wconf 88' lang='lat' dir='ltr'>apostolus:</span> <span class='ocrx_word' id='word_1_173' title='bbox 948 2238 1083 2299; x_wconf 77' lang='lat' dir='ltr'>Christus</span> <span class='ocrx_word' id='word_1_174' title='bbox 1106 2242 1185 2299; x_wconf 80' lang='lat' dir='ltr'>verrit</span> <span class='ocrx_word' id='word_1_175' title='bbox 1206 2240 1237 2298; x_wconf 84' lang='lat' dir='ltr'>in</span> <span class='ocrx_word' id='word_1_176' title='bbox 1260 2239 1342 2299; x_wconf 78' lang='lat' dir='ltr'>lranc</span> <span class='ocrx_word' id='word_1_177' title='bbox 1358 2216 1447 2338; x_wconf 52' lang='grc' dir='ltr'><strong>ῙῙΤῗῙόΠ·</strong></span> 
     </span>
     <span class='ocr_line' id='line_1_20' title="bbox 99 2327 1491 2436; baseline 0.006 -44"><span class='ocrx_word' id='word_1_178' title='bbox 99 2340 214 2400; x_wconf 69' lang='lat' dir='ltr'>endam</span> <span class='ocrx_word' id='word_1_179' title='bbox 231 2349 411 2417; x_wconf 83' lang='lat' dir='ltr'>peccatores</span> <span class='ocrx_word' id='word_1_180' title='bbox 431 2338 669 2414; x_wconf 77' lang='lat' dir='ltr'>salros&#39;saccre,</span> <span class='ocrx_word' id='word_1_181' title='bbox 699 2358 826 2416; x_wconf 81' lang='lat' dir='ltr'>quor-roa</span> <span class='ocrx_word' id='word_1_182' title='bbox 844 2343 964 2418; x_wconf 77' lang='lat' dir='ltr'>primus</span> <span class='ocrx_word' id='word_1_183' title='bbox 986 2358 1042 2415; x_wconf 71' lang='lat' dir='ltr'>eqo</span> <span class='ocrx_word' id='word_1_184' title='bbox 1063 2357 1144 2410; x_wconf 65' lang='lat' dir='ltr'>sunm</span> <span class='ocrx_word' id='word_1_185' title='bbox 1174 2339 1221 2400; x_wconf 91' lang='lat' dir='ltr'>et:</span> <span class='ocrx_word' id='word_1_186' title='bbox 1247 2341 1340 2412; x_wconf 70' lang='lat' dir='ltr'>(laram</span> <span class='ocrx_word' id='word_1_187' title='bbox 1351 2327 1491 2436; x_wconf 52' lang='lat' dir='ltr'>R,&#39;„„J5,3¹</span> 
     </span>
     <span class='ocr_line' id='line_1_21' title="bbox 99 2437 1341 2523; baseline 0.007 -30"><span class='ocrx_word' id='word_1_188' title='bbox 99 2448 248 2503; x_wconf 77' lang='lat' dir='ltr'>coctores</span> <span class='ocrx_word' id='word_1_189' title='bbox 270 2461 406 2518; x_wconf 82' lang='lat' dir='ltr'>essemus,</span> <span class='ocrx_word' id='word_1_190' title='bbox 431 2445 510 2504; x_wconf 80' lang='lat' dir='ltr'>misit</span> <span class='ocrx_word' id='word_1_191' title='bbox 531 2445 611 2504; x_wconf 85' lang='lat' dir='ltr'>Deus</span> <span class='ocrx_word' id='word_1_192' title='bbox 634 2446 744 2504; x_wconf 81' lang='lat' dir='ltr'>Filium</span> <span class='ocrx_word' id='word_1_193' title='bbox 765 2461 862 2518; x_wconf 81' lang='lat' dir='ltr'>suam,</span> <span class='ocrx_word' id='word_1_194' title='bbox 886 2441 919 2503; x_wconf 90' lang='lat' dir='ltr'>ct</span> <span class='ocrx_word' id='word_1_195' title='bbox 934 2442 1039 2502; x_wconf 88' lang='lat' dir='ltr'>cetera</span> <span class='ocrx_word' id='word_1_196' title='bbox 1054 2437 1259 2523; x_wconf 78' lang='lat' dir='ltr'>hujusmodi?</span> <span class='ocrx_word' id='word_1_197' title='bbox 1278 2438 1341 2502; x_wconf 87' lang='lat' dir='ltr'>Hic</span> 
     </span>
     <span class='ocr_line' id='line_1_22' title="bbox 100 2540 1340 2625; baseline 0.006 -28"><span class='ocrx_word' id='word_1_198' title='bbox 100 2551 184 2600; x_wconf 82' lang='lat' dir='ltr'>vera</span> <span class='ocrx_word' id='word_1_199' title='bbox 204 2540 331 2623; x_wconf 86' lang='lat' dir='ltr'>plurimi</span> <span class='ocrx_word' id='word_1_200' title='bbox 356 2541 453 2605; x_wconf 89' lang='lat' dir='ltr'>etiam</span> <span class='ocrx_word' id='word_1_201' title='bbox 477 2540 732 2605; x_wconf 85' lang='lat' dir='ltr'>substantialiter</span> <span class='ocrx_word' id='word_1_202' title='bbox 747 2541 912 2624; x_wconf 90' lang='lat' dir='ltr'>perierunt</span> <span class='ocrx_word' id='word_1_203' title='bbox 928 2545 1122 2625; x_wconf 81' lang='lat' dir='ltr'>peccatores,</span> <span class='ocrx_word' id='word_1_204' title='bbox 1147 2541 1340 2625; x_wconf 82' lang='lat' dir='ltr'>inpeccatis</span> 
     </span>
     <span class='ocr_line' id='line_1_23' title="bbox 100 2631 1340 2728; baseline 0.002 -25"><span class='ocrx_word' id='word_1_205' title='bbox 100 2631 141 2696; x_wconf 72' lang='lat' dir='ltr'>is</span> <span class='ocrx_word' id='word_1_206' title='bbox 165 2643 268 2726; x_wconf 89' lang='lat' dir='ltr'>utique</span> <span class='ocrx_word' id='word_1_207' title='bbox 291 2647 528 2726; x_wconf 84' lang='lat' dir='ltr'>permanentes,</span> <span class='ocrx_word' id='word_1_208' title='bbox 559 2665 694 2728; x_wconf 86' lang='lat' dir='ltr'>veraque</span> <span class='ocrx_word' id='word_1_209' title='bbox 722 2643 757 2705; x_wconf 94' lang='lat' dir='ltr'>in</span> <span class='ocrx_word' id='word_1_210' title='bbox 786 2644 831 2706; x_wconf 91' lang='lat' dir='ltr'>eis</span> <span class='ocrx_word' id='word_1_211' title='bbox 855 2643 1016 2706; x_wconf 88' lang='lat' dir='ltr'>sententia</span> <span class='ocrx_word' id='word_1_212' title='bbox 1044 2642 1130 2706; x_wconf 88' lang='lat' dir='ltr'>dicta</span> <span class='ocrx_word' id='word_1_213' title='bbox 1151 2643 1340 2727; x_wconf 89' lang='lat' dir='ltr'>permansit,</span> 
     </span>
     <span class='ocr_line' id='line_1_24' title="bbox 100 2743 1341 2829; baseline 0.003 -24"><span class='ocrx_word' id='word_1_214' title='bbox 100 2752 298 2828; x_wconf 77' lang='lat' dir='ltr'>¹nquamque</span> <span class='ocrx_word' id='word_1_215' title='bbox 319 2746 459 2809; x_wconf 88' lang='lat' dir='ltr'>resoluta</span> <span class='ocrx_word' id='word_1_216' title='bbox 488 2749 550 2828; x_wconf 79' lang='lat' dir='ltr'>est3</span> <span class='ocrx_word' id='word_1_217' title='bbox 580 2748 743 2808; x_wconf 90' lang='lat' dir='ltr'>ettamen</span> <span class='ocrx_word' id='word_1_218' title='bbox 767 2746 876 2808; x_wconf 88' lang='lat' dir='ltr'>eadem</span> <span class='ocrx_word' id='word_1_219' title='bbox 899 2745 932 2807; x_wconf 89' lang='lat' dir='ltr'>in</span> <span class='ocrx_word' id='word_1_220' title='bbox 955 2743 1085 2826; x_wconf 89' lang='lat' dir='ltr'>talibus,</span> <span class='ocrx_word' id='word_1_221' title='bbox 1115 2744 1229 2829; x_wconf 90' lang='lat' dir='ltr'>quibus</span> <span class='ocrx_word' id='word_1_222' title='bbox 1252 2767 1341 2829; x_wconf 75' lang='lat' dir='ltr'>prae</span> 
     </span>
     <span class='ocr_line' id='line_1_25' title="bbox 100 2846 1341 2932; baseline 0.003 -25"><span class='ocrx_word' id='word_1_223' title='bbox 100 2853 139 2897; x_wconf 70' lang='lat'>18</span> <span class='ocrx_word' id='word_1_224' title='bbox 162 2848 218 2927; x_wconf 87' lang='lat' dir='ltr'>est,</span> <span class='ocrx_word' id='word_1_225' title='bbox 248 2849 458 2930; x_wconf 79' lang='lat' dir='ltr'>permanente</span> <span class='ocrx_word' id='word_1_226' title='bbox 491 2850 655 2932; x_wconf 88' lang='lat' dir='ltr'>perpetua,</span> <span class='ocrx_word' id='word_1_227' title='bbox 690 2846 827 2930; x_wconf 90' lang='lat' dir='ltr'>quodam</span> <span class='ocrx_word' id='word_1_228' title='bbox 860 2868 978 2931; x_wconf 86' lang='lat' dir='ltr'>genere</span> <span class='ocrx_word' id='word_1_229' title='bbox 1000 2846 1122 2909; x_wconf 88' lang='lat' dir='ltr'>factum</span> <span class='ocrx_word' id='word_1_230' title='bbox 1156 2851 1214 2929; x_wconf 90' lang='lat' dir='ltr'>est,</span> <span class='ocrx_word' id='word_1_231' title='bbox 1249 2851 1286 2910; x_wconf 88' lang='lat' dir='ltr'>ut</span> <span class='ocrx_word' id='word_1_232' title='bbox 1306 2848 1341 2911; x_wconf 89' lang='lat' dir='ltr'>in</span> 
     </span>
     <span class='ocr_line' id='line_1_26' title="bbox 101 2930 1341 3033; baseline 0.002 -24"><span class='ocrx_word' id='word_1_233' title='bbox 101 2930 193 3010; x_wconf 69' lang='lat' dir='ltr'>libus</span> <span class='ocrx_word' id='word_1_234' title='bbox 221 2968 286 3011; x_wconf 90' lang='lat' dir='ltr'>non</span> <span class='ocrx_word' id='word_1_235' title='bbox 316 2969 540 3033; x_wconf 86' lang='lat' dir='ltr'>usquequaque</span> <span class='ocrx_word' id='word_1_236' title='bbox 562 2949 784 3032; x_wconf 90' lang='lat' dir='ltr'>manentibus,</span> <span class='ocrx_word' id='word_1_237' title='bbox 815 2949 848 3012; x_wconf 87' lang='lat' dir='ltr'>id</span> <span class='ocrx_word' id='word_1_238' title='bbox 876 2950 925 3011; x_wconf 86' lang='lat' dir='ltr'>est</span> <span class='ocrx_word' id='word_1_239' title='bbox 951 2947 985 3010; x_wconf 94' lang='lat' dir='ltr'>in</span> <span class='ocrx_word' id='word_1_240' title='bbox 1011 2948 1153 3031; x_wconf 87' lang='lat' dir='ltr'>peccatis</span> <span class='ocrx_word' id='word_1_241' title='bbox 1182 2948 1246 3010; x_wconf 80' lang='lat' dir='ltr'>suis</span> <span class='ocrx_word' id='word_1_242' title='bbox 1275 2971 1341 3011; x_wconf 87' lang='lat' dir='ltr'>non</span> 
     </span>
     <span class='ocr_line' id='line_1_27' title="bbox 100 3048 1340 3134; baseline -0.005 -16"><span class='ocrx_word' id='word_1_243' title='bbox 100 3056 298 3134; x_wconf 74' lang='lat' dir='ltr'>quequaque</span> <span class='ocrx_word' id='word_1_244' title='bbox 313 3049 514 3133; x_wconf 84' lang='lat' dir='ltr'>durantibus,</span> <span class='ocrx_word' id='word_1_245' title='bbox 531 3052 693 3115; x_wconf 85' lang='lat' dir='ltr'>sententia</span> <span class='ocrx_word' id='word_1_246' title='bbox 711 3054 820 3114; x_wconf 86' lang='lat' dir='ltr'>tamen</span> <span class='ocrx_word' id='word_1_247' title='bbox 836 3049 978 3134; x_wconf 85' lang='lat' dir='ltr'>praefixa</span> <span class='ocrx_word' id='word_1_248' title='bbox 993 3048 1111 3112; x_wconf 89' lang='lat' dir='ltr'>talibus</span> <span class='ocrx_word' id='word_1_249' title='bbox 1126 3052 1340 3133; x_wconf 89' lang='lat' dir='ltr'>permaneret.</span> 
     </span>
     <span class='ocr_line' id='line_1_28' title="bbox 101 3150 1341 3236; baseline -0.002 -21"><span class='ocrx_word' id='word_1_250' title='bbox 101 3154 156 3206; x_wconf 67' lang='lat' dir='ltr'>cm</span> <span class='ocrx_word' id='word_1_251' title='bbox 180 3150 287 3236; x_wconf 80' lang='lat' dir='ltr'>etsi²⁸)</span> <span class='ocrx_word' id='word_1_252' title='bbox 306 3166 449 3231; x_wconf 81' lang='lat' dir='ltr'>pereunt,</span> <span class='ocrx_word' id='word_1_253' title='bbox 480 3153 535 3217; x_wconf 89' lang='lat' dir='ltr'>sed</span> <span class='ocrx_word' id='word_1_254' title='bbox 562 3175 625 3217; x_wconf 83' lang='lat' dir='ltr'>esse</span> <span class='ocrx_word' id='word_1_255' title='bbox 643 3164 835 3233; x_wconf 69' lang='lat' dir='ltr'>percoleret,</span> <span class='ocrx_word' id='word_1_256' title='bbox 869 3155 904 3214; x_wconf 91' lang='lat' dir='ltr'>ut</span> <span class='ocrx_word' id='word_1_257' title='bbox 931 3151 1051 3214; x_wconf 88' lang='lat' dir='ltr'>dictum</span> <span class='ocrx_word' id='word_1_258' title='bbox 1079 3154 1143 3214; x_wconf 89' lang='lat' dir='ltr'>est:</span> <span class='ocrx_word' id='word_1_259' title='bbox 1181 3172 1247 3214; x_wconf 93' lang='lat' dir='ltr'>non</span> <span class='ocrx_word' id='word_1_260' title='bbox 1269 3172 1341 3234; x_wconf 89' lang='lat' dir='ltr'>poe·</span> 
     </span>
     <span class='ocr_line' id='line_1_29' title="bbox 101 3234 1341 3338; baseline 0.001 -25"><span class='ocrx_word' id='word_1_261' title='bbox 101 3234 202 3335; x_wconf 70' lang='lat' dir='ltr'>diter,</span> <span class='ocrx_word' id='word_1_262' title='bbox 226 3253 281 3317; x_wconf 87' lang='lat' dir='ltr'>sed</span> <span class='ocrx_word' id='word_1_263' title='bbox 305 3254 520 3318; x_wconf 88' lang='lat' dir='ltr'>remedialiter</span> <span class='ocrx_word' id='word_1_264' title='bbox 549 3253 684 3338; x_wconf 88' lang='lat' dir='ltr'>quodam</span> <span class='ocrx_word' id='word_1_265' title='bbox 714 3257 746 3316; x_wconf 89' lang='lat' dir='ltr'>et</span> <span class='ocrx_word' id='word_1_266' title='bbox 768 3253 829 3337; x_wconf 90' lang='lat' dir='ltr'>ipsi</span> <span class='ocrx_word' id='word_1_267' title='bbox 852 3273 970 3337; x_wconf 83' lang='lat' dir='ltr'>genere</span> <span class='ocrx_word' id='word_1_268' title='bbox 992 3252 1176 3335; x_wconf 79' lang='lat' dir='ltr'>perierunt3</span> <span class='ocrx_word' id='word_1_269' title='bbox 1205 3253 1341 3334; x_wconf 86' lang='lat' dir='ltr'>quodam</span> 
     </span>
     <span class='ocr_line' id='line_1_30' title="bbox 101 3353 1340 3439; baseline 0.001 -25"><span class='ocrx_word' id='word_1_270' title='bbox 101 3355 190 3418; x_wconf 69' lang='lat' dir='ltr'>nere</span> <span class='ocrx_word' id='word_1_271' title='bbox 213 3359 245 3418; x_wconf 90' lang='lat' dir='ltr'>et</span> <span class='ocrx_word' id='word_1_272' title='bbox 268 3355 300 3417; x_wconf 92' lang='lat' dir='ltr'>in</span> <span class='ocrx_word' id='word_1_273' title='bbox 325 3355 403 3439; x_wconf 90' lang='lat' dir='ltr'>ipsis</span> <span class='ocrx_word' id='word_1_274' title='bbox 426 3356 545 3419; x_wconf 88' lang='lat' dir='ltr'>mansit</span> <span class='ocrx_word' id='word_1_275' title='bbox 567 3356 709 3439; x_wconf 84' lang='lat' dir='ltr'>praelixa</span> <span class='ocrx_word' id='word_1_276' title='bbox 737 3354 908 3436; x_wconf 83' lang='lat' dir='ltr'>sententia,</span> <span class='ocrx_word' id='word_1_277' title='bbox 939 3353 1040 3416; x_wconf 88' lang='lat' dir='ltr'>donec</span> <span class='ocrx_word' id='word_1_278' title='bbox 1068 3374 1259 3437; x_wconf 88' lang='lat' dir='ltr'>permanens</span> <span class='ocrx_word' id='word_1_279' title='bbox 1288 3374 1340 3416; x_wconf 83' lang='lat' dir='ltr'>eos</span> 
     </span>
     <span class='ocr_line' id='line_1_31' title="bbox 101 3434 1339 3543; baseline -0.001 -24"><span class='ocrx_word' id='word_1_280' title='bbox 101 3434 215 3521; x_wconf 68' lang='lat' dir='ltr'>ie&lt;rtet</span> <span class='ocrx_word' id='word_1_281' title='bbox 235 3479 302 3521; x_wconf 91' lang='lat' dir='ltr'>non</span> <span class='ocrx_word' id='word_1_282' title='bbox 325 3479 393 3521; x_wconf 89' lang='lat' dir='ltr'>esse</span> <span class='ocrx_word' id='word_1_283' title='bbox 421 3458 662 3543; x_wconf 63' lang='lat' dir='ltr'>peccatoram.</span> <span class='ocrx_word' id='word_1_284' title='bbox 707 3456 873 3540; x_wconf 74' lang='lat' dir='ltr'>completa</span> <span class='ocrx_word' id='word_1_285' title='bbox 901 3457 950 3519; x_wconf 87' lang='lat' dir='ltr'>est</span> <span class='ocrx_word' id='word_1_286' title='bbox 972 3458 1005 3519; x_wconf 91' lang='lat' dir='ltr'>et</span> <span class='ocrx_word' id='word_1_287' title='bbox 1032 3455 1066 3518; x_wconf 92' lang='lat' dir='ltr'>in</span> <span class='ocrx_word' id='word_1_288' title='bbox 1095 3456 1139 3519; x_wconf 90' lang='lat' dir='ltr'>eis</span> <span class='ocrx_word' id='word_1_289' title='bbox 1168 3455 1339 3538; x_wconf 88' lang='lat' dir='ltr'>sententia,</span> 
     </span>
    </p>

    <p class='ocr_par' dir='ltr' id='par_1_4' title="bbox 101 3545 1339 3644">
     <span class='ocr_line' id='line_1_32' title="bbox 101 3545 1339 3644; baseline 0 -23"><span class='ocrx_word' id='word_1_290' title='bbox 101 3545 180 3642; x_wconf 57' lang='grc' dir='ltr'>ΒΞ’0)</span> <span class='ocrx_word' id='word_1_291' title='bbox 202 3581 265 3644; x_wconf 90' lang='lat' dir='ltr'>quo</span> <span class='ocrx_word' id='word_1_292' title='bbox 288 3561 398 3623; x_wconf 88' lang='lat' dir='ltr'>tenore</span> <span class='ocrx_word' id='word_1_293' title='bbox 420 3563 551 3644; x_wconf 92' lang='lat' dir='ltr'>peracto</span> <span class='ocrx_word' id='word_1_294' title='bbox 572 3580 764 3643; x_wconf 88' lang='lat' dir='ltr'>permanens</span> <span class='ocrx_word' id='word_1_295' title='bbox 791 3558 847 3622; x_wconf 91' lang='lat' dir='ltr'>illa</span> <span class='ocrx_word' id='word_1_296' title='bbox 870 3557 1031 3622; x_wconf 89' lang='lat' dir='ltr'>sententia</span> <span class='ocrx_word' id='word_1_297' title='bbox 1047 3563 1246 3637; x_wconf 78' lang='lat' dir='ltr'>pereuntibus</span> <span class='ocrx_word' id='word_1_298' title='bbox 1268 3580 1339 3640; x_wconf 87' lang='lat' dir='ltr'>pee-</span> 
     </span>
    </p>
   </div>
   <div class='ocr_carea' id='block_1_3' title="bbox 102 3694 375 3722">
    <p class='ocr_par' dir='ltr' id='par_1_5' title="bbox 102 3694 375 3722">
     <span class='ocr_line' id='line_1_33' title="bbox 102 3694 375 3722; baseline 0.007 -2"><span class='ocrx_word' id='word_1_299' title='bbox 102 3694 375 3722; x_wconf 45' lang='lat' dir='ltr'>N-——ffl-</span> 
     </span>
    </p>
   </div>
   <div class='ocr_carea' id='block_1_4' title="bbox 102 3789 1341 4208">
    <p class='ocr_par' dir='ltr' id='par_1_6' title="bbox 102 3789 1339 3953">
     <span class='ocr_line' id='line_1_34' title="bbox 124 3789 1293 3867; baseline -0.007 -13"><span class='ocrx_word' id='word_1_300' title='bbox 124 3789 172 3866; x_wconf 70' lang='lat'>²⁴)</span> <span class='ocrx_word' id='word_1_301' title='bbox 190 3801 218 3854; x_wconf 85' lang='lat' dir='ltr'>d¹</span> <span class='ocrx_word' id='word_1_302' title='bbox 232 3800 261 3853; x_wconf 81' lang='lat' dir='ltr'>d²</span> <span class='ocrx_word' id='word_1_303' title='bbox 279 3808 304 3852; x_wconf 82' lang='lat' dir='ltr'>cl</span> <span class='ocrx_word' id='word_1_304' title='bbox 327 3818 410 3852; x_wconf 84' lang='lat' dir='ltr'>verum</span> <span class='ocrx_word' id='word_1_305' title='bbox 427 3810 569 3867; x_wconf 81' lang='lat' dir='ltr'>certamque</span> <span class='ocrx_word' id='word_1_306' title='bbox 592 3809 644 3865; x_wconf 77' lang='lat' dir='ltr'>est,</span> <span class='ocrx_word' id='word_1_307' title='bbox 668 3803 737 3867; x_wconf 82' lang='lat' dir='ltr'>quod</span> <span class='ocrx_word' id='word_1_308' title='bbox 753 3803 778 3850; x_wconf 81' lang='lat' dir='ltr'>in</span> <span class='ocrx_word' id='word_1_309' title='bbox 796 3807 901 3850; x_wconf 79' lang='lat' dir='ltr'>errante</span> <span class='ocrx_word' id='word_1_310' title='bbox 921 3795 968 3863; x_wconf 68' lang='grc' dir='ltr'>(Ν3</span> <span class='ocrx_word' id='word_1_311' title='bbox 980 3795 1010 3848; x_wconf 76' lang='lat' dir='ltr'>d²</span> <span class='ocrx_word' id='word_1_312' title='bbox 1021 3801 1047 3848; x_wconf 85' lang='lat' dir='ltr'>ia</span> <span class='ocrx_word' id='word_1_313' title='bbox 1060 3797 1101 3864; x_wconf 84' lang='lat' dir='ltr'>eo)</span> <span class='ocrx_word' id='word_1_314' title='bbox 1117 3802 1239 3864; x_wconf 75' lang='lat' dir='ltr'>praefixo</span> <span class='ocrx_word' id='word_1_315' title='bbox 1255 3807 1293 3849; x_wconf 76' lang='lat' dir='ltr'>err</span> 
     </span>
     <span class='ocr_line' id='line_1_35' title="bbox 102 3884 641 3953; baseline -0.007 -14"><span class='ocrx_word' id='word_1_316' title='bbox 102 3884 190 3939; x_wconf 61' lang='lat' dir='ltr'>mdia</span> <span class='ocrx_word' id='word_1_317' title='bbox 208 3891 234 3938; x_wconf 84' lang='lat' dir='ltr'>ia</span> <span class='ocrx_word' id='word_1_318' title='bbox 252 3903 344 3938; x_wconf 84' lang='lat' dir='ltr'>errore</span> <span class='ocrx_word' id='word_1_319' title='bbox 362 3889 483 3947; x_wconf 72' lang='lat' dir='ltr'>nicaenii,</span> <span class='ocrx_word' id='word_1_320' title='bbox 503 3885 641 3953; x_wconf 84' lang='lat' dir='ltr'>corrupte.</span> 
     </span>
    </p>

    <p class='ocr_par' dir='ltr' id='par_1_7' title="bbox 102 3957 1341 4122">
     <span class='ocr_line' id='line_1_36' title="bbox 121 3957 1341 4035; baseline -0.006 -11"><span class='ocrx_word' id='word_1_321' title='bbox 121 3957 172 4035; x_wconf 67' lang='lat'>²²⁸)</span> <span class='ocrx_word' id='word_1_322' title='bbox 190 3969 226 4023; x_wconf 81' lang='lat' dir='ltr'>D²</span> <span class='ocrx_word' id='word_1_323' title='bbox 242 3978 363 4024; x_wconf 75' lang='lat' dir='ltr'>solvetur.</span> <span class='ocrx_word' id='word_1_324' title='bbox 394 3968 458 4024; x_wconf 83' lang='lat' dir='ltr'>Mox</span> <span class='ocrx_word' id='word_1_325' title='bbox 477 3967 504 4021; x_wconf 79' lang='lat' dir='ltr'>d¹</span> <span class='ocrx_word' id='word_1_326' title='bbox 525 3974 561 4022; x_wconf 80' lang='lat' dir='ltr'>Ar</span> <span class='ocrx_word' id='word_1_327' title='bbox 579 3975 604 4021; x_wconf 84' lang='lat' dir='ltr'>in</span> <span class='ocrx_word' id='word_1_328' title='bbox 624 3987 672 4021; x_wconf 83' lang='lat' dir='ltr'>noa</span> <span class='ocrx_word' id='word_1_329' title='bbox 690 3987 735 4022; x_wconf 79' lang='lat' dir='ltr'>ano</span> <span class='ocrx_word' id='word_1_330' title='bbox 748 3972 812 4034; x_wconf 82' lang='lat' dir='ltr'>jure</span> <span class='ocrx_word' id='word_1_331' title='bbox 831 3987 903 4035; x_wconf 79' lang='lat' dir='ltr'>qaam</span> <span class='ocrx_word' id='word_1_332' title='bbox 921 3985 976 4020; x_wconf 78' lang='lat' dir='ltr'>esre</span> <span class='ocrx_word' id='word_1_333' title='bbox 995 3986 1043 4021; x_wconf 84' lang='lat' dir='ltr'>non</span> <span class='ocrx_word' id='word_1_334' title='bbox 1060 3977 1147 4034; x_wconf 79' lang='lat' dir='ltr'>potest</span> <span class='ocrx_word' id='word_1_335' title='bbox 1165 3977 1214 4019; x_wconf 76' lang='lat' dir='ltr'>tam</span> <span class='ocrx_word' id='word_1_336' title='bbox 1227 3971 1341 4030; x_wconf 74' lang='lat' dir='ltr'>docetur,</span> 
     </span>
     <span class='ocr_line' id='line_1_37' title="bbox 102 4052 311 4122; baseline -0.019 -12"><span class='ocrx_word' id='word_1_337' title='bbox 102 4052 110 4084; x_wconf 65' lang='lat'>³</span> <span class='ocrx_word' id='word_1_338' title='bbox 139 4054 237 4109; x_wconf 77' lang='lat' dir='ltr'>etiam</span> <span class='ocrx_word' id='word_1_339' title='bbox 255 4053 311 4122; x_wconf 67' lang='grc' dir='ltr'>θ’).</span> 
     </span>
    </p>

    <p class='ocr_par' dir='ltr' id='par_1_8' title="bbox 120 4128 1340 4208">
     <span class='ocr_line' id='line_1_38' title="bbox 120 4128 1340 4208; baseline -0.007 -14"><span class='ocrx_word' id='word_1_340' title='bbox 120 4128 173 4208; x_wconf 65' lang='lat'>²⁸)</span> <span class='ocrx_word' id='word_1_341' title='bbox 190 4141 234 4194; x_wconf 85' lang='lat' dir='ltr'>lta</span> <span class='ocrx_word' id='word_1_342' title='bbox 251 4157 314 4193; x_wconf 78' lang='lat' dir='ltr'>mse.</span> <span class='ocrx_word' id='word_1_343' title='bbox 334 4138 431 4205; x_wconf 83' lang='lat' dir='ltr'>(etiam</span> <span class='ocrx_word' id='word_1_344' title='bbox 449 4137 495 4205; x_wconf 85' lang='lat' dir='ltr'>D²)</span> <span class='ocrx_word' id='word_1_345' title='bbox 515 4138 537 4191; x_wconf 83' lang='lat' dir='ltr'>c&#39;</span> <span class='ocrx_word' id='word_1_346' title='bbox 552 4138 588 4190; x_wconf 50' lang='lat' dir='ltr'>ab</span> <span class='ocrx_word' id='word_1_347' title='bbox 619 4136 674 4190; x_wconf 88' lang='lat' dir='ltr'>Alii</span> <span class='ocrx_word' id='word_1_348' title='bbox 692 4137 825 4190; x_wconf 87' lang='lat' dir='ltr'>omittunt</span> <span class='ocrx_word' id='word_1_349' title='bbox 842 4147 868 4188; x_wconf 83' lang='lat' dir='ltr'>al</span> <span class='ocrx_word' id='word_1_350' title='bbox 881 4157 930 4189; x_wconf 82' lang='lat' dir='ltr'>aon</span> <span class='ocrx_word' id='word_1_351' title='bbox 942 4142 1005 4193; x_wconf 78' lang='lat' dir='ltr'>sint.</span> <span class='ocrx_word' id='word_1_352' title='bbox 1026 4134 1054 4188; x_wconf 85' lang='lat' dir='ltr'>d¹</span> <span class='ocrx_word' id='word_1_353' title='bbox 1069 4135 1153 4189; x_wconf 79' lang='lat' dir='ltr'>etiam</span> <span class='ocrx_word' id='word_1_354' title='bbox 1172 4146 1198 4187; x_wconf 79' lang='lat' dir='ltr'>nt</span> <span class='ocrx_word' id='word_1_355' title='bbox 1216 4140 1340 4189; x_wconf 77' lang='lat' dir='ltr'>desistant</span> 
     </span>
    </p>
   </div>
   <div class='ocr_carea' id='block_1_5' title="bbox 116 4235 1340 4378">
    <p class='ocr_par' dir='ltr' id='par_1_9' title="bbox 116 4235 1340 4378">
     <span class='ocr_line' id='line_1_39' title="bbox 161 4237 305 4280; baseline 0 -1"><span class='ocrx_word' id='word_1_356' title='bbox 161 4237 234 4279; x_wconf 79' lang='lat' dir='ltr'>errat</span> <span class='ocrx_word' id='word_1_357' title='bbox 252 4245 305 4280; x_wconf 78' lang='lat' dir='ltr'>res.</span> 
     </span>
     <span class='ocr_line' id='line_1_40' title="bbox 116 4235 1340 4378; baseline -0.007 -14"><span class='ocrx_word' id='word_1_358' title='bbox 116 4235 282 4378; x_wconf 51' lang='lat' dir='ltr'>t1³)D70er,</span> <span class='ocrx_word' id='word_1_359' title='bbox 303 4309 474 4377; x_wconf 87' lang='lat' dir='ltr'>subindeque</span> <span class='ocrx_word' id='word_1_360' title='bbox 491 4309 528 4362; x_wconf 73' lang='grc' dir='ltr'>Ι)5</span> <span class='ocrx_word' id='word_1_361' title='bbox 541 4308 567 4360; x_wconf 81' lang='lat' dir='ltr'>d&#39;</span> <span class='ocrx_word' id='word_1_362' title='bbox 588 4327 637 4360; x_wconf 85' lang='lat' dir='ltr'>noa</span> <span class='ocrx_word' id='word_1_363' title='bbox 656 4317 752 4367; x_wconf 77' lang='lat' dir='ltr'>esseae,</span> <span class='ocrx_word' id='word_1_364' title='bbox 771 4305 800 4359; x_wconf 85' lang='lat' dir='ltr'>d²</span> <span class='ocrx_word' id='word_1_365' title='bbox 819 4305 907 4359; x_wconf 88' lang='lat' dir='ltr'>omitt.</span> <span class='ocrx_word' id='word_1_366' title='bbox 928 4316 1027 4365; x_wconf 71' lang='lat' dir='ltr'>nostro,</span> <span class='ocrx_word' id='word_1_367' title='bbox 1049 4306 1078 4358; x_wconf 90' lang='lat' dir='ltr'>ct</span> <span class='ocrx_word' id='word_1_368' title='bbox 1095 4304 1131 4356; x_wconf 68' lang='lat' dir='ltr'>D*</span> <span class='ocrx_word' id='word_1_369' title='bbox 1144 4304 1171 4356; x_wconf 87' lang='lat' dir='ltr'>d&#39;</span> <span class='ocrx_word' id='word_1_370' title='bbox 1191 4302 1280 4357; x_wconf 88' lang='lat' dir='ltr'>omitt.</span> <span class='ocrx_word' id='word_1_371' title='bbox 1300 4308 1340 4356; x_wconf 82' lang='lat' dir='ltr'>de.</span> 
     </span>
    </p>
   </div>
   <div class='ocr_carea' id='block_1_6' title="bbox 103 4381 1341 5051">
    <p class='ocr_par' dir='ltr' id='par_1_10' title="bbox 118 4381 968 4461">
     <span class='ocr_line' id='line_1_41' title="bbox 118 4381 968 4461; baseline -0.007 -11"><span class='ocrx_word' id='word_1_372' title='bbox 118 4381 173 4461; x_wconf 70' lang='lat'>²¹³)</span> <span class='ocrx_word' id='word_1_373' title='bbox 192 4396 235 4450; x_wconf 84' lang='lat' dir='ltr'>lta</span> <span class='ocrx_word' id='word_1_374' title='bbox 252 4413 286 4450; x_wconf 83' lang='lat' dir='ltr'>ex</span> <span class='ocrx_word' id='word_1_375' title='bbox 304 4394 341 4448; x_wconf 73' lang='lat' dir='ltr'>Dl</span> <span class='ocrx_word' id='word_1_376' title='bbox 352 4394 427 4448; x_wconf 85' lang='lat' dir='ltr'>D⁷d¹</span> <span class='ocrx_word' id='word_1_377' title='bbox 448 4392 631 4457; x_wconf 84' lang='lat' dir='ltr'>restituimus,</span> <span class='ocrx_word' id='word_1_378' title='bbox 650 4391 724 4460; x_wconf 92' lang='lat' dir='ltr'>quod</span> <span class='ocrx_word' id='word_1_379' title='bbox 741 4390 770 4443; x_wconf 88' lang='lat' dir='ltr'>in</span> <span class='ocrx_word' id='word_1_380' title='bbox 789 4389 849 4444; x_wconf 88' lang='lat' dir='ltr'>aliis</span> <span class='ocrx_word' id='word_1_381' title='bbox 867 4402 892 4443; x_wconf 80' lang='lat' dir='ltr'>et</span> <span class='ocrx_word' id='word_1_382' title='bbox 910 4395 968 4458; x_wconf 78' lang='lat' dir='ltr'>ipsi.</span> 
     </span>
    </p>

    <p class='ocr_par' dir='ltr' id='par_1_11' title="bbox 103 4466 1341 4975">
     <span class='ocr_line' id='line_1_42' title="bbox 114 4466 1340 4546; baseline -0.008 -11"><span class='ocrx_word' id='word_1_383' title='bbox 114 4466 174 4546; x_wconf 45' lang='lat'>⁸³)</span> <span class='ocrx_word' id='word_1_384' title='bbox 191 4480 222 4534; x_wconf 89' lang='lat' dir='ltr'>In</span> <span class='ocrx_word' id='word_1_385' title='bbox 234 4478 316 4534; x_wconf 85' lang='lat' dir='ltr'>editis</span> <span class='ocrx_word' id='word_1_386' title='bbox 330 4480 358 4534; x_wconf 85' lang='lat' dir='ltr'>et</span> <span class='ocrx_word' id='word_1_387' title='bbox 370 4478 404 4532; x_wconf 87' lang='lat' dir='ltr'>D¹</span> <span class='ocrx_word' id='word_1_388' title='bbox 418 4478 453 4531; x_wconf 68' lang='lat' dir='ltr'>D*</span> <span class='ocrx_word' id='word_1_389' title='bbox 466 4478 502 4532; x_wconf 77' lang='lat' dir='ltr'>D⁶</span> <span class='ocrx_word' id='word_1_390' title='bbox 514 4478 550 4531; x_wconf 80' lang='lat' dir='ltr'>D⁹</span> <span class='ocrx_word' id='word_1_391' title='bbox 563 4477 602 4530; x_wconf 60' lang='grc' dir='ltr'>ΕΠ·</span> <span class='ocrx_word' id='word_1_392' title='bbox 615 4477 651 4530; x_wconf 85' lang='lat' dir='ltr'>N³</span> <span class='ocrx_word' id='word_1_393' title='bbox 669 4477 714 4529; x_wconf 88' lang='lat' dir='ltr'>hic</span> <span class='ocrx_word' id='word_1_394' title='bbox 726 4475 872 4545; x_wconf 81' lang='lat' dir='ltr'>subjicitur</span> <span class='ocrx_word' id='word_1_395' title='bbox 884 4482 923 4528; x_wconf 81' lang='lat' dir='ltr'>ccl</span> <span class='ocrx_word' id='word_1_396' title='bbox 931 4484 1084 4542; x_wconf 67' lang='lat' dir='ltr'>peractores</span> <span class='ocrx_word' id='word_1_397' title='bbox 1096 4494 1144 4526; x_wconf 83' lang='lat' dir='ltr'>noa</span> <span class='ocrx_word' id='word_1_398' title='bbox 1159 4493 1215 4526; x_wconf 78' lang='lat' dir='ltr'>erre</span> <span class='ocrx_word' id='word_1_399' title='bbox 1233 4480 1340 4541; x_wconf 83' lang='lat' dir='ltr'>perfice·</span> 
     </span>
     <span class='ocr_line' id='line_1_43' title="bbox 114 4555 1340 4630; baseline -0.006 -12"><span class='ocrx_word' id='word_1_400' title='bbox 114 4565 261 4620; x_wconf 64' lang='lat' dir='ltr'>8eholion</span> <span class='ocrx_word' id='word_1_401' title='bbox 281 4567 312 4619; x_wconf 91' lang='lat' dir='ltr'>ut</span> <span class='ocrx_word' id='word_1_402' title='bbox 324 4563 433 4619; x_wconf 84' lang='lat' dir='ltr'>videtur</span> <span class='ocrx_word' id='word_1_403' title='bbox 450 4563 478 4616; x_wconf 91' lang='lat' dir='ltr'>in</span> <span class='ocrx_word' id='word_1_404' title='bbox 496 4564 602 4617; x_wconf 86' lang='lat' dir='ltr'>textum</span> <span class='ocrx_word' id='word_1_405' title='bbox 616 4581 630 4616; x_wconf 88' lang='lat' dir='ltr'>e</span> <span class='ocrx_word' id='word_1_406' title='bbox 643 4561 769 4630; x_wconf 81' lang='lat' dir='ltr'>margine</span> <span class='ocrx_word' id='word_1_407' title='bbox 787 4561 966 4623; x_wconf 86' lang='lat' dir='ltr'>translatum,</span> <span class='ocrx_word' id='word_1_408' title='bbox 985 4557 1059 4627; x_wconf 89' lang='lat' dir='ltr'>quod</span> <span class='ocrx_word' id='word_1_409' title='bbox 1078 4557 1158 4611; x_wconf 83' lang='lat' dir='ltr'>abest</span> <span class='ocrx_word' id='word_1_410' title='bbox 1176 4557 1241 4611; x_wconf 73' lang='lat' dir='ltr'>aD‘</span> <span class='ocrx_word' id='word_1_411' title='bbox 1253 4555 1290 4609; x_wconf 65' lang='lat' dir='ltr'>D&#39;0</span> <span class='ocrx_word' id='word_1_412' title='bbox 1302 4557 1340 4611; x_wconf 86' lang='lat' dir='ltr'>d&#39;.</span> 
     </span>
     <span class='ocr_line' id='line_1_44' title="bbox 119 4640 1340 4717; baseline -0.008 -13"><span class='ocrx_word' id='word_1_413' title='bbox 119 4640 175 4716; x_wconf 64' lang='lat'>³¹¹)</span> <span class='ocrx_word' id='word_1_414' title='bbox 192 4650 250 4705; x_wconf 88' lang='lat' dir='ltr'>lloe</span> <span class='ocrx_word' id='word_1_415' title='bbox 269 4652 323 4704; x_wconf 87' lang='lat' dir='ltr'>est:</span> <span class='ocrx_word' id='word_1_416' title='bbox 347 4667 418 4717; x_wconf 83' lang='lat' dir='ltr'>quae</span> <span class='ocrx_word' id='word_1_417' title='bbox 442 4665 475 4701; x_wconf 92' lang='lat' dir='ltr'>eo</span> <span class='ocrx_word' id='word_1_418' title='bbox 498 4650 596 4701; x_wconf 87' lang='lat' dir='ltr'>tenore</span> <span class='ocrx_word' id='word_1_419' title='bbox 619 4648 747 4716; x_wconf 86' lang='lat' dir='ltr'>peraeto,</span> <span class='ocrx_word' id='word_1_420' title='bbox 770 4644 845 4712; x_wconf 87' lang='lat' dir='ltr'>quod</span> <span class='ocrx_word' id='word_1_421' title='bbox 868 4643 996 4698; x_wconf 84' lang='lat' dir='ltr'>desinant</span> <span class='ocrx_word' id='word_1_422' title='bbox 1014 4661 1072 4697; x_wconf 84' lang='lat' dir='ltr'>esee</span> <span class='ocrx_word' id='word_1_423' title='bbox 1095 4643 1267 4712; x_wconf 84' lang='lat' dir='ltr'>peccatores,</span> <span class='ocrx_word' id='word_1_424' title='bbox 1285 4659 1340 4695; x_wconf 89' lang='lat' dir='ltr'>non</span> 
     </span>
     <span class='ocr_line' id='line_1_45' title="bbox 103 4726 1339 4800; baseline -0.006 -13"><span class='ocrx_word' id='word_1_425' title='bbox 103 4731 227 4788; x_wconf 67' lang='lat' dir='ltr'>hana.</span> <span class='ocrx_word' id='word_1_426' title='bbox 258 4734 350 4799; x_wconf 85' lang='lat' dir='ltr'>Quare</span> <span class='ocrx_word' id='word_1_427' title='bbox 369 4751 424 4787; x_wconf 89' lang='lat' dir='ltr'>non</span> <span class='ocrx_word' id='word_1_428' title='bbox 442 4751 503 4786; x_wconf 86' lang='lat' dir='ltr'>cum</span> <span class='ocrx_word' id='word_1_429' title='bbox 523 4733 550 4785; x_wconf 86' lang='lat' dir='ltr'>d¹</span> <span class='ocrx_word' id='word_1_430' title='bbox 569 4741 714 4800; x_wconf 76' lang='lat' dir='ltr'>permanet.</span> <span class='ocrx_word' id='word_1_431' title='bbox 734 4730 783 4783; x_wconf 86' lang='lat' dir='ltr'>sed</span> <span class='ocrx_word' id='word_1_432' title='bbox 802 4746 863 4782; x_wconf 86' lang='lat' dir='ltr'>enm</span> <span class='ocrx_word' id='word_1_433' title='bbox 882 4728 943 4781; x_wconf 87' lang='lat' dir='ltr'>aliis</span> <span class='ocrx_word' id='word_1_434' title='bbox 960 4728 1038 4782; x_wconf 85' lang='lat' dir='ltr'>libris</span> <span class='ocrx_word' id='word_1_435' title='bbox 1056 4748 1207 4796; x_wconf 79' lang='lat' dir='ltr'>permanens</span> <span class='ocrx_word' id='word_1_436' title='bbox 1222 4726 1339 4780; x_wconf 90' lang='lat' dir='ltr'>retinen·</span> 
     </span>
     <span class='ocr_line' id='line_1_46' title="bbox 103 4811 1341 4884; baseline -0.008 -11"><span class='ocrx_word' id='word_1_437' title='bbox 103 4815 136 4858; x_wconf 77' lang='lat'>¹=</span> <span class='ocrx_word' id='word_1_438' title='bbox 186 4819 241 4874; x_wconf 89' lang='lat' dir='ltr'>Nee</span> <span class='ocrx_word' id='word_1_439' title='bbox 259 4821 354 4874; x_wconf 89' lang='lat' dir='ltr'>tamen</span> <span class='ocrx_word' id='word_1_440' title='bbox 371 4818 532 4882; x_wconf 84' lang='lat' dir='ltr'>tacendum,</span> <span class='ocrx_word' id='word_1_441' title='bbox 556 4819 605 4870; x_wconf 91' lang='lat' dir='ltr'>ant</span> <span class='ocrx_word' id='word_1_442' title='bbox 627 4816 730 4884; x_wconf 87' lang='lat' dir='ltr'>aliquid</span> <span class='ocrx_word' id='word_1_443' title='bbox 754 4815 799 4868; x_wconf 89' lang='lat' dir='ltr'>bic</span> <span class='ocrx_word' id='word_1_444' title='bbox 817 4814 926 4881; x_wconf 86' lang='lat' dir='ltr'>deesse,</span> <span class='ocrx_word' id='word_1_445' title='bbox 949 4816 998 4867; x_wconf 88' lang='lat' dir='ltr'>aut</span> <span class='ocrx_word' id='word_1_446' title='bbox 1021 4813 1151 4866; x_wconf 87' lang='lat' dir='ltr'>mendum</span> <span class='ocrx_word' id='word_1_447' title='bbox 1173 4812 1275 4877; x_wconf 86' lang='lat' dir='ltr'>latere,</span> <span class='ocrx_word' id='word_1_448' title='bbox 1298 4811 1341 4865; x_wconf 89' lang='lat' dir='ltr'>eni</span> 
     </span>
     <span class='ocr_line' id='line_1_47' title="bbox 103 4898 797 4975; baseline -0.004 -18"><span class='ocrx_word' id='word_1_449' title='bbox 103 4898 255 4975; x_wconf 72' lang='lat' dir='ltr'>¹¹1eeripti</span> <span class='ocrx_word' id='word_1_450' title='bbox 272 4904 337 4959; x_wconf 89' lang='lat' dir='ltr'>libri</span> <span class='ocrx_word' id='word_1_451' title='bbox 355 4904 493 4959; x_wconf 87' lang='lat' dir='ltr'>medelam</span> <span class='ocrx_word' id='word_1_452' title='bbox 511 4920 566 4956; x_wconf 91' lang='lat' dir='ltr'>non</span> <span class='ocrx_word' id='word_1_453' title='bbox 585 4903 653 4956; x_wconf 79' lang='lat' dir='ltr'>satis</span> <span class='ocrx_word' id='word_1_454' title='bbox 671 4901 797 4955; x_wconf 85' lang='lat' dir='ltr'>afferant.</span> 
     </span>
    </p>

    <p class='ocr_par' dir='ltr' id='par_1_12' title="bbox 103 4986 1138 5051">
     <span class='ocr_line' id='line_1_48' title="bbox 103 4986 1138 5051; baseline -0.005 -10"><span class='ocrx_word' id='word_1_455' title='bbox 103 4986 262 5045; x_wconf 58' lang='grc' dir='ltr'>ᾖῐιτοωιε</span> <span class='ocrx_word' id='word_1_456' title='bbox 276 5009 381 5047; x_wconf 76' lang='lat' dir='ltr'>nonar.</span> <span class='ocrx_word' id='word_1_457' title='bbox 395 5008 508 5044; x_wconf 79' lang='lat' dir='ltr'>nosris.</span> <span class='ocrx_word' id='word_1_458' title='bbox 527 4994 547 5047; x_wconf 80' lang='lat'>1.</span> <span class='ocrx_word' id='word_1_459' title='bbox 1098 4992 1138 5051; x_wconf 74' lang='grc'>36</span> 
     </span>
    </p>
   </div>
   <div class='ocr_carea' id='block_1_7' title="bbox 0 0 1613 5506">
    <p class='ocr_par' dir='ltr' id='par_1_13' title="bbox 0 0 1613 5506">
     <span class='ocr_line' id='line_1_49' title="bbox 0 0 1613 5506; baseline 0 0"><span class='ocrx_word' id='word_1_460' title='bbox 0 0 1613 5506; x_wconf 95' lang='lat' dir='ltr'> </span> 
     </span>
    </p>
   </div>
  </div>
 </body>
</html>
