<?xml version="1.0" encoding="UTF-8"?>
<!DOCTYPE html PUBLIC "-//W3C//DTD XHTML 1.0 Transitional//EN"
    "http://www.w3.org/TR/xhtml1/DTD/xhtml1-transitional.dtd">
<html xmlns="http://www.w3.org/1999/xhtml" xml:lang="en" lang="en">
 <head>
  <title>
</title>
<meta http-equiv="Content-Type" content="text/html;charset=utf-8" />
  <meta name='ocr-system' content='tesseract 3.04.00' />
  <meta name='ocr-capabilities' content='ocr_page ocr_carea ocr_par ocr_line ocrx_word'/>
</head>
<body>
  <div class='ocr_page' id='page_1' title='image "./epistolaeromano00thiegoog/epistolaeromano00thiegoog_0517.png"; bbox 0 0 3224 5506; ppageno 0'>
   <div class='ocr_carea' id='block_1_1' title="bbox 148 344 941 415">
    <p class='ocr_par' dir='ltr' id='par_1_1' title="bbox 148 344 941 415">
     <span class='ocr_line' id='line_1_1' title="bbox 148 344 941 415; baseline -0.01 0"><span class='ocrx_word' id='word_1_1' title='bbox 148 344 211 415; x_wconf 86' lang='grc'>468</span> <span class='ocrx_word' id='word_1_2' title='bbox 620 366 647 413; x_wconf 87' lang='lat' dir='ltr'>s.</span> <span class='ocrx_word' id='word_1_3' title='bbox 664 361 805 411; x_wconf 78' lang='lat' dir='ltr'>uunnsu</span> <span class='ocrx_word' id='word_1_4' title='bbox 827 358 941 408; x_wconf 75' lang='lat' dir='ltr'>rursu</span> 
     </span>
    </p>
   </div>
   <div class='ocr_carea' id='block_1_2' title="bbox 45 513 1329 1315">
    <p class='ocr_par' dir='ltr' id='par_1_2' title="bbox 53 513 821 604">
     <span class='ocr_line' id='line_1_2' title="bbox 53 513 821 604; baseline 0.003 -27"><span class='ocrx_word' id='word_1_5' title='bbox 53 541 77 578; x_wconf 86' lang='lat' dir='ltr'>n.</span> <span class='ocrx_word' id='word_1_6' title='bbox 89 531 140 578; x_wconf 70' lang='lat' dir='ltr'>los</span> <span class='ocrx_word' id='word_1_7' title='bbox 237 519 399 604; x_wconf 88' lang='lat' dir='ltr'>Opuseula</span> <span class='ocrx_word' id='word_1_8' title='bbox 421 518 604 604; x_wconf 76' lang='lat' dir='ltr'>Arrrobii⁷⁴)</span> <span class='ocrx_word' id='word_1_9' title='bbox 622 513 821 602; x_wconf 81' lang='lat' dir='ltr'>apocrypha.</span> 
     </span>
    </p>

    <p class='ocr_par' dir='ltr' id='par_1_3' title="bbox 45 600 1329 1214">
     <span class='ocr_line' id='line_1_3' title="bbox 45 600 784 705; baseline -0.007 -18"><span class='ocrx_word' id='word_1_10' title='bbox 45 600 136 647; x_wconf 58' lang='lat'>&#39;4⁹⁶‘</span> <span class='ocrx_word' id='word_1_11' title='bbox 235 621 398 705; x_wconf 83' lang='lat' dir='ltr'>Opuscula</span> <span class='ocrx_word' id='word_1_12' title='bbox 420 620 568 687; x_wconf 83' lang='lat' dir='ltr'>Tichonii</span> <span class='ocrx_word' id='word_1_13' title='bbox 591 619 784 703; x_wconf 83' lang='lat' dir='ltr'>apocrypha.</span> 
     </span>
     <span class='ocr_line' id='line_1_4' title="bbox 234 719 1237 812; baseline -0.003 -27"><span class='ocrx_word' id='word_1_14' title='bbox 234 723 404 812; x_wconf 77' lang='lat' dir='ltr'>(lpuseula</span> <span class='ocrx_word' id='word_1_15' title='bbox 418 722 610 804; x_wconf 72' lang='lat' dir='ltr'>Crrssirrrri⁷⁵)</span> <span class='ocrx_word' id='word_1_16' title='bbox 634 721 812 805; x_wconf 90' lang='lat' dir='ltr'>presbyteri</span> <span class='ocrx_word' id='word_1_17' title='bbox 836 720 1014 784; x_wconf 86' lang='lat' dir='ltr'>Galliarum</span> <span class='ocrx_word' id='word_1_18' title='bbox 1037 719 1237 803; x_wconf 86' lang='lat' dir='ltr'>apocrypha.</span> 
     </span>
     <span class='ocr_line' id='line_1_5' title="bbox 233 822 1112 909; baseline -0.005 -20"><span class='ocrx_word' id='word_1_19' title='bbox 233 824 395 909; x_wconf 78' lang='lat' dir='ltr'>Opuscula</span> <span class='ocrx_word' id='word_1_20' title='bbox 416 824 576 887; x_wconf 76' lang='lat' dir='ltr'>Victorini</span> <span class='ocrx_word' id='word_1_21' title='bbox 599 823 892 906; x_wconf 66' lang='lat' dir='ltr'>Petauionensiso)</span> <span class='ocrx_word' id='word_1_22' title='bbox 915 822 1112 906; x_wconf 80' lang='lat' dir='ltr'>apocrypha.</span> 
     </span>
     <span class='ocr_line' id='line_1_6' title="bbox 232 924 1139 1011; baseline -0.003 -20"><span class='ocrx_word' id='word_1_23' title='bbox 232 927 394 1011; x_wconf 85' lang='lat' dir='ltr'>Opuseulu</span> <span class='ocrx_word' id='word_1_24' title='bbox 416 926 528 989; x_wconf 81' lang='lat' dir='ltr'>Fausti</span> <span class='ocrx_word' id='word_1_25' title='bbox 550 925 720 1009; x_wconf 81' lang='lat' dir='ltr'>Regiensis</span> <span class='ocrx_word' id='word_1_26' title='bbox 743 924 921 989; x_wconf 84' lang='lat' dir='ltr'>Galliarum</span> <span class='ocrx_word' id='word_1_27' title='bbox 944 924 1139 1008; x_wconf 83' lang='lat' dir='ltr'>apocrypha.</span> 
     </span>
     <span class='ocr_line' id='line_1_7' title="bbox 219 1026 977 1112; baseline -0.005 -19"><span class='ocrx_word' id='word_1_28' title='bbox 219 1029 395 1112; x_wconf 78' lang='lat' dir='ltr'>-tlpuseula</span> <span class='ocrx_word' id='word_1_29' title='bbox 416 1028 642 1112; x_wconf 57' lang='lat' dir='ltr'>ll‘rumentiill)</span> <span class='ocrx_word' id='word_1_30' title='bbox 666 1027 761 1092; x_wconf 78' lang='lat' dir='ltr'>Casei</span> <span class='ocrx_word' id='word_1_31' title='bbox 784 1026 977 1110; x_wconf 84' lang='lat' dir='ltr'>apocrypha.</span> 
     </span>
     <span class='ocr_line' id='line_1_8' title="bbox 231 1127 1329 1214; baseline -0.004 -20"><span class='ocrx_word' id='word_1_32' title='bbox 231 1130 456 1214; x_wconf 65' lang='lat' dir='ltr'>censione)</span> <span class='ocrx_word' id='word_1_33' title='bbox 479 1129 517 1192; x_wconf 90' lang='lat' dir='ltr'>de</span> <span class='ocrx_word' id='word_1_34' title='bbox 533 1128 661 1193; x_wconf 74' lang='lat' dir='ltr'>Christo</span> <span class='ocrx_word' id='word_1_35' title='bbox 677 1128 867 1212; x_wconf 85' lang='lat' dir='ltr'>Virgilianis</span> <span class='ocrx_word' id='word_1_36' title='bbox 890 1130 1153 1212; x_wconf 84' lang='lat' dir='ltr'>compaginatum</span> <span class='ocrx_word' id='word_1_37' title='bbox 1176 1127 1329 1191; x_wconf 87' lang='lat' dir='ltr'>versibus</span> 
     </span>
    </p>

    <p class='ocr_par' dir='ltr' id='par_1_4' title="bbox 148 1232 312 1315">
     <span class='ocr_line' id='line_1_9' title="bbox 148 1232 312 1315; baseline -0.012 -19"><span class='ocrx_word' id='word_1_38' title='bbox 148 1232 312 1315; x_wconf 88' lang='lat' dir='ltr'>erypbum.</span> 
     </span>
    </p>
   </div>
   <div class='ocr_carea' id='block_1_3' title="bbox 52 1433 1345 4984">
    <p class='ocr_par' dir='ltr' id='par_1_5' title="bbox 52 1433 1344 2180">
     <span class='ocr_line' id='line_1_10' title="bbox 147 1433 1344 1504; baseline -0.004 -13"><span class='ocrx_word' id='word_1_39' title='bbox 147 1437 217 1491; x_wconf 84' lang='lat' dir='ltr'>salso</span> <span class='ocrx_word' id='word_1_40' title='bbox 236 1437 371 1504; x_wconf 89' lang='lat' dir='ltr'>inscripta</span> <span class='ocrx_word' id='word_1_41' title='bbox 389 1435 521 1504; x_wconf 85' lang='lat' dir='ltr'>opuscula</span> <span class='ocrx_word' id='word_1_42' title='bbox 538 1434 583 1489; x_wconf 89' lang='lat' dir='ltr'>bic</span> <span class='ocrx_word' id='word_1_43' title='bbox 601 1437 740 1489; x_wconf 87' lang='lat' dir='ltr'>notentur.</span> <span class='ocrx_word' id='word_1_44' title='bbox 771 1434 810 1489; x_wconf 90' lang='lat' dir='ltr'>Ut</span> <span class='ocrx_word' id='word_1_45' title='bbox 827 1436 901 1490; x_wconf 90' lang='lat' dir='ltr'>euim</span> <span class='ocrx_word' id='word_1_46' title='bbox 919 1435 992 1489; x_wconf 88' lang='lat' dir='ltr'>hune</span> <span class='ocrx_word' id='word_1_47' title='bbox 1004 1435 1152 1489; x_wconf 79' lang='lat' dir='ltr'>articulum</span> <span class='ocrx_word' id='word_1_48' title='bbox 1170 1433 1209 1488; x_wconf 92' lang='lat' dir='ltr'>ab</span> <span class='ocrx_word' id='word_1_49' title='bbox 1228 1434 1344 1489; x_wconf 84' lang='lat' dir='ltr'>aliena:</span> 
     </span>
     <span class='ocr_line' id='line_1_11' title="bbox 145 1519 1332 1591; baseline -0.001 -16"><span class='ocrx_word' id='word_1_50' title='bbox 145 1523 319 1591; x_wconf 86' lang='lat' dir='ltr'>suppositum</span> <span class='ocrx_word' id='word_1_51' title='bbox 338 1520 539 1585; x_wconf 87' lang='lat' dir='ltr'>existimemus,</span> <span class='ocrx_word' id='word_1_52' title='bbox 561 1538 617 1574; x_wconf 91' lang='lat' dir='ltr'>nou</span> <span class='ocrx_word' id='word_1_53' title='bbox 640 1520 730 1575; x_wconf 87' lang='lat' dir='ltr'>sinere</span> <span class='ocrx_word' id='word_1_54' title='bbox 753 1521 863 1575; x_wconf 89' lang='lat' dir='ltr'>videtur</span> <span class='ocrx_word' id='word_1_55' title='bbox 885 1538 994 1575; x_wconf 87' lang='lat' dir='ltr'>summa</span> <span class='ocrx_word' id='word_1_56' title='bbox 1015 1519 1140 1573; x_wconf 89' lang='lat' dir='ltr'>omnium</span> <span class='ocrx_word' id='word_1_57' title='bbox 1162 1537 1228 1573; x_wconf 87' lang='lat' dir='ltr'>mss.</span> <span class='ocrx_word' id='word_1_58' title='bbox 1248 1520 1279 1574; x_wconf 90' lang='lat' dir='ltr'>in</span> <span class='ocrx_word' id='word_1_59' title='bbox 1298 1535 1332 1574; x_wconf 90' lang='lat' dir='ltr'>eo</span> 
     </span>
     <span class='ocr_line' id='line_1_12' title="bbox 145 1604 1342 1675; baseline 0.002 -18"><span class='ocrx_word' id='word_1_60' title='bbox 145 1607 237 1660; x_wconf 86' lang='lat' dir='ltr'>bendo</span> <span class='ocrx_word' id='word_1_61' title='bbox 256 1605 406 1660; x_wconf 74' lang='lat' dir='ltr'>consensio,</span> <span class='ocrx_word' id='word_1_62' title='bbox 442 1604 505 1657; x_wconf 91' lang='lat' dir='ltr'>Non</span> <span class='ocrx_word' id='word_1_63' title='bbox 528 1608 673 1674; x_wconf 79' lang='lat' dir='ltr'>comparet</span> <span class='ocrx_word' id='word_1_64' title='bbox 695 1605 808 1673; x_wconf 81' lang='lat' dir='ltr'>quidem</span> <span class='ocrx_word' id='word_1_65' title='bbox 830 1605 906 1675; x_wconf 83' lang='lat' dir='ltr'>apud</span> <span class='ocrx_word' id='word_1_66' title='bbox 924 1606 1037 1659; x_wconf 88' lang='lat' dir='ltr'>Ivouem</span> <span class='ocrx_word' id='word_1_67' title='bbox 1060 1607 1145 1672; x_wconf 82' lang='lat' dir='ltr'>atque</span> <span class='ocrx_word' id='word_1_68' title='bbox 1169 1604 1342 1659; x_wconf 80' lang='lat' dir='ltr'>Gratianum</span> 
     </span>
     <span class='ocr_line' id='line_1_13' title="bbox 145 1688 1344 1759; baseline 0 -16"><span class='ocrx_word' id='word_1_69' title='bbox 145 1706 196 1744; x_wconf 88' lang='lat' dir='ltr'>nee</span> <span class='ocrx_word' id='word_1_70' title='bbox 214 1689 289 1759; x_wconf 87' lang='lat' dir='ltr'>apud</span> <span class='ocrx_word' id='word_1_71' title='bbox 306 1706 353 1744; x_wconf 89' lang='lat' dir='ltr'>eos</span> <span class='ocrx_word' id='word_1_72' title='bbox 372 1689 506 1758; x_wconf 88' lang='lat' dir='ltr'>opuscula</span> <span class='ocrx_word' id='word_1_73' title='bbox 515 1689 661 1755; x_wconf 86' lang='lat' dir='ltr'>Lactantii,</span> <span class='ocrx_word' id='word_1_74' title='bbox 685 1688 884 1753; x_wconf 82' lang='lat' dir='ltr'>Commodiani,</span> <span class='ocrx_word' id='word_1_75' title='bbox 903 1689 1026 1755; x_wconf 82' lang='lat' dir='ltr'>Arnobii,</span> <span class='ocrx_word' id='word_1_76' title='bbox 1046 1688 1174 1743; x_wconf 85' lang='lat' dir='ltr'>Tichonii</span> <span class='ocrx_word' id='word_1_77' title='bbox 1192 1690 1248 1742; x_wconf 85' lang='lat' dir='ltr'>ete.</span> <span class='ocrx_word' id='word_1_78' title='bbox 1267 1705 1344 1743; x_wconf 88' lang='lat' dir='ltr'>mem</span> 
     </span>
     <span class='ocr_line' id='line_1_14' title="bbox 145 1773 1344 1843; baseline -0.002 -15"><span class='ocrx_word' id='word_1_79' title='bbox 145 1777 201 1828; x_wconf 90' lang='lat' dir='ltr'>tur.</span> <span class='ocrx_word' id='word_1_80' title='bbox 237 1777 276 1827; x_wconf 86' lang='lat' dir='ltr'>Ac</span> <span class='ocrx_word' id='word_1_81' title='bbox 294 1773 527 1842; x_wconf 76' lang='lat' dir='ltr'>martyrologium</span> <span class='ocrx_word' id='word_1_82' title='bbox 544 1774 699 1828; x_wconf 87' lang='lat' dir='ltr'>Romanum</span> <span class='ocrx_word' id='word_1_83' title='bbox 718 1775 768 1827; x_wconf 89' lang='lat' dir='ltr'>sub</span> <span class='ocrx_word' id='word_1_84' title='bbox 787 1774 834 1828; x_wconf 89' lang='lat' dir='ltr'>die</span> <span class='ocrx_word' id='word_1_85' title='bbox 852 1780 885 1828; x_wconf 74' lang='lat'>‘26</span> <span class='ocrx_word' id='word_1_86' title='bbox 898 1774 1071 1843; x_wconf 78' lang='lat' dir='ltr'>Septembris</span> <span class='ocrx_word' id='word_1_87' title='bbox 1089 1778 1219 1842; x_wconf 63' lang='lat' dir='ltr'>Cypriani</span> <span class='ocrx_word' id='word_1_88' title='bbox 1234 1781 1344 1841; x_wconf 71' lang='lat' dir='ltr'>martyri</span> 
     </span>
     <span class='ocr_line' id='line_1_15' title="bbox 52 1857 1344 1928; baseline -0.001 -16"><span class='ocrx_word' id='word_1_89' title='bbox 52 1878 55 1886; x_wconf 89' lang='lat'>·</span> <span class='ocrx_word' id='word_1_90' title='bbox 144 1865 273 1913; x_wconf 75' lang='lat' dir='ltr'>cocordiae</span> <span class='ocrx_word' id='word_1_91' title='bbox 292 1857 457 1912; x_wconf 80' lang='lat' dir='ltr'>memoriam</span> <span class='ocrx_word' id='word_1_92' title='bbox 475 1859 542 1927; x_wconf 86' lang='lat' dir='ltr'>agit,</span> <span class='ocrx_word' id='word_1_93' title='bbox 561 1858 608 1927; x_wconf 92' lang='lat' dir='ltr'>qui</span> <span class='ocrx_word' id='word_1_94' title='bbox 627 1863 693 1913; x_wconf 88' lang='lat' dir='ltr'>ante</span> <span class='ocrx_word' id='word_1_95' title='bbox 711 1859 920 1914; x_wconf 82' lang='lat' dir='ltr'>conversionem</span> <span class='ocrx_word' id='word_1_96' title='bbox 938 1876 1016 1912; x_wconf 86' lang='lat' dir='ltr'>suum</span> <span class='ocrx_word' id='word_1_97' title='bbox 1029 1871 1086 1915; x_wconf 80' lang='lat' dir='ltr'>erne</span> <span class='ocrx_word' id='word_1_98' title='bbox 1103 1878 1192 1928; x_wconf 69' lang='lat' dir='ltr'>mogus</span> <span class='ocrx_word' id='word_1_99' title='bbox 1209 1869 1236 1912; x_wconf 78' lang='lat' dir='ltr'>et</span> <span class='ocrx_word' id='word_1_100' title='bbox 1253 1865 1344 1913; x_wconf 65' lang='lat' dir='ltr'>emens</span> 
     </span>
     <span class='ocr_line' id='line_1_16' title="bbox 144 1948 711 1997; baseline 0 0"><span class='ocrx_word' id='word_1_101' title='bbox 144 1948 242 1997; x_wconf 79' lang='lat' dir='ltr'>artibus</span> <span class='ocrx_word' id='word_1_102' title='bbox 258 1949 383 1997; x_wconf 72' lang='lat' dir='ltr'>destinam</span> <span class='ocrx_word' id='word_1_103' title='bbox 401 1949 546 1997; x_wconf 82' lang='lat' dir='ltr'>dementare</span> <span class='ocrx_word' id='word_1_104' title='bbox 564 1949 711 1997; x_wconf 77' lang='lat' dir='ltr'>conabatur.</span> 
     </span>
     <span class='ocr_line' id='line_1_17' title="bbox 211 2027 1344 2097; baseline -0.001 -15"><span class='ocrx_word' id='word_1_105' title='bbox 211 2031 243 2097; x_wconf 81' lang='lat'>⁷⁸)</span> <span class='ocrx_word' id='word_1_106' title='bbox 262 2029 294 2081; x_wconf 72' lang='lat' dir='ltr'>Ff</span> <span class='ocrx_word' id='word_1_107' title='bbox 311 2034 446 2089; x_wconf 80' lang='lat' dir='ltr'>Arnouini,</span> <span class='ocrx_word' id='word_1_108' title='bbox 473 2045 592 2096; x_wconf 84' lang='lat' dir='ltr'>moxque</span> <span class='ocrx_word' id='word_1_109' title='bbox 611 2028 651 2081; x_wconf 86' lang='lat' dir='ltr'><strong>F¹¹¹</strong></span> <span class='ocrx_word' id='word_1_110' title='bbox 672 2033 814 2092; x_wconf 63' lang='lat' dir='ltr'>Numenii,</span> <span class='ocrx_word' id='word_1_111' title='bbox 844 2028 878 2080; x_wconf 66' lang='lat' dir='ltr'>Fl</span> <span class='ocrx_word' id='word_1_112' title='bbox 899 2032 922 2080; x_wconf 86' lang='grc' dir='ltr'><em>Τ</em></span> <span class='ocrx_word' id='word_1_113' title='bbox 920 2033 1050 2096; x_wconf 71' lang='lat' dir='ltr'>dyclrone&#39;i,</span> <span class='ocrx_word' id='word_1_114' title='bbox 1078 2027 1109 2081; x_wconf 73' lang='lat' dir='ltr'>C‘</span> <span class='ocrx_word' id='word_1_115' title='bbox 1131 2031 1233 2089; x_wconf 75' lang='lat' dir='ltr'>Piceni,</span> <span class='ocrx_word' id='word_1_116' title='bbox 1267 2027 1303 2081; x_wconf 84' lang='lat' dir='ltr'>F&#39;</span> <span class='ocrx_word' id='word_1_117' title='bbox 1325 2032 1344 2081; x_wconf 78' lang='grc'><strong>7</strong></span> 
     </span>
     <span class='ocr_line' id='line_1_18' title="bbox 147 2113 366 2180; baseline 0.009 -13"><span class='ocrx_word' id='word_1_118' title='bbox 147 2113 215 2167; x_wconf 82' lang='lat' dir='ltr'>editi</span> <span class='ocrx_word' id='word_1_119' title='bbox 236 2119 366 2180; x_wconf 60' lang='lat' dir='ltr'>chbonir&#39;.</span> 
     </span>
    </p>

    <p class='ocr_par' dir='ltr' id='par_1_6' title="bbox 117 2197 1344 2439">
     <span class='ocr_line' id='line_1_19' title="bbox 117 2197 1344 2267; baseline -0.002 -16"><span class='ocrx_word' id='word_1_120' title='bbox 117 2248 118 2251; x_wconf 74' lang='grc'>,</span> <span class='ocrx_word' id='word_1_121' title='bbox 211 2202 244 2266; x_wconf 72' lang='lat'>⁷³)</span> <span class='ocrx_word' id='word_1_122' title='bbox 262 2200 321 2253; x_wconf 88' lang='lat' dir='ltr'>Hac</span> <span class='ocrx_word' id='word_1_123' title='bbox 347 2215 463 2252; x_wconf 89' lang='lat' dir='ltr'>censura</span> <span class='ocrx_word' id='word_1_124' title='bbox 490 2198 652 2257; x_wconf 86' lang='lat' dir='ltr'>collationes</span> <span class='ocrx_word' id='word_1_125' title='bbox 676 2197 800 2252; x_wconf 81' lang='lat' dir='ltr'>Cassiani</span> <span class='ocrx_word' id='word_1_126' title='bbox 827 2199 947 2252; x_wconf 82' lang='lat' dir='ltr'>maxime</span> <span class='ocrx_word' id='word_1_127' title='bbox 972 2198 1175 2267; x_wconf 86' lang='lat' dir='ltr'>percelluntur,</span> <span class='ocrx_word' id='word_1_128' title='bbox 1205 2214 1279 2266; x_wconf 89' lang='lat' dir='ltr'>quas</span> <span class='ocrx_word' id='word_1_129' title='bbox 1301 2198 1344 2252; x_wconf 81' lang='lat' dir='ltr'>Pu</span> 
     </span>
     <span class='ocr_line' id='line_1_20' title="bbox 144 2282 1344 2352; baseline 0 -14"><span class='ocrx_word' id='word_1_130' title='bbox 144 2284 299 2352; x_wconf 78' lang='lat' dir='ltr'>Aquitunus</span> <span class='ocrx_word' id='word_1_131' title='bbox 318 2284 388 2338; x_wconf 90' lang='lat' dir='ltr'>libro</span> <span class='ocrx_word' id='word_1_132' title='bbox 406 2284 435 2336; x_wconf 91' lang='lat' dir='ltr'>in</span> <span class='ocrx_word' id='word_1_133' title='bbox 453 2283 615 2338; x_wconf 77' lang='lat' dir='ltr'>collatorem</span> <span class='ocrx_word' id='word_1_134' title='bbox 634 2283 709 2337; x_wconf 90' lang='lat' dir='ltr'>edito</span> <span class='ocrx_word' id='word_1_135' title='bbox 728 2283 889 2338; x_wconf 82' lang='lat' dir='ltr'>confutavit.</span> <span class='ocrx_word' id='word_1_136' title='bbox 918 2284 962 2336; x_wconf 79' lang='lat' dir='ltr'>Ad</span> <span class='ocrx_word' id='word_1_137' title='bbox 980 2283 1066 2337; x_wconf 90' lang='lat' dir='ltr'>libres</span> <span class='ocrx_word' id='word_1_138' title='bbox 1084 2282 1158 2338; x_wconf 80' lang='lat' dir='ltr'>enim</span> <span class='ocrx_word' id='word_1_139' title='bbox 1177 2282 1344 2338; x_wconf 77' lang='lat' dir='ltr'>doincarm</span> 
     </span>
     <span class='ocr_line' id='line_1_21' title="bbox 144 2366 1344 2439; baseline -0.005 -18"><span class='ocrx_word' id='word_1_140' title='bbox 144 2368 255 2423; x_wconf 85' lang='lat' dir='ltr'>Domini</span> <span class='ocrx_word' id='word_1_141' title='bbox 272 2369 404 2422; x_wconf 73' lang='lat' dir='ltr'>hortante</span> <span class='ocrx_word' id='word_1_142' title='bbox 422 2368 515 2423; x_wconf 87' lang='lat' dir='ltr'>Leone</span> <span class='ocrx_word' id='word_1_143' title='bbox 533 2369 650 2423; x_wconf 87' lang='lat' dir='ltr'>diacono</span> <span class='ocrx_word' id='word_1_144' title='bbox 669 2370 769 2439; x_wconf 86' lang='lat' dir='ltr'>postea</span> <span class='ocrx_word' id='word_1_145' title='bbox 785 2368 917 2437; x_wconf 88' lang='lat' dir='ltr'>pontifice</span> <span class='ocrx_word' id='word_1_146' title='bbox 939 2367 1058 2437; x_wconf 84' lang='lat' dir='ltr'>scriptos</span> <span class='ocrx_word' id='word_1_147' title='bbox 1081 2366 1301 2437; x_wconf 84' lang='lat' dir='ltr'>quod&#39;attinet,</span> <span class='ocrx_word' id='word_1_148' title='bbox 1324 2385 1344 2422; x_wconf 58' lang='lat' dir='ltr'>ei</span> 
     </span>
    </p>

    <p class='ocr_par' dir='ltr' id='par_1_7' title="bbox 108 2443 1344 2523">
     <span class='ocr_line' id='line_1_22' title="bbox 108 2443 1344 2523; baseline 0 -17"><span class='ocrx_word' id='word_1_149' title='bbox 108 2443 111 2451; x_wconf 72' lang='grc'><strong>’</strong></span> <span class='ocrx_word' id='word_1_150' title='bbox 145 2471 249 2523; x_wconf 81' lang='lat' dir='ltr'>magno</span> <span class='ocrx_word' id='word_1_151' title='bbox 267 2453 466 2508; x_wconf 87' lang='lat' dir='ltr'>catholicorum</span> <span class='ocrx_word' id='word_1_152' title='bbox 484 2454 607 2508; x_wconf 86' lang='lat' dir='ltr'>onmium</span> <span class='ocrx_word' id='word_1_153' title='bbox 626 2453 820 2508; x_wconf 78' lang='lat' dir='ltr'>aestimatione</span> <span class='ocrx_word' id='word_1_154' title='bbox 838 2470 947 2523; x_wconf 87' lang='lat' dir='ltr'>semper</span> <span class='ocrx_word' id='word_1_155' title='bbox 964 2453 1047 2507; x_wconf 86' lang='lat' dir='ltr'>fuisse</span> <span class='ocrx_word' id='word_1_156' title='bbox 1064 2455 1167 2507; x_wconf 88' lang='lat' dir='ltr'>norunt</span> <span class='ocrx_word' id='word_1_157' title='bbox 1185 2469 1297 2507; x_wconf 90' lang='lat' dir='ltr'>omnes.</span> <span class='ocrx_word' id='word_1_158' title='bbox 1315 2453 1344 2523; x_wconf 77' lang='lat' dir='ltr'>[c</span> 
     </span>
    </p>

    <p class='ocr_par' dir='ltr' id='par_1_8' title="bbox 125 2537 1345 3372">
     <span class='ocr_line' id='line_1_23' title="bbox 125 2537 1344 2607; baseline 0 -16"><span class='ocrx_word' id='word_1_159' title='bbox 125 2601 127 2605; x_wconf 15' lang='lat' dir='ltr'>y</span> <span class='ocrx_word' id='word_1_160' title='bbox 210 2540 243 2607; x_wconf 71' lang='grc' dir='ltr'>π’)</span> <span class='ocrx_word' id='word_1_161' title='bbox 261 2539 305 2592; x_wconf 79' lang='lat' dir='ltr'>Ita</span> <span class='ocrx_word' id='word_1_162' title='bbox 316 2538 350 2591; x_wconf 78' lang='lat' dir='ltr'>F¹¹</span> <span class='ocrx_word' id='word_1_163' title='bbox 360 2539 401 2591; x_wconf 74' lang='lat' dir='ltr'>Fffl</span> <span class='ocrx_word' id='word_1_164' title='bbox 410 2539 431 2590; x_wconf 86' lang='lat' dir='ltr'>F</span> <span class='ocrx_word' id='word_1_165' title='bbox 435 2549 453 2592; x_wconf 62' lang='lat' dir='ltr'>l.</span> <span class='ocrx_word' id='word_1_166' title='bbox 473 2538 578 2602; x_wconf 79' lang='lat' dir='ltr'>Quibus</span> <span class='ocrx_word' id='word_1_167' title='bbox 589 2540 673 2605; x_wconf 83' lang='lat' dir='ltr'>lavet,</span> <span class='ocrx_word' id='word_1_168' title='bbox 692 2538 768 2607; x_wconf 87' lang='lat' dir='ltr'>quod</span> <span class='ocrx_word' id='word_1_169' title='bbox 785 2542 809 2592; x_wconf 58' lang='grc' dir='ltr'>οἵ</span> <span class='ocrx_word' id='word_1_170' title='bbox 822 2543 1016 2597; x_wconf 73' lang='lat' dir='ltr'>Pitaoionensu.</span> <span class='ocrx_word' id='word_1_171' title='bbox 1034 2537 1070 2591; x_wconf 83' lang='lat' dir='ltr'>K⁴</span> <span class='ocrx_word' id='word_1_172' title='bbox 1083 2541 1273 2598; x_wconf 75' lang='lat' dir='ltr'>Petablnenris.</span> <span class='ocrx_word' id='word_1_173' title='bbox 1291 2537 1344 2591; x_wconf 67' lang='grc' dir='ltr'>ΡΗ</span> 
     </span>
     <span class='ocr_line' id='line_1_24' title="bbox 142 2623 1344 2693; baseline 0.001 -17"><span class='ocrx_word' id='word_1_174' title='bbox 142 2628 296 2685; x_wconf 82' lang='lat' dir='ltr'>eblonensr&#39;s,</span> <span class='ocrx_word' id='word_1_175' title='bbox 314 2623 361 2677; x_wconf 85' lang='lat' dir='ltr'>olii</span> <span class='ocrx_word' id='word_1_176' title='bbox 379 2630 395 2677; x_wconf 80' lang='grc' dir='ltr'>ὁ</span> <span class='ocrx_word' id='word_1_177' title='bbox 413 2642 476 2677; x_wconf 85' lang='lat' dir='ltr'>mss.</span> <span class='ocrx_word' id='word_1_178' title='bbox 490 2627 518 2677; x_wconf 67' lang='lat' dir='ltr'>al</span> <span class='ocrx_word' id='word_1_179' title='bbox 532 2629 741 2678; x_wconf 79' lang='lat' dir='ltr'>Pictuuionensis.</span> <span class='ocrx_word' id='word_1_180' title='bbox 769 2625 806 2676; x_wconf 80' lang='lat' dir='ltr'>At</span> <span class='ocrx_word' id='word_1_181' title='bbox 829 2625 957 2693; x_wconf 80' lang='lat' dir='ltr'>corrupte</span> <span class='ocrx_word' id='word_1_182' title='bbox 978 2624 1015 2692; x_wconf 81' lang='grc' dir='ltr'>Ιβ</span> <span class='ocrx_word' id='word_1_183' title='bbox 1027 2627 1200 2681; x_wconf 78' lang='lat' dir='ltr'>I’r&#39;ctnrensr&#39;s,</span> <span class='ocrx_word' id='word_1_184' title='bbox 1219 2623 1281 2677; x_wconf 76' lang='lat' dir='ltr'>tres</span> <span class='ocrx_word' id='word_1_185' title='bbox 1299 2623 1344 2677; x_wconf 77' lang='lat' dir='ltr'>alii</span> 
     </span>
     <span class='ocr_line' id='line_1_25' title="bbox 142 2702 1344 2774; baseline 0.002 -15"><span class='ocrx_word' id='word_1_186' title='bbox 142 2702 358 2770; x_wconf 60' lang='lat' dir='ltr'>reluctamus,</span> <span class='ocrx_word' id='word_1_187' title='bbox 379 2708 410 2762; x_wconf 70' lang='grc' dir='ltr'>θ’</span> <span class='ocrx_word' id='word_1_188' title='bbox 430 2713 595 2770; x_wconf 78' lang='lat' dir='ltr'>Pictobensr&#39;s,</span> <span class='ocrx_word' id='word_1_189' title='bbox 614 2709 637 2760; x_wconf 74' lang='grc' dir='ltr'>Ιο</span> <span class='ocrx_word' id='word_1_190' title='bbox 655 2713 833 2769; x_wconf 81' lang='lat' dir='ltr'>Pielnbr‘ensis,</span> <span class='ocrx_word' id='word_1_191' title='bbox 852 2711 878 2762; x_wconf 83' lang='lat' dir='ltr'>a&#39;</span> <span class='ocrx_word' id='word_1_192' title='bbox 893 2712 918 2762; x_wconf 70' lang='grc' dir='ltr'>ο·</span> <span class='ocrx_word' id='word_1_193' title='bbox 937 2724 995 2774; x_wconf 87' lang='lat' dir='ltr'>seq.</span> <span class='ocrx_word' id='word_1_194' title='bbox 1015 2712 1185 2761; x_wconf 75' lang='lat' dir='ltr'>Ptcluur&#39;enss&#39;e</span> <span class='ocrx_word' id='word_1_195' title='bbox 1203 2706 1254 2774; x_wconf 72' lang='grc' dir='ltr'>(ΧΙς</span> <span class='ocrx_word' id='word_1_196' title='bbox 1274 2713 1344 2762; x_wconf 76' lang='lat' dir='ltr'>Pseu</span> 
     </span>
     <span class='ocr_line' id='line_1_26' title="bbox 142 2790 1345 2861; baseline 0.002 -16"><span class='ocrx_word' id='word_1_197' title='bbox 142 2796 198 2859; x_wconf 79' lang='lat' dir='ltr'>sis).</span> <span class='ocrx_word' id='word_1_198' title='bbox 233 2797 365 2847; x_wconf 79' lang='lat' dir='ltr'>Perediam</span> <span class='ocrx_word' id='word_1_199' title='bbox 383 2794 477 2847; x_wconf 87' lang='lat' dir='ltr'>autem</span> <span class='ocrx_word' id='word_1_200' title='bbox 495 2793 539 2861; x_wconf 84' lang='lat' dir='ltr'>est</span> <span class='ocrx_word' id='word_1_201' title='bbox 556 2793 622 2846; x_wconf 91' lang='lat' dir='ltr'>urbs</span> <span class='ocrx_word' id='word_1_202' title='bbox 639 2792 676 2846; x_wconf 87' lang='lat' dir='ltr'>ad</span> <span class='ocrx_word' id='word_1_203' title='bbox 688 2792 821 2847; x_wconf 78' lang='lat' dir='ltr'>Drarium</span> <span class='ocrx_word' id='word_1_204' title='bbox 838 2792 952 2846; x_wconf 88' lang='lat' dir='ltr'>fluvium</span> <span class='ocrx_word' id='word_1_205' title='bbox 968 2792 998 2846; x_wconf 89' lang='lat' dir='ltr'>in</span> <span class='ocrx_word' id='word_1_206' title='bbox 1016 2791 1161 2846; x_wconf 88' lang='lat' dir='ltr'>Pannonia</span> <span class='ocrx_word' id='word_1_207' title='bbox 1178 2790 1242 2846; x_wconf 83' lang='lat' dir='ltr'>sita.</span> <span class='ocrx_word' id='word_1_208' title='bbox 1262 2822 1298 2831; x_wconf 92' lang='lat'><strong>—</strong></span> <span class='ocrx_word' id='word_1_209' title='bbox 1315 2792 1345 2847; x_wconf 79' lang='lat' dir='ltr'>u</span> 
     </span>
     <span class='ocr_line' id='line_1_27' title="bbox 143 2875 1344 2946; baseline 0 -14"><span class='ocrx_word' id='word_1_210' title='bbox 143 2878 228 2942; x_wconf 84' lang='lat' dir='ltr'>rotie,</span> <span class='ocrx_word' id='word_1_211' title='bbox 253 2893 325 2945; x_wconf 86' lang='lat' dir='ltr'>quae</span> <span class='ocrx_word' id='word_1_212' title='bbox 343 2877 484 2932; x_wconf 86' lang='lat' dir='ltr'>Gelasium</span> <span class='ocrx_word' id='word_1_213' title='bbox 502 2876 623 2943; x_wconf 84' lang='lat' dir='ltr'>induxit,</span> <span class='ocrx_word' id='word_1_214' title='bbox 648 2880 679 2930; x_wconf 91' lang='lat' dir='ltr'>ut</span> <span class='ocrx_word' id='word_1_215' title='bbox 696 2875 792 2930; x_wconf 84' lang='lat' dir='ltr'>Severi</span> <span class='ocrx_word' id='word_1_216' title='bbox 814 2875 957 2944; x_wconf 82' lang='lat' dir='ltr'>dialogum</span> <span class='ocrx_word' id='word_1_217' title='bbox 974 2877 1049 2930; x_wconf 90' lang='lat' dir='ltr'>inter</span> <span class='ocrx_word' id='word_1_218' title='bbox 1067 2876 1232 2946; x_wconf 83' lang='lat' dir='ltr'>apocrypha</span> <span class='ocrx_word' id='word_1_219' title='bbox 1250 2893 1344 2933; x_wconf 81' lang='lat' dir='ltr'>recem</span> 
     </span>
     <span class='ocr_line' id='line_1_28' title="bbox 143 2960 1344 3032; baseline 0.001 -16"><span class='ocrx_word' id='word_1_220' title='bbox 143 2979 205 3016; x_wconf 89' lang='lat' dir='ltr'>eum</span> <span class='ocrx_word' id='word_1_221' title='bbox 223 2962 367 3032; x_wconf 89' lang='lat' dir='ltr'>impellere</span> <span class='ocrx_word' id='word_1_222' title='bbox 385 2962 485 3031; x_wconf 82' lang='lat' dir='ltr'>potuit,</span> <span class='ocrx_word' id='word_1_223' title='bbox 503 2964 535 3014; x_wconf 90' lang='lat' dir='ltr'>ut</span> <span class='ocrx_word' id='word_1_224' title='bbox 552 2962 634 3030; x_wconf 84' lang='lat' dir='ltr'>liujus</span> <span class='ocrx_word' id='word_1_225' title='bbox 652 2961 773 3015; x_wconf 86' lang='lat' dir='ltr'>auctoris</span> <span class='ocrx_word' id='word_1_226' title='bbox 790 2961 896 3030; x_wconf 86' lang='lat' dir='ltr'>scripta</span> <span class='ocrx_word' id='word_1_227' title='bbox 912 2960 941 3014; x_wconf 91' lang='lat' dir='ltr'>in</span> <span class='ocrx_word' id='word_1_228' title='bbox 960 2961 1088 3015; x_wconf 88' lang='lat' dir='ltr'>eamdem</span> <span class='ocrx_word' id='word_1_229' title='bbox 1106 2960 1227 3015; x_wconf 83' lang='lat' dir='ltr'>classem</span> <span class='ocrx_word' id='word_1_230' title='bbox 1241 2962 1344 3017; x_wconf 79' lang='lat' dir='ltr'>amand</span> 
     </span>
     <span class='ocr_line' id='line_1_29' title="bbox 143 3045 1344 3117; baseline 0.002 -17"><span class='ocrx_word' id='word_1_231' title='bbox 143 3047 210 3117; x_wconf 84' lang='lat' dir='ltr'>Ejus</span> <span class='ocrx_word' id='word_1_232' title='bbox 234 3048 307 3101; x_wconf 86' lang='lat' dir='ltr'>enim</span> <span class='ocrx_word' id='word_1_233' title='bbox 329 3045 441 3100; x_wconf 85' lang='lat' dir='ltr'>crebras</span> <span class='ocrx_word' id='word_1_234' title='bbox 465 3045 650 3114; x_wconf 73' lang='lat' dir='ltr'>expositiones</span> <span class='ocrx_word' id='word_1_235' title='bbox 672 3045 890 3099; x_wconf 84' lang='lat' dir='ltr'>Millenariorum</span> <span class='ocrx_word' id='word_1_236' title='bbox 917 3060 1010 3100; x_wconf 88' lang='lat' dir='ltr'>errore</span> <span class='ocrx_word' id='word_1_237' title='bbox 1032 3063 1089 3100; x_wconf 89' lang='lat' dir='ltr'>uon</span> <span class='ocrx_word' id='word_1_238' title='bbox 1110 3062 1213 3100; x_wconf 79' lang='lat' dir='ltr'>vocare</span> <span class='ocrx_word' id='word_1_239' title='bbox 1231 3046 1344 3114; x_wconf 80' lang='lat' dir='ltr'>Hieron</span> 
     </span>
     <span class='ocr_line' id='line_1_30' title="bbox 142 3129 1344 3202; baseline 0.001 -17"><span class='ocrx_word' id='word_1_240' title='bbox 142 3150 228 3202; x_wconf 83' lang='lat' dir='ltr'>supra</span> <span class='ocrx_word' id='word_1_241' title='bbox 244 3132 273 3184; x_wconf 91' lang='lat' dir='ltr'>in</span> <span class='ocrx_word' id='word_1_242' title='bbox 291 3133 438 3186; x_wconf 86' lang='lat' dir='ltr'>comment.</span> <span class='ocrx_word' id='word_1_243' title='bbox 457 3130 487 3184; x_wconf 90' lang='lat' dir='ltr'>in</span> <span class='ocrx_word' id='word_1_244' title='bbox 504 3130 602 3183; x_wconf 78' lang='lat' dir='ltr'>llzecb.</span> <span class='ocrx_word' id='word_1_245' title='bbox 621 3147 644 3184; x_wconf 88' lang='lat' dir='ltr'>e.</span> <span class='ocrx_word' id='word_1_246' title='bbox 657 3136 690 3183; x_wconf 80' lang='grc'>36</span> <span class='ocrx_word' id='word_1_247' title='bbox 708 3129 836 3184; x_wconf 85' lang='lat' dir='ltr'>laudatus</span> <span class='ocrx_word' id='word_1_248' title='bbox 853 3145 903 3183; x_wconf 91' lang='lat' dir='ltr'>nos</span> <span class='ocrx_word' id='word_1_249' title='bbox 921 3129 1022 3185; x_wconf 85' lang='lat' dir='ltr'>docuit.</span> <span class='ocrx_word' id='word_1_250' title='bbox 1056 3130 1088 3183; x_wconf 90' lang='lat' dir='ltr'>ln</span> <span class='ocrx_word' id='word_1_251' title='bbox 1104 3145 1160 3198; x_wconf 89' lang='lat' dir='ltr'>quo</span> <span class='ocrx_word' id='word_1_252' title='bbox 1171 3129 1344 3202; x_wconf 81' lang='lat' dir='ltr'>Hieronymi</span> 
     </span>
     <span class='ocr_line' id='line_1_31' title="bbox 143 3213 1344 3286; baseline 0.002 -16"><span class='ocrx_word' id='word_1_253' title='bbox 143 3235 228 3286; x_wconf 90' lang='lat' dir='ltr'>quum</span> <span class='ocrx_word' id='word_1_254' title='bbox 247 3217 275 3270; x_wconf 91' lang='lat' dir='ltr'>et</span> <span class='ocrx_word' id='word_1_255' title='bbox 291 3216 431 3270; x_wconf 85' lang='lat' dir='ltr'>Marianus</span> <span class='ocrx_word' id='word_1_256' title='bbox 449 3219 643 3269; x_wconf 76' lang='lat' dir='ltr'>Petobionemr&#39;e</span> <span class='ocrx_word' id='word_1_257' title='bbox 660 3213 822 3283; x_wconf 88' lang='lat' dir='ltr'>reperisset,</span> <span class='ocrx_word' id='word_1_258' title='bbox 850 3220 1017 3269; x_wconf 57' lang='lat' dir='ltr'>minuendo</span> <span class='ocrx_word' id='word_1_259' title='bbox 1034 3215 1265 3271; x_wconf 75' lang='lat' dir='ltr'>substituendum</span> <span class='ocrx_word' id='word_1_260' title='bbox 1282 3233 1344 3272; x_wconf 83' lang='lat' dir='ltr'>esse</span> 
     </span>
     <span class='ocr_line' id='line_1_32' title="bbox 142 3298 1344 3372; baseline 0.002 -19"><span class='ocrx_word' id='word_1_261' title='bbox 142 3301 232 3355; x_wconf 89' lang='lat' dir='ltr'>solum</span> <span class='ocrx_word' id='word_1_262' title='bbox 247 3300 276 3354; x_wconf 88' lang='lat' dir='ltr'>in</span> <span class='ocrx_word' id='word_1_263' title='bbox 289 3301 341 3355; x_wconf 90' lang='lat' dir='ltr'>hoc</span> <span class='ocrx_word' id='word_1_264' title='bbox 353 3299 564 3365; x_wconf 74' lang='lat' dir='ltr'>commentante,</span> <span class='ocrx_word' id='word_1_265' title='bbox 583 3298 632 3353; x_wconf 88' lang='lat' dir='ltr'>sed</span> <span class='ocrx_word' id='word_1_266' title='bbox 650 3300 680 3353; x_wconf 90' lang='lat' dir='ltr'>et</span> <span class='ocrx_word' id='word_1_267' title='bbox 695 3299 724 3351; x_wconf 91' lang='lat' dir='ltr'>in</span> <span class='ocrx_word' id='word_1_268' title='bbox 742 3298 814 3352; x_wconf 90' lang='lat' dir='ltr'>libro</span> <span class='ocrx_word' id='word_1_269' title='bbox 832 3298 868 3352; x_wconf 85' lang='lat' dir='ltr'>do</span> <span class='ocrx_word' id='word_1_270' title='bbox 885 3299 979 3368; x_wconf 83' lang='lat' dir='ltr'>script.</span> <span class='ocrx_word' id='word_1_271' title='bbox 993 3299 1184 3355; x_wconf 75' lang='lat' dir='ltr'>eccles-male</span> <span class='ocrx_word' id='word_1_272' title='bbox 1202 3301 1259 3356; x_wconf 88' lang='lat' dir='ltr'>sibi</span> <span class='ocrx_word' id='word_1_273' title='bbox 1271 3319 1344 3372; x_wconf 78' lang='lat' dir='ltr'>persi</span> 
     </span>
    </p>

    <p class='ocr_par' dir='ltr' id='par_1_9' title="bbox 209 3385 1344 3452">
     <span class='ocr_line' id='line_1_33' title="bbox 209 3385 1344 3452; baseline -0.004 -13"><span class='ocrx_word' id='word_1_274' title='bbox 209 3390 241 3452; x_wconf 73' lang='grc' dir='ltr'>Ἡ)</span> <span class='ocrx_word' id='word_1_275' title='bbox 259 3385 293 3439; x_wconf 76' lang='lat' dir='ltr'>F²</span> <span class='ocrx_word' id='word_1_276' title='bbox 310 3391 441 3440; x_wconf 73' lang='lat' dir='ltr'>lbnmenti</span> <span class='ocrx_word' id='word_1_277' title='bbox 457 3393 515 3447; x_wconf 79' lang='lat' dir='ltr'>ceti,</span> <span class='ocrx_word' id='word_1_278' title='bbox 534 3385 567 3438; x_wconf 83' lang='lat' dir='ltr'>F&#39;</span> <span class='ocrx_word' id='word_1_279' title='bbox 585 3389 751 3438; x_wconf 74' lang='lat' dir='ltr'>Frnnenn&#39;ni.</span> <span class='ocrx_word' id='word_1_280' title='bbox 1338 3436 1344 3443; x_wconf 78' lang='grc'><strong>,</strong></span> 
     </span>
    </p>

    <p class='ocr_par' dir='ltr' id='par_1_10' title="bbox 79 3468 1345 4984">
     <span class='ocr_line' id='line_1_34' title="bbox 209 3468 1344 3541; baseline 0.005 -18"><span class='ocrx_word' id='word_1_281' title='bbox 209 3475 242 3537; x_wconf 75' lang='lat'>⁷⁸)</span> <span class='ocrx_word' id='word_1_282' title='bbox 260 3471 323 3524; x_wconf 86' lang='lat' dir='ltr'>Jam</span> <span class='ocrx_word' id='word_1_283' title='bbox 342 3469 559 3535; x_wconf 85' lang='lat' dir='ltr'>observavimus,</span> <span class='ocrx_word' id='word_1_284' title='bbox 586 3468 660 3522; x_wconf 90' lang='lat' dir='ltr'>hunc</span> <span class='ocrx_word' id='word_1_285' title='bbox 677 3468 825 3523; x_wconf 87' lang='lat' dir='ltr'>articulum</span> <span class='ocrx_word' id='word_1_286' title='bbox 843 3468 871 3521; x_wconf 90' lang='lat' dir='ltr'>in</span> <span class='ocrx_word' id='word_1_287' title='bbox 888 3468 924 3522; x_wconf 67' lang='lat' dir='ltr'>F*¹</span> <span class='ocrx_word' id='word_1_288' title='bbox 936 3469 976 3522; x_wconf 80' lang='lat' dir='ltr'>F¹¹¹</span> <span class='ocrx_word' id='word_1_289' title='bbox 989 3473 1016 3524; x_wconf 86' lang='lat' dir='ltr'>a¹</span> <span class='ocrx_word' id='word_1_290' title='bbox 1030 3473 1056 3523; x_wconf 74' lang='lat' dir='ltr'>e’</span> <span class='ocrx_word' id='word_1_291' title='bbox 1067 3485 1125 3538; x_wconf 86' lang='lat' dir='ltr'>seq.</span> <span class='ocrx_word' id='word_1_292' title='bbox 1145 3472 1279 3541; x_wconf 86' lang='lat' dir='ltr'>supen&#39;us</span> <span class='ocrx_word' id='word_1_293' title='bbox 1295 3478 1344 3528; x_wconf 71' lang='lat' dir='ltr'>libr</span> 
     </span>
     <span class='ocr_line' id='line_1_35' title="bbox 142 3553 1344 3628; baseline 0.006 -21"><span class='ocrx_word' id='word_1_294' title='bbox 142 3562 289 3623; x_wconf 75' lang='lat' dir='ltr'>appellatur</span> <span class='ocrx_word' id='word_1_295' title='bbox 305 3566 376 3608; x_wconf 72' lang='lat' dir='ltr'>acan</span> <span class='ocrx_word' id='word_1_296' title='bbox 389 3560 496 3609; x_wconf 77' lang='lat' dir='ltr'>Theclae</span> <span class='ocrx_word' id='word_1_297' title='bbox 508 3553 661 3624; x_wconf 87' lang='lat' dir='ltr'>praemitti,</span> <span class='ocrx_word' id='word_1_298' title='bbox 678 3554 707 3607; x_wconf 90' lang='lat' dir='ltr'>in</span> <span class='ocrx_word' id='word_1_299' title='bbox 719 3553 818 3608; x_wconf 90' lang='lat' dir='ltr'>ceteris</span> <span class='ocrx_word' id='word_1_300' title='bbox 832 3557 926 3608; x_wconf 89' lang='lat' dir='ltr'>autem</span> <span class='ocrx_word' id='word_1_301' title='bbox 938 3554 1090 3620; x_wconf 74' lang='lat' dir='ltr'>codicibus,</span> <span class='ocrx_word' id='word_1_302' title='bbox 1108 3553 1132 3609; x_wconf 90' lang='lat' dir='ltr'>si</span> <span class='ocrx_word' id='word_1_303' title='bbox 1143 3572 1254 3625; x_wconf 83' lang='lat' dir='ltr'>paucos</span> <span class='ocrx_word' id='word_1_304' title='bbox 1267 3575 1344 3628; x_wconf 68' lang='lat' dir='ltr'>excel</span> 
     </span>
     <span class='ocr_line' id='line_1_36' title="bbox 142 3637 1344 3712; baseline 0.005 -20"><span class='ocrx_word' id='word_1_305' title='bbox 142 3640 196 3692; x_wconf 92' lang='lat' dir='ltr'>huc</span> <span class='ocrx_word' id='word_1_306' title='bbox 214 3639 323 3704; x_wconf 85' lang='lat' dir='ltr'>referri,</span> <span class='ocrx_word' id='word_1_307' title='bbox 345 3642 430 3707; x_wconf 86' lang='lat' dir='ltr'>atque</span> <span class='ocrx_word' id='word_1_308' title='bbox 449 3657 518 3708; x_wconf 84' lang='lat' dir='ltr'>opus</span> <span class='ocrx_word' id='word_1_309' title='bbox 536 3639 581 3692; x_wconf 90' lang='lat' dir='ltr'>hic</span> <span class='ocrx_word' id='word_1_310' title='bbox 599 3639 784 3693; x_wconf 90' lang='lat' dir='ltr'>memoratum</span> <span class='ocrx_word' id='word_1_311' title='bbox 802 3639 831 3711; x_wconf 80' lang='lat' dir='ltr'>in</span> <span class='ocrx_word' id='word_1_312' title='bbox 848 3637 947 3693; x_wconf 89' lang='lat' dir='ltr'>iisdem</span> <span class='ocrx_word' id='word_1_313' title='bbox 970 3638 1052 3693; x_wconf 89' lang='lat' dir='ltr'>editis</span> <span class='ocrx_word' id='word_1_314' title='bbox 1074 3639 1151 3696; x_wconf 87' lang='lat' dir='ltr'>nullo</span> <span class='ocrx_word' id='word_1_315' title='bbox 1168 3641 1344 3712; x_wconf 78' lang='lat' dir='ltr'>suffragante</span> 
     </span>
     <span class='ocr_line' id='line_1_37' title="bbox 119 3723 1344 3795; baseline 0.005 -19"><span class='ocrx_word' id='word_1_316' title='bbox 119 3728 318 3777; x_wconf 73' lang='lat' dir='ltr'>¹Cenu&#39;ncetcunc</span> <span class='ocrx_word' id='word_1_317' title='bbox 336 3723 480 3792; x_wconf 79' lang='lat' dir='ltr'>appellari.</span> <span class='ocrx_word' id='word_1_318' title='bbox 515 3724 599 3792; x_wconf 83' lang='lat' dir='ltr'>Legit</span> <span class='ocrx_word' id='word_1_319' title='bbox 616 3727 640 3777; x_wconf 85' lang='lat' dir='ltr'>c¹</span> <span class='ocrx_word' id='word_1_320' title='bbox 663 3727 756 3777; x_wconf 71' lang='lat' dir='ltr'>&amp;neon</span> <span class='ocrx_word' id='word_1_321' title='bbox 780 3729 812 3776; x_wconf 81' lang='lat' dir='ltr'>de</span> <span class='ocrx_word' id='word_1_322' title='bbox 833 3728 931 3778; x_wconf 76' lang='lat' dir='ltr'>Christo</span> <span class='ocrx_word' id='word_1_323' title='bbox 953 3728 1104 3793; x_wconf 63' lang='lat' dir='ltr'>Virgilianae</span> <span class='ocrx_word' id='word_1_324' title='bbox 1126 3738 1288 3795; x_wconf 75' lang='lat' dir='ltr'>compactum</span> <span class='ocrx_word' id='word_1_325' title='bbox 1303 3748 1344 3782; x_wconf 74' lang='lat' dir='ltr'>ver</span> 
     </span>
     <span class='ocr_line' id='line_1_38' title="bbox 142 3807 1344 3882; baseline 0.004 -22"><span class='ocrx_word' id='word_1_326' title='bbox 142 3813 318 3876; x_wconf 70' lang='lat' dir='ltr'>apocryphus,</span> <span class='ocrx_word' id='word_1_327' title='bbox 346 3808 421 3876; x_wconf 89' lang='lat' dir='ltr'>quod</span> <span class='ocrx_word' id='word_1_328' title='bbox 442 3807 496 3860; x_wconf 92' lang='lat' dir='ltr'>sibi</span> <span class='ocrx_word' id='word_1_329' title='bbox 517 3826 573 3862; x_wconf 89' lang='lat' dir='ltr'>nun</span> <span class='ocrx_word' id='word_1_330' title='bbox 592 3808 730 3862; x_wconf 85' lang='lat' dir='ltr'>cohaeret.</span> <span class='ocrx_word' id='word_1_331' title='bbox 766 3808 798 3861; x_wconf 69' lang='lat' dir='ltr'>F⁶</span> <span class='ocrx_word' id='word_1_332' title='bbox 817 3812 942 3862; x_wconf 79' lang='lat' dir='ltr'>Centonee</span> <span class='ocrx_word' id='word_1_333' title='bbox 1016 3815 1189 3878; x_wconf 76' lang='lat' dir='ltr'>conrpapr&#39;naer&#39;</span> <span class='ocrx_word' id='word_1_334' title='bbox 1264 3831 1344 3882; x_wconf 77' lang='lat' dir='ltr'>apocr</span> 
     </span>
     <span class='ocr_line' id='line_1_39' title="bbox 142 3892 1344 3963; baseline 0.004 -17"><span class='ocrx_word' id='word_1_335' title='bbox 142 3893 192 3946; x_wconf 80' lang='lat' dir='ltr'>t‘ui</span> <span class='ocrx_word' id='word_1_336' title='bbox 209 3892 393 3961; x_wconf 76' lang='lat' dir='ltr'>Hieronymus</span> <span class='ocrx_word' id='word_1_337' title='bbox 411 3893 490 3962; x_wconf 89' lang='lat' dir='ltr'>epist.</span> <span class='ocrx_word' id='word_1_338' title='bbox 505 3899 553 3947; x_wconf 78' lang='lat'>108</span> <span class='ocrx_word' id='word_1_339' title='bbox 576 3892 612 3946; x_wconf 90' lang='lat' dir='ltr'>ad</span> <span class='ocrx_word' id='word_1_340' title='bbox 633 3893 792 3959; x_wconf 83' lang='lat' dir='ltr'>Pardinum,</span> <span class='ocrx_word' id='word_1_341' title='bbox 814 3892 869 3946; x_wconf 89' lang='lat' dir='ltr'>nisi</span> <span class='ocrx_word' id='word_1_342' title='bbox 889 3893 1011 3962; x_wconf 78' lang='lat' dir='ltr'>figurata</span> <span class='ocrx_word' id='word_1_343' title='bbox 1031 3895 1129 3949; x_wconf 88' lang='lat' dir='ltr'>utatur</span> <span class='ocrx_word' id='word_1_344' title='bbox 1150 3895 1295 3963; x_wconf 86' lang='lat' dir='ltr'>oratione,</span> <span class='ocrx_word' id='word_1_345' title='bbox 1319 3898 1344 3951; x_wconf 86' lang='lat' dir='ltr'>la</span> 
     </span>
     <span class='ocr_line' id='line_1_40' title="bbox 141 3977 1344 4051; baseline 0.002 -20"><span class='ocrx_word' id='word_1_346' title='bbox 141 3978 259 4045; x_wconf 87' lang='lat' dir='ltr'>videtur,</span> <span class='ocrx_word' id='word_1_347' title='bbox 277 3977 327 4031; x_wconf 92' lang='lat' dir='ltr'>ubi</span> <span class='ocrx_word' id='word_1_348' title='bbox 343 3978 397 4031; x_wconf 89' lang='lat' dir='ltr'>hec</span> <span class='ocrx_word' id='word_1_349' title='bbox 415 3995 484 4047; x_wconf 89' lang='lat' dir='ltr'>opus</span> <span class='ocrx_word' id='word_1_350' title='bbox 502 3978 542 4031; x_wconf 86' lang='lat' dir='ltr'>sio</span> <span class='ocrx_word' id='word_1_351' title='bbox 559 3979 651 4032; x_wconf 87' lang='lat' dir='ltr'>notat:</span> <span class='ocrx_word' id='word_1_352' title='bbox 676 3982 754 4043; x_wconf 79' lang='lat' dir='ltr'>Quasi</span> <span class='ocrx_word' id='word_1_353' title='bbox 771 3998 821 4033; x_wconf 89' lang='lat' dir='ltr'>non</span> <span class='ocrx_word' id='word_1_354' title='bbox 839 3984 972 4047; x_wconf 73' lang='lat' dir='ltr'>legendnm</span> <span class='ocrx_word' id='word_1_355' title='bbox 983 3978 1274 4036; x_wconf 71' lang='lat' dir='ltr'>-rronerocennnee‘et</span> <span class='ocrx_word' id='word_1_356' title='bbox 1293 3984 1344 4051; x_wconf 69' lang='lat' dir='ltr'>Vin</span> 
     </span>
     <span class='ocr_line' id='line_1_41' title="bbox 79 4060 1344 4132; baseline 0.005 -17"><span class='ocrx_word' id='word_1_357' title='bbox 79 4079 87 4091; x_wconf 78' lang='grc'><em>’</em></span> <span class='ocrx_word' id='word_1_358' title='bbox 140 4074 267 4117; x_wconf 75' lang='lat' dir='ltr'>centones.</span> <span class='ocrx_word' id='word_1_359' title='bbox 304 4060 360 4117; x_wconf 90' lang='lat' dir='ltr'>Sed</span> <span class='ocrx_word' id='word_1_360' title='bbox 377 4062 468 4116; x_wconf 91' lang='lat' dir='ltr'>eidem</span> <span class='ocrx_word' id='word_1_361' title='bbox 485 4063 664 4132; x_wconf 83' lang='lat' dir='ltr'>refragantur</span> <span class='ocrx_word' id='word_1_362' title='bbox 686 4078 780 4117; x_wconf 89' lang='lat' dir='ltr'>omnes</span> <span class='ocrx_word' id='word_1_363' title='bbox 807 4062 844 4117; x_wconf 86' lang='lat' dir='ltr'>ad</span> <span class='ocrx_word' id='word_1_364' title='bbox 866 4080 951 4116; x_wconf 91' lang='lat' dir='ltr'>unum</span> <span class='ocrx_word' id='word_1_365' title='bbox 974 4080 1037 4116; x_wconf 89' lang='lat' dir='ltr'>mss.</span> <span class='ocrx_word' id='word_1_366' title='bbox 1060 4063 1158 4130; x_wconf 85' lang='lat' dir='ltr'>(etiam</span> <span class='ocrx_word' id='word_1_367' title='bbox 1175 4063 1255 4119; x_wconf 62' lang='grc' dir='ltr'>(Μ’</span> <span class='ocrx_word' id='word_1_368' title='bbox 1268 4064 1344 4121; x_wconf 69' lang='grc' dir='ltr'>Μ’·</span> 
     </span>
     <span class='ocr_line' id='line_1_42' title="bbox 141 4147 1344 4221; baseline 0.003 -21"><span class='ocrx_word' id='word_1_369' title='bbox 141 4148 178 4200; x_wconf 68' lang='grc' dir='ltr'>ΗΘ</span> <span class='ocrx_word' id='word_1_370' title='bbox 195 4153 303 4202; x_wconf 78' lang='lat' dir='ltr'>Gentonr&#39;</span> <span class='ocrx_word' id='word_1_371' title='bbox 374 4155 572 4215; x_wconf 69' lang='lat' dir='ltr'>compaginatum</span> <span class='ocrx_word' id='word_1_372' title='bbox 590 4150 749 4216; x_wconf 63' lang='lat' dir='ltr'>apocrypha)</span> <span class='ocrx_word' id='word_1_373' title='bbox 768 4148 839 4204; x_wconf 78' lang='lat' dir='ltr'>sicut</span> <span class='ocrx_word' id='word_1_374' title='bbox 856 4150 885 4201; x_wconf 85' lang='lat' dir='ltr'>et</span> <span class='ocrx_word' id='word_1_375' title='bbox 902 4147 1023 4201; x_wconf 81' lang='lat' dir='ltr'>Isidorus</span> <span class='ocrx_word' id='word_1_376' title='bbox 1039 4147 1227 4218; x_wconf 76' lang='lat' dir='ltr'>Hispalensis,</span> <span class='ocrx_word' id='word_1_377' title='bbox 1250 4150 1344 4221; x_wconf 82' lang='lat' dir='ltr'>quilii</span> 
     </span>
     <span class='ocr_line' id='line_1_43' title="bbox 141 4226 1345 4302; baseline 0.003 -17"><span class='ocrx_word' id='word_1_378' title='bbox 141 4232 207 4285; x_wconf 89' lang='lat' dir='ltr'>viris</span> <span class='ocrx_word' id='word_1_379' title='bbox 224 4232 323 4286; x_wconf 86' lang='lat' dir='ltr'>illustr.</span> <span class='ocrx_word' id='word_1_380' title='bbox 344 4248 365 4286; x_wconf 86' lang='lat' dir='ltr'>e.</span> <span class='ocrx_word' id='word_1_381' title='bbox 380 4238 396 4286; x_wconf 81' lang='lat'><strong>5</strong></span> <span class='ocrx_word' id='word_1_382' title='bbox 413 4231 488 4285; x_wconf 88' lang='lat' dir='ltr'>idem</span> <span class='ocrx_word' id='word_1_383' title='bbox 506 4247 576 4300; x_wconf 86' lang='lat' dir='ltr'>opus</span> <span class='ocrx_word' id='word_1_384' title='bbox 588 4236 721 4286; x_wconf 64' lang='lat' dir='ltr'>&amp;ntorum</span> <span class='ocrx_word' id='word_1_385' title='bbox 739 4249 794 4285; x_wconf 90' lang='lat' dir='ltr'>non</span> <span class='ocrx_word' id='word_1_386' title='bbox 806 4237 932 4287; x_wconf 78' lang='lat' dir='ltr'>Centones</span> <span class='ocrx_word' id='word_1_387' title='bbox 949 4235 1039 4287; x_wconf 84' lang='lat' dir='ltr'>vocat.</span> <span class='ocrx_word' id='word_1_388' title='bbox 1063 4232 1163 4302; x_wconf 85' lang='lat' dir='ltr'>Neque</span> <span class='ocrx_word' id='word_1_389' title='bbox 1181 4226 1345 4299; x_wconf 62' lang='lat' dir='ltr'>euim&#39;ambi</span> 
     </span>
     <span class='ocr_line' id='line_1_44' title="bbox 141 4315 1344 4386; baseline 0.003 -17"><span class='ocrx_word' id='word_1_390' title='bbox 141 4316 215 4382; x_wconf 87' lang='lat' dir='ltr'>dum,</span> <span class='ocrx_word' id='word_1_391' title='bbox 233 4316 300 4384; x_wconf 91' lang='lat' dir='ltr'>quin</span> <span class='ocrx_word' id='word_1_392' title='bbox 317 4316 354 4369; x_wconf 86' lang='lat' dir='ltr'>ud</span> <span class='ocrx_word' id='word_1_393' title='bbox 371 4317 445 4370; x_wconf 90' lang='lat' dir='ltr'>hune</span> <span class='ocrx_word' id='word_1_394' title='bbox 460 4316 551 4385; x_wconf 89' lang='lat' dir='ltr'>ipsum</span> <span class='ocrx_word' id='word_1_395' title='bbox 569 4316 661 4369; x_wconf 88' lang='lat' dir='ltr'>locum</span> <span class='ocrx_word' id='word_1_396' title='bbox 679 4316 818 4386; x_wconf 85' lang='lat' dir='ltr'>respiciat,</span> <span class='ocrx_word' id='word_1_397' title='bbox 840 4333 927 4386; x_wconf 88' lang='lat' dir='ltr'>quum</span> <span class='ocrx_word' id='word_1_398' title='bbox 943 4316 984 4371; x_wconf 89' lang='lat' dir='ltr'>ibi</span> <span class='ocrx_word' id='word_1_399' title='bbox 1000 4315 1109 4371; x_wconf 85' lang='lat' dir='ltr'>scribit:</span> <span class='ocrx_word' id='word_1_400' title='bbox 1135 4322 1226 4373; x_wconf 81' lang='lat' dir='ltr'>Prota</span> <span class='ocrx_word' id='word_1_401' title='bbox 1248 4336 1344 4376; x_wconf 64' lang='lat' dir='ltr'>worn</span> 
     </span>
     <span class='ocr_line' id='line_1_45' title="bbox 138 4405 1344 4473; baseline 0.004 -19"><span class='ocrx_word' id='word_1_402' title='bbox 138 4407 196 4468; x_wconf 81' lang='lat' dir='ltr'>pde&#39;c&#39;</span> <span class='ocrx_word' id='word_1_403' title='bbox 212 4408 380 4469; x_wconf 79' lang='lat' dir='ltr'>proconsulis,</span> <span class='ocrx_word' id='word_1_404' title='bbox 398 4405 492 4466; x_wconf 75' lang='lat' dir='ltr'>sembra</span> <span class='ocrx_word' id='word_1_405' title='bbox 510 4407 577 4454; x_wconf 77' lang='lat' dir='ltr'>c&#39;rder</span> <span class='ocrx_word' id='word_1_406' title='bbox 593 4407 665 4456; x_wconf 81' lang='lat' dir='ltr'>viros</span> <span class='ocrx_word' id='word_1_407' title='bbox 681 4408 868 4465; x_wconf 75' lang='lat' dir='ltr'>ecclesiasticos</span> <span class='ocrx_word' id='word_1_408' title='bbox 884 4408 981 4458; x_wconf 77' lang='lat' dir='ltr'>ideirco</span> <span class='ocrx_word' id='word_1_409' title='bbox 999 4408 1085 4470; x_wconf 76' lang='lat' dir='ltr'>perito</span> <span class='ocrx_word' id='word_1_410' title='bbox 1100 4408 1166 4464; x_wconf 79' lang='lat' dir='ltr'>sola,</span> <span class='ocrx_word' id='word_1_411' title='bbox 1184 4410 1255 4473; x_wconf 78' lang='lat' dir='ltr'>qaod</span> <span class='ocrx_word' id='word_1_412' title='bbox 1269 4410 1296 4459; x_wconf 69' lang='grc' dir='ltr'>ἐκ</span> <span class='ocrx_word' id='word_1_413' title='bbox 1311 4412 1344 4459; x_wconf 79' lang='lat' dir='ltr'>ter</span> 
     </span>
     <span class='ocr_line' id='line_1_46' title="bbox 143 4489 1344 4556; baseline 0.005 -18"><span class='ocrx_word' id='word_1_414' title='bbox 143 4491 236 4538; x_wconf 73' lang='lat' dir='ltr'>Christi</span> <span class='ocrx_word' id='word_1_415' title='bbox 253 4496 356 4540; x_wconf 81' lang='lat' dir='ltr'>versuto</span> <span class='ocrx_word' id='word_1_416' title='bbox 373 4498 419 4546; x_wconf 75' lang='lat' dir='ltr'>est,</span> <span class='ocrx_word' id='word_1_417' title='bbox 437 4506 590 4553; x_wconf 71' lang='lat' dir='ltr'>consponene</span> <span class='ocrx_word' id='word_1_418' title='bbox 609 4489 773 4540; x_wconf 81' lang='lat' dir='ltr'>Centonem</span> <span class='ocrx_word' id='word_1_419' title='bbox 790 4492 822 4539; x_wconf 85' lang='lat' dir='ltr'>de</span> <span class='ocrx_word' id='word_1_420' title='bbox 836 4490 936 4541; x_wconf 70' lang='lat' dir='ltr'>Christo</span> <span class='ocrx_word' id='word_1_421' title='bbox 946 4491 1098 4555; x_wconf 60' lang='lat' dir='ltr'>Virgilian&amp;</span> <span class='ocrx_word' id='word_1_422' title='bbox 1114 4495 1262 4556; x_wconf 68' lang='lat' dir='ltr'>mopiam</span> <span class='ocrx_word' id='word_1_423' title='bbox 1272 4493 1344 4544; x_wconf 72' lang='lat' dir='ltr'>meir</span> 
     </span>
     <span class='ocr_line' id='line_1_47' title="bbox 140 4575 1344 4643; baseline 0.005 -21"><span class='ocrx_word' id='word_1_424' title='bbox 140 4576 214 4637; x_wconf 83' lang='lat' dir='ltr'>cujus</span> <span class='ocrx_word' id='word_1_425' title='bbox 232 4575 330 4639; x_wconf 78' lang='lat' dir='ltr'>quidem</span> <span class='ocrx_word' id='word_1_426' title='bbox 348 4590 398 4625; x_wconf 86' lang='lat' dir='ltr'>non</span> <span class='ocrx_word' id='word_1_427' title='bbox 414 4576 534 4624; x_wconf 82' lang='lat' dir='ltr'>miramur</span> <span class='ocrx_word' id='word_1_428' title='bbox 549 4575 670 4633; x_wconf 78' lang='lat' dir='ltr'>studium,</span> <span class='ocrx_word' id='word_1_429' title='bbox 695 4576 743 4625; x_wconf 89' lang='lat' dir='ltr'>sed</span> <span class='ocrx_word' id='word_1_430' title='bbox 759 4577 889 4625; x_wconf 78' lang='lat' dir='ltr'>laudamus</span> <span class='ocrx_word' id='word_1_431' title='bbox 906 4577 1044 4639; x_wconf 64' lang='lat' dir='ltr'>ingerdam:</span> <span class='ocrx_word' id='word_1_432' title='bbox 1069 4576 1140 4641; x_wconf 77' lang='lat' dir='ltr'>quod</span> <span class='ocrx_word' id='word_1_433' title='bbox 1161 4583 1245 4628; x_wconf 74' lang='lat' dir='ltr'>meren</span> <span class='ocrx_word' id='word_1_434' title='bbox 1266 4590 1344 4643; x_wconf 71' lang='lat' dir='ltr'>opaea</span> 
     </span>
     <span class='ocr_line' id='line_1_48' title="bbox 140 4655 1335 4728; baseline 0.007 -23"><span class='ocrx_word' id='word_1_435' title='bbox 140 4659 232 4720; x_wconf 76' lang='lat' dir='ltr'>legitur</span> <span class='ocrx_word' id='word_1_436' title='bbox 248 4659 317 4708; x_wconf 81' lang='lat' dir='ltr'>inter</span> <span class='ocrx_word' id='word_1_437' title='bbox 334 4661 496 4724; x_wconf 67' lang='lat' dir='ltr'>epoccppnas</span> <span class='ocrx_word' id='word_1_438' title='bbox 514 4661 659 4724; x_wconf 65' lang='lat' dir='ltr'>soluturos</span> <span class='ocrx_word' id='word_1_439' title='bbox 676 4661 802 4711; x_wconf 78' lang='lat' dir='ltr'>inscrtum.</span> <span class='ocrx_word' id='word_1_440' title='bbox 840 4655 897 4709; x_wconf 88' lang='lat' dir='ltr'>Ubi</span> <span class='ocrx_word' id='word_1_441' title='bbox 914 4655 1056 4710; x_wconf 86' lang='lat' dir='ltr'>enimvero</span> <span class='ocrx_word' id='word_1_442' title='bbox 1072 4655 1208 4713; x_wconf 78' lang='lat' dir='ltr'>insertum</span> <span class='ocrx_word' id='word_1_443' title='bbox 1225 4656 1335 4728; x_wconf 67' lang='lat' dir='ltr'>egion,</span> 
     </span>
     <span class='ocr_line' id='line_1_49' title="bbox 140 4735 1344 4814; baseline 0.008 -25"><span class='ocrx_word' id='word_1_444' title='bbox 140 4737 169 4791; x_wconf 88' lang='lat' dir='ltr'>in</span> <span class='ocrx_word' id='word_1_445' title='bbox 186 4735 239 4791; x_wconf 88' lang='lat' dir='ltr'>hoe</span> <span class='ocrx_word' id='word_1_446' title='bbox 256 4739 383 4805; x_wconf 89' lang='lat' dir='ltr'>decreto,</span> <span class='ocrx_word' id='word_1_447' title='bbox 407 4740 481 4807; x_wconf 89' lang='lat' dir='ltr'>quod</span> <span class='ocrx_word' id='word_1_448' title='bbox 500 4740 627 4794; x_wconf 81' lang='lat' dir='ltr'>Gelasius</span> <span class='ocrx_word' id='word_1_449' title='bbox 651 4740 738 4794; x_wconf 83' lang='lat' dir='ltr'>edidit</span> <span class='ocrx_word' id='word_1_450' title='bbox 759 4746 789 4795; x_wconf 85' lang='lat' dir='ltr'>et</span> <span class='ocrx_word' id='word_1_451' title='bbox 805 4741 956 4795; x_wconf 87' lang='lat' dir='ltr'>Hormisda</span> <span class='ocrx_word' id='word_1_452' title='bbox 977 4741 1159 4810; x_wconf 79' lang='lat' dir='ltr'>recognovit?</span> <span class='ocrx_word' id='word_1_453' title='bbox 1193 4741 1291 4812; x_wconf 81' lang='lat' dir='ltr'>Neque</span> <span class='ocrx_word' id='word_1_454' title='bbox 1305 4758 1344 4814; x_wconf 67' lang='lat' dir='ltr'>pu</span> 
     </span>
     <span class='ocr_line' id='line_1_50' title="bbox 141 4821 1344 4896; baseline 0.006 -22"><span class='ocrx_word' id='word_1_455' title='bbox 141 4821 178 4874; x_wconf 89' lang='lat' dir='ltr'>ud</span> <span class='ocrx_word' id='word_1_456' title='bbox 195 4822 262 4876; x_wconf 90' lang='lat' dir='ltr'>illud</span> <span class='ocrx_word' id='word_1_457' title='bbox 281 4839 350 4892; x_wconf 87' lang='lat' dir='ltr'>opus</span> <span class='ocrx_word' id='word_1_458' title='bbox 368 4823 442 4877; x_wconf 88' lang='lat' dir='ltr'>inter</span> <span class='ocrx_word' id='word_1_459' title='bbox 458 4825 612 4895; x_wconf 88' lang='lat' dir='ltr'>scripturas</span> <span class='ocrx_word' id='word_1_460' title='bbox 629 4827 804 4895; x_wconf 71' lang='lat' dir='ltr'>apocryphas</span> <span class='ocrx_word' id='word_1_461' title='bbox 827 4827 1004 4883; x_wconf 90' lang='lat' dir='ltr'>inserendum</span> <span class='ocrx_word' id='word_1_462' title='bbox 1028 4827 1177 4882; x_wconf 78' lang='lat' dir='ltr'>eentubsse</span> <span class='ocrx_word' id='word_1_463' title='bbox 1196 4829 1293 4896; x_wconf 84' lang='lat' dir='ltr'>putem</span> <span class='ocrx_word' id='word_1_464' title='bbox 1310 4825 1344 4881; x_wconf 87' lang='lat' dir='ltr'>lli</span> 
     </span>
     <span class='ocr_line' id='line_1_51' title="bbox 140 4898 1344 4984; baseline 0.006 -24"><span class='ocrx_word' id='word_1_465' title='bbox 140 4908 217 4977; x_wconf 80' lang='lat' dir='ltr'>nyrui</span> <span class='ocrx_word' id='word_1_466' title='bbox 239 4907 267 4960; x_wconf 90' lang='lat' dir='ltr'>in</span> <span class='ocrx_word' id='word_1_467' title='bbox 289 4908 404 4962; x_wconf 84' lang='lat' dir='ltr'>laudata</span> <span class='ocrx_word' id='word_1_468' title='bbox 425 4911 610 4980; x_wconf 63' lang='lat' dir='ltr'>ernistolu103</span> <span class='ocrx_word' id='word_1_469' title='bbox 633 4911 667 4965; x_wconf 89' lang='lat' dir='ltr'>de</span> <span class='ocrx_word' id='word_1_470' title='bbox 690 4912 742 4965; x_wconf 89' lang='lat' dir='ltr'>hoc</span> <span class='ocrx_word' id='word_1_471' title='bbox 760 4912 883 4967; x_wconf 82' lang='lat' dir='ltr'>Centone</span> <span class='ocrx_word' id='word_1_472' title='bbox 907 4912 1052 4984; x_wconf 84' lang='lat' dir='ltr'>judicium.</span> <span class='ocrx_word' id='word_1_473' title='bbox 1097 4913 1140 4967; x_wconf 91' lang='lat' dir='ltr'>lbi</span> <span class='ocrx_word' id='word_1_474' title='bbox 1162 4912 1267 4983; x_wconf 81' lang='lat' dir='ltr'>quippe</span> <span class='ocrx_word' id='word_1_475' title='bbox 1283 4898 1344 4982; x_wconf 62' lang='lat' dir='ltr'>prin</span> 
     </span>
    </p>
   </div>
   <div class='ocr_carea' id='block_1_4' title="bbox 0 0 1616 5506">
    <p class='ocr_par' dir='ltr' id='par_1_11' title="bbox 0 0 1616 5506">
     <span class='ocr_line' id='line_1_52' title="bbox 0 0 1616 5506; baseline 0 0"><span class='ocrx_word' id='word_1_476' title='bbox 0 0 1616 5506; x_wconf 95' lang='lat' dir='ltr'> </span> 
     </span>
    </p>
   </div>
  </div>
 </body>
</html>
