3204 5506
190 354 254 424 654
645 369 672 419 s.
690 368 872 419 sinaeum
893 366 1007 416 rhein

83 534 177 584 asca.
276 524 444 590 Terrensis
465 523 619 589 diaconus
641 524 782 610 reg'onis
804 524 927 608 primae
949 520 1134 605 subscripsi.

277 627 446 693 Gitonatus
468 626 622 692 diaconus
644 625 786 712 reg'onis
807 625 939 710 quintae
961 623 1149 708 subscripsi.

276 728 437 794 Tertullus
460 728 611 793 diaconus
633 728 775 813 regionis
796 730 930 813 quartae
953 725 1141 810 subscripsi.

276 830 445 895 Johannes
465 829 619 895 diaconus
641 831 783 916 reg'onis
805 829 963 894 secundae
985 827 1170 912 subscripsi.

703 1050 885 1155 Epistola
911 1053 943 1133 2.

51 1177 176 1300 affl}
270 1201 475 1285 Symmachi
496 1219 607 1291 papas
629 1202 673 1270 ad
695 1200 870 1270 hconium
892 1199 1143 1269 hralatamem
1166 1201 1368 1286 episcopum

227 1344 261 1394 Ili
278 1348 334 1408 ipse
352 1349 377 1394 ei
395 1346 531 1410 episcopas
552 1345 703 1394 Viennensis
720 1342 824 1394 &nan
841 1349 927 1393 certos
944 1343 1055 1394 honines
1072 1345 1185 1400 ndiant,
1207 1345 1252 1409 pai
1267 1345 1300 1394 de
1315 1342 1367 1407 ipsc

381 1430 561 1480 controuersiis
579 1430 702 1487 instructi,
720 1430 778 1479 redi
794 1430 951 1494 apostolicae
969 1430 1106 1494 alleganda
1123 1435 1271 1494 suggerant.

343 1561 625 1625 Dilectissimo
647 1561 768 1624 fratri
791 1561 942 1626 Aeonio
965 1559 1231 1645 Symmachus.

276 1679 378 1744 Movit
406 1680 551 1765 equidem
578 1702 653 1763 nos,
691 1680 774 1765 quod
802 1680 982 1746 dilectionis
1009 1683 1084 1744 tuae
1121 1679 1236 1744 relatio
1273 1678 1368 1744 declar

192 1803 330 1867 namque
354 1785 466 1846 contra
495 1781 623 1867 regulas
647 1780 855 1847 ecclesiastici
879 1781 1046 1847 constituti
1074 1783 1108 1845 et
1135 1782 1288 1847 adversus
1316 1802 1368 1846 rer

192 1884 300 1970 dum¹)
330 1904 488 1948 canonum
520 1886 695 1949 tractatum
728 1906 785 1968 per
818 1884 1056 1969 subreptionem
1083 1883 1281 1949 Viennensis
1309 1881 1368 1949 cccl

191 1985 376 2071 pontificem
383 1986 409 2070 ²)
432 1986 470 2049 de
486 1985 673 2069 apostolica,
697 1984 816 2050 dudum
830 1986 1032 2071 praesidente
1048 1985 1214 2051 decessore
1236 1988 1363 2070 nostro,

193 2088 372 2172 culpabiter
394 2087 504 2172 aliqua'
522 2088 691 2171 meruisse;
719 2110 831 2173 quum,
861 2089 888 2153 si
910 2089 954 2154 sit
974 2110 1051 2153 vera
1080 2088 1285 2173 conquestio,
1314 2087 1368 2153 effe

191 2213 258 2255 non
286 2189 412 2274 possint
439 2189 611 2273 impetrata
639 2189 752 2254 frivole
773 2191 950 2275 possidere,
980 2213 1041 2256 nec
1068 2191 1208 2256 anobis
1237 2190 1357 2276 aliquid

191 2293 311 2377 poterit
325 2291 479 2372 ordinari,
503 2290 566 2355 nisi
588 2313 669 2376 quae
692 2314 711 2354 a
732 2292 880 2376 patribus
901 2293 1263 2378 praedecessoribusque
1285 2295 1368 2357 nostr

191 2393 254 2458 hac
277 2415 374 2458 causa
401 2395 524 2457 statuta
552 2393 737 2457 claruerint.
782 2393 905 2459 Tamen
927 2417 968 2459 ne
1003 2394 1099 2459 facile
1121 2394 1254 2460 alterius
1283 2393 1368 2480 parti

193 2497 298 2562 sentia
312 2493 604 2580 praejudicabiliter
616 2495 796 2560 videremur
810 2496 917 2581 aliqua
932 2496 1120 2580 decrevisse,
1145 2496 1178 2560 id
1193 2497 1299 2582 magis
1313 2496 1368 2561 dux

192 2599 423 2679 ordinandum,
452 2599 489 2660 ut
510 2597 698 2662 fraternitas
719 2600 776 2662 tua
799 2599 992 2683 competenti
1014 2601 1159 2683 tempore
1181 2597 1221 2664 de
1244 2597 1368 2664 ecclesis

192 2700 303 2765 ordine
325 2699 519 2764 instructum
541 2720 608 2763 non
629 2702 770 2764 moretur
792 2700 866 2785 cxl)
889 2701 977 2765 omni
1000 2721 1097 2765 causa
1118 2700 1274 2785 dirigere,
1297 2700 1368 2786 quii

192 2824 252 2867 nos
274 2801 440 2866 veritatem
475 2822 588 2864 causae
625 2805 843 2886 competenter
880 2803 1013 2888 alleget3
1056 2805 1216 2887 quatenus
1252 2805 1368 2887 pertrar

192 2904 350 2986 omnibus,
374 2903 458 2988 quod
480 2903 686 2967 statuendum
709 2907 773 2986 est,
799 2905 865 2969 'sub
886 2903 1126 2969 deliberationis
1148 2904 1262 2969 robore
1283 2903 1368 2968 sancii

191 3006 273 3071 Illud
297 3005 392 3070 etiam
416 3004 620 3069 dilectionem
642 3007 732 3069 tuam
754 3007 860 3070 facere
882 3006 996 3070 debere
1017 2998 1244 3093 praecipimus,
1267 3009 1303 3071 ut
1321 3005 1368 3070 ha

192 3112 225 3175 et
247 3108 468 3193 coepiscopum
496 3110 641 3171 nostrum
667 3106 863 3172 Viennensis
889 3107 977 3172 urbis
1006 3109 1191 3185 antistitem?
1220 3109 1315 3174 misso
1338 3128 1368 3171 nt

192 3215 225 3277 et
245 3212 406 3295 'scriptura
429 3211 644 3292 commoneat,
674 3212 711 3273 ut
738 3209 920 3274 constitutis
949 3209 1061 3274 dicbus
1088 3209 1115 3274 is
1143 3231 1268 3295 quoque
1294 3207 1368 3274 honi

191 3313 357 3399 proprium
379 3310 508 3393 dirigat,
532 3310 587 3395 qui
609 3312 712 3395 partis
735 3311 804 3394 ejus
826 3311 1037 3396 allegationes
1060 3314 1280 3396 competenter
1298 3310 1368 3376 insir

192 3418 229 3479 ut
243 3412 440 3499 depromptis
456 3412 497 3476 ab
512 3414 647 3496 utraque
663 3412 935 3498 suggestionibus,
959 3413 1101 3477 securius
1113 3434 1196 3497 quae
1210 3413 1246 3477 in
1267 3415 1368 3498 perpet

192 3517 348 3581 servanda
370 3515 439 3578 sint
459 3513 687 3597 disponantur;
719 3514 793 3598 quia
816 3536 941 3598 semper
962 3517 1131 3598 suspectus
1148 3514 1291 3599 judicat,
1320 3514 1368 3600 qui

192 3618 286 3683 unius
314 3615 430 3702 quod⁴)
459 3615 585 3680 videtur
613 3615 705 3700 eligit
732 3615 951 3699 deploratione
979 3617 1117 3682 sancire.
1168 3615 1325 3682 Dominus
1350 3618 1368 3679 h

193 3931 232 3979 nis
249 3945 271 3979 e.
307 3927 432 3978 Tertullus
449 3911 572 3976 diaconas
592 3926 704 3990 regionis
722 3941 745 3974 a.
782 3925 911 3976 Johannes
932 3927 1054 3977 dnonas
1075 3928 1190 3993 regionis
1206 3924 1240 3980 B.
1275 3925 1368 3977 lieni

191 4014 316 4065 dctannis
334 4014 437 4063 diaconi
452 4026 523 4076 pacm
544 4009 633 4060 obtulit
650 4011 702 4060 etc.
743 4005 784 4059 Ex
806 4006 849 4060 his
874 4006 977 4062 ultimis
998 4007 1105 4062 netum
1126 4007 1272 4078 putamus,
1299 4006 1368 4061 Μ

192 4099 322 4150 lebannes
339 4099 461 4147 diaconas
531 4094 671 4160 subscripsi
687 4091 747 4145 loco
767 4091 863 4159 quinto
880 4090 1013 4162 posuerit
1032 4123 1066 4131 -
1083 4091 1121 4145 H*
1140 4095 1280 4151 annae.

262 4198 281 4264 ¹)
299 4195 343 4250 lia
360 4194 391 4248 h·
405 4193 446 4260 11³,
463 4194 482 4248 b
500 4199 676 4256 reverentiam,
696 4197 722 4246 0⁵
734 4195 769 4246 0¹¹
788 4199 990 4249 reverendorum.
1024 4192 1090 4248 Mox
1107 4192 1140 4248 Ιιί
1152 4193 1187 4248 11³
1204 4213 1321 4250 canam
1335 4201 1368 4247 in

260 4300 282 4367 ²)
300 4296 333 4350 L²
345 4296 377 4350 11⁴
394 4300 522 4365 pontifices
538 4301 600 4349 sede
618 4301 761 4363 apostolica
779 4295 822 4363 (Il⁴
833 4301 891 4350 sedi
901 4298 1068 4365 apostolicae)
1087 4300 1179 4350 cludam
1196 4301 1368 4367 praesidetur

193 4403 252 4438 scre
269 4384 315 4437 niro
333 4402 361 4437 se
379 4384 565 4449 inculpabiliter
582 4385 667 4450 aliqua
736 4385 886 4450 conquisitio
906 4380 949 4448 (Ιι1
962 4383 1130 4450 conquestio).
1165 4380 1198 4435 h¹
1217 4382 1247 4437 ct
1262 4379 1368 4436 editus

193 4483 263 4533 mur,
280 4465 333 4520 nisi
350 4465 426 4536 quod
442 4463 472 4518 hi
489 4464 590 4518 omisso
609 4471 699 4519 dudan
717 4464 886 4535 scripserunt
899 4471 1102 4535 praedecessore
1115 4467 1164 4535 (0¹¹
1176 4466 1315 4533 decesscre)
1328 4473 1368 4516 ma

194 4557 288 4606 noscis
305 4555 353 4606 hae
370 4570 456 4613 cama,
490 4549 554 4605 Non
571 4549 656 4604 alium
673 4550 719 4604 hic
734 4549 914 4619 Symmachus
932 4550 1107 4607 decessorem
1123 4553 1214 4619 notat,
1232 4552 1263 4606 ut
1278 4565 1309 4606 cx
1321 4558 1368 4614 aa*

194 4635 313 4707 epistola
329 4636 458 4707 apertum
475 4634 530 4702 fiet,
547 4634 600 4688 nisi
616 4636 801 4691 Anastanum.

261 4741 282 4807 ³)
299 4737 331 4792 ΙιΙ
350 4758 386 4793 esc
403 4744 475 4799 enni,
492 4736 526 4791 L³
538 4738 570 4792 12⁴
589 4748 614 4792 et
631 4745 703 4801 omni,
723 4742 748 4792 c⁵
760 4754 817 4808 seq.
837 4743 869 4793 de
887 4744 960 4794 onai.
999 4738 1076 4794 Petit
1092 4736 1280 4806 Svmmacbus,
1298 4725 1368 4791 utili

193 4817 222 4876 in
239 4821 337 4878 urbem
355 4823 510 4878 destinetur
527 4821 641 4878 clericus
659 4823 693 4877 de
711 4824 773 4878 tota
791 4839 875 4878 cauas
891 4824 980 4894 probe
997 4825 1157 4882 manuam.

260 4926 282 4992 ⁴)
299 4923 330 4977 L¹
350 4945 414 4994 quae
431 4931 538 4979 uidetur.
