3204 5506
243 346 324 412 1006
354 363 382 411 s.
399 359 607 412 nommsona
623 360 654 408 e.
676 359 822 410 mommo
838 359 948 409 amsa.
964 357 1035 408 nou
1051 357 1227 408 amonim.
1252 357 1287 405 u.
1307 356 1459 405 xxxma.

237 528 316 597 Jura
332 526 534 580 ecclesiastica
550 525 770 579 conditucrunt.
808 520 895 577 Ortar
910 534 957 577 uas
970 521 1095 593 fratres,
1113 525 1190 577 utin
1206 527 1350 593 quantum
1367 523 1442 575 circs
1456 535 1513 591 suo

90 605 109 657 f·
124 614 231 673 minmo-
242 617 353 682 petunt,
374 625 431 680 per
446 624 545 665 eorum
560 608 799 664 admonitionibus
817 608 857 663 ad
874 622 993 679 reanum
1010 609 1166 662 caelestem
1189 623 1296 678 quam
1319 608 1435 661 totius
1452 624 1513 676 pro·

132 679 186 724 ‘'¹³¹‘'
238 701 354 766 perata,
376 701 549 765 praestante
570 694 690 750 ltomino
711 700 810 749 nostra
830 693 902 748 Jesu
919 691 1046 759 Christo,
1075 694 1124 747 eui
1145 699 1190 746 est
1210 692 1307 747 notior
1332 697 1362 745 et
1382 693 1513 763 aleriam

247 780 369 835 caecula
385 781 578 835 saeculorum.

330 880 359 936 3.
390 876 558 936 Hormiuda
578 893 659 952 papa
678 874 812 936 Eusebio
833 875 992 952 episeopo:
1013 885 1043 933 ut
1064 887 1142 953 pater
1158 876 1283 932 adultum
1307 875 1395 932 filium
1411 878 1512 932 omitum

243 964 276 1020 ml
292 965 491 1020 matrimonium
507 980 607 1037 eogere
623 980 676 1020 non
693 966 788 1037 possit,
805 965 892 1036 possit
908 961 992 1018 fitium
1009 962 1129 1019 nondum
1145 961 1279 1018 adultum.
1311 963 1398 1032 „Tua
1413 966 1512 1018 saneti·

243 1050 312 1106 ηιςιι
327 1049 416 1122 (Palea
432 1051 457 1104 in
475 1049 549 1104 Grac.
566 1066 590 1104 c.
607 1048 626 1104 2
642 1049 669 1104 G.
685 1048 763 1104 XXX!
780 1066 825 1121 qu.
844 1048 877 1110 ‘2;
900 1066 924 1104 o.
944 1049 958 1103 l
977 1047 1007 1103 X.
1025 1047 1066 1112 1v,
1080 1046 1110 1117 2)
1128 1079 1163 1088 -
1182 1049 1383 1122 apocryphum.

329 1149 358 1205 4.
382 1148 549 1208 Hormisda
568 1164 649 1225 papa
669 1147 702 1208 in
721 1147 857 1208 decretis
878 1164 903 1206 c.
918 1144 953 1206 ΒΞ
984 1150 1087 1206 Nullus
1106 1152 1202 1222 fidelis
1224 1153 1432 1223 cujuscunque
1451 1167 1511 1206 eon·

244 1238 358 1293 ditionis
373 1239 417 1304 sit,
435 1238 547 1292 occulte
562 1239 680 1307 nuptias
697 1235 807 1307 sociat,
830 1237 882 1292 sed
895 1237 1089 1292 bencdictione
1111 1242 1237 1307 accepta
1259 1255 1277 1290 a
1300 1238 1453 1291 sacerdote
1464 1253 1512 1306 pu·

245 1322 318 1377 btiee
332 1322 421 1377 itabat
436 1324 464 1376 in
481 1322 601 1377 Domina
617 1319 725 1393 (Bacch.
741 1319 814 1376 (laer.
831 1319 864 1375 {X
879 1337 902 1376 c.
918 1321 945 1383 3,
972 1320 1017 1375 lvo
1033 1320 1105 1376 decr.
1122 1336 1149 1393 p.
1163 1319 1219 1374 Vlll
1235 1337 1259 1376 c.
1278 1319 1349 1382 141.
1376 1319 1510 1376 Ponnorm.

246 1405 263 1461 Ι.
275 1404 307 1460 vt
324 1422 346 1461 c.
364 1405 392 1467 5,
410 1405 527 1461 Gratiam.
546 1423 569 1461 e.
583 1404 601 1459 2
617 1405 645 1460 G.
662 1404 730 1460 XXX
746 1423 792 1479 qu.
809 1405 839 1476 5)
858 1437 893 1446 -
911 1406 1104 1479 apocryphum.

331 1506 359 1562 5.
383 1503 551 1564 Hormisdu
565 1520 647 1581 papa
661 1503 694 1565 in
709 1503 843 1565 decretis
858 1521 883 1564 c.
898 1505 950 1565 10:
974 1507 1079 1564 Nullus
1089 1508 1248 1580 presbyter
1261 1511 1292 1562 in
1309 1510 1435 1563 eeclesia
1451 1524 1509 1562 eau-

246 1601 364 1649 seernta
380 1594 460 1647 atiud
474 1595 569 1648 attare
585 1597 689 1666 eriam,
718 1597 775 1649 nisi
788 1594 864 1666 qnod
883 1594 919 1649 ab
941 1597 1076 1665 episeopo
1096 1595 1155 1647 toci
1174 1594 1391 1663 sanctificatum
1412 1599 1453 1647 est
1473 1595 1509 1647 ret

244 1681 427 1749 permissum,
455 1685 485 1732 ut
500 1681 536 1733 sit
550 1679 685 1734 diseretio
708 1682 784 1734 inter
804 1694 924 1752 sacrum
943 1685 970 1733 et
990 1696 1045 1734 non
1067 1694 1201 1740 sacrum·
1232 1693 1288 1733 nec
1309 1678 1510 1734 dedicationem

244 1765 349 1835 finoni,
372 1766 428 1817 nisi
441 1765 486 1817 sit.
517 1763 599 1831 Quod
612 1766 638 1818 si
648 1764 768 1836 feeerit,
797 1766 822 1819 si
842 1766 968 1839 clericum
983 1770 1040 1823 cst,
1056 1764 1247 1835 demadem&
1276 1766 1304 1818 si
1325 1779 1393 1819 oero
1413 1766 1509 1821 laicus,

246 1848 508 1903 artatliematizetur
523 1846 630 1918 (Burch.
641 1847 713 1903 decr.
727 1848 786 1904 l.lll
802 1866 825 1903 c.
836 1849 883 1911 17,
907 1847 952 1903 lvo
968 1847 1041 1904 decr.
1054 1865 1080 1921 p.
1090 1846 1123 1902 ΙΙΙ
1138 1865 1162 1902 c.
1172 1847 1221 1908 20,
1237 1846 1332 1920 Polyc.
1350 1847 1369 1903 l.
1381 1847 1423 1910 lv,
1440 1856 1458 1902 t.
1467 1846 1511 1906 31,

247 1930 363 1987 Gratiam.
381 1949 404 1987 e.
423 1931 462 1987 ‘25
478 1932 507 1986 [t.
525 1931 534 1986 Ι
551 1932 583 1987 de
599 1931 734 2004 consecr.)
753 1963 789 1973 -
806 1940 848 1988 cst
864 1932 1051 2005 capitularium
1066 1948 1124 2006 reg.
1143 1930 1237 1988 Franc.
1254 1932 1273 1986 l.
1292 1931 1325 1987 vl
1341 1950 1365 1988 c.
1384 1931 1454 1991 202.

332 2033 360 2089 6.
389 2030 436 2090 Ex
456 2030 598 2092 doctrina
612 2030 797 2093 Hormisdou
816 2047 916 2109 papae
938 2049 964 2091 c.
980 2031 1013 2091 4:
1041 2035 1073 2091 Si
1091 2038 1156 2107 quie
1176 2036 1309 2106 baptizat
1331 2042 1383 2090 aut
1405 2035 1515 2107 aliquod

245 2119 369 2175 dim'num
393 2119 521 2190 officium
542 2125 709 2176 exercuerit
731 2136 788 2191 per
808 2123 996 2176 temeritatem
1025 2137 1082 2176 non
1104 2121 1271 2187 ordinatus,
1301 2122 1463 2192 abjiciatur
1481 2119 1513 2173 m

247 2203 383 2258 Ecclesia
410 2209 437 2259 et
463 2222 608 2277 reicitquum
633 2207 782 2262 ordinetur
802 2203 909 2275 (Bmeh.
933 2204 1051 2260 docr.1V
1066 2202 1154 2274 coi),
1170 2234 1206 2244 -
1225 2206 1417 2278 apocryphum
1438 2204 1514 2276 (coni.

246 2286 377 2343 Remulus
394 2288 529 2345 Gratiani
543 2306 647 2347 corion.
661 2294 776 2364 aenum.
792 2289 834 2346 cd.
850 2289 872 2346 ΙΙ
891 2307 918 2364 p.
935 2289 957 2345 fl
978 2297 998 2345 t.
1018 2290 1032 2344 1
1055 2304 1118 2363 pag.
1137 2288 1198 2346 384
1215 2288 1281 2362 sq.).
