3204 5506
369 404 538 462 arrsronr
561 395 601 453 26
624 387 685 475 (nx
707 404 801 455 amr.
825 393 1026 479 osannam.)
1265 396 1325 462 421

112 560 229 646 utquoa
249 560 281 624 et
303 559 488 644 expulsione
510 560 748 646 catholicorum,
772 583 852 647 quae
874 563 1054 646 agebantur
1075 564 1109 629 in
1133 589 1228 632 causa
1242 568 1327 654 fidei,
1341 594 1365 630 a.
1377 582 1434 632 495.

92 670 147 728 {ror
167 664 324 749 ignorasse
351 662 556 728 menifestum
584 664 642 748 sit,
672 666 705 728 et
733 665 996 731 communicando
1023 667 1192 733 haereticis
1220 671 1328 735 subro-

104 765 159 851 getis
176 765 259 831 tacto
285 764 346 830 tali
375 766 583 831 consensisse.
628 764 702 831 Non
724 766 854 831 dubium
876 771 925 831 est
947 769 1044 833 etiam
1066 773 1217 836 externae
1245 794 1328 838 com-

100 867 224 934 nmionis
246 867 387 952 effectos,
410 870 506 954 atque
527 868 597 932 ideo
613 891 684 934 cum
705 871 750 934 eis
766 857 835 954 jam
857 892 918 934 nec
938 871 1079 955 potuisse
1101 894 1161 938 nec
1183 875 1328 940 debuisse

96 969 363 1056 sedisapostolicae
391 971 472 1037 scita
499 972 642 1036 tractari.
687 971 771 1037 Ecce
798 976 1001 1058 agnoverunt
1021 974 1057 1039 in
1079 996 1187 1040 eorum
1208 978 1327 1061 profes-

93 1072 156 1139 e‘one
184 1072 241 1159 qui
271 1073 529 1139 constantissime
561 1074 788 1159 perdurarunt,
829 1074 904 1158 quid
940 1074 1014 1140 fidei
1053 1079 1327 1165 communionique

92 1175 238 1243 etlolicae
261 1175 460 1241 deberetur·

147 1277 230 1344 Ecce
246 1282 457 1365 agnoverunt,
475 1280 738 1364 quemadmodum
756 1302 776 1343 a
792 1279 911 1344 talibus
933 1280 1119 1367 recedendo,
1143 1283 1240 1350 immo
1255 1286 1327 1349 tali·

92 1379 130 1447 hr
155 1381 319 1448 contraria
344 1381 504 1446 moliendo
542 1405 561 1446 a
595 1382 657 1446 fide
691 1386 724 1447 et
759 1384 980 1448 communione
1008 1383 1166 1451 catholica
1191 1386 1328 1453 deviarit

92 1482 207 1569 lecim,
232 1505 331 1569 seque
352 1484 473 1568 pariter
501 1504 573 1548 cum
600 1484 710 1549 eodem
738 1485 836 1549 errori
859 1485 1068 1552 subdiderint.
1113 1487 1197 1553 Ecce
1228 1512 1327 1576 agno-

92 1582 184 1672 ene,
207 1608 307 1672 quam
326 1587 422 1672 justis
444 1608 481 1651 ex
506 1587 609 1651 causis
630 1609 689 1672 pro
710 1587 772 1652 fide
795 1590 827 1651 et
851 1588 1071 1653 communione
1094 1590 1252 1657 catholica
1280 1597 1327 1657 at

144 1689 332 1775 apostolica,
357 1690 407 1754 curi
429 1692 462 1753 et
483 1689 531 1754 illi
554 1689 664 1775 quiin
687 1711 724 1755 ea
739 1691 948 1775 perstiterant
971 1693 1202 1778 congruebant,
1226 1698 1259 1758 et
1279 1695 1326 1760 illi

92 1706 358 1880 &perstantibus
379 1791 564 1875 obviabant,
594 1792 635 1856 ab
658 1792 768 1856 eadem
791 1792 988 1857 docebantur
1009 1794 1118 1878 alieni,
1147 1796 1230 1860 sedis
1252 1819 1326 1882 epo-

92 1892 190 1962 btcae
212 1893 407 1960 auctoritate
434 1895 477 1958 sit
504 1898 643 1959 remotus
665 1895 814 1976 Aeacius,
843 1895 972 1980 ejusque
999 1891 1122 1980 pariter
1148 1899 1327 1984 quicunque

92 1998 230 2084 ‚suplices
259 1997 466 2080 exstiterunt3
499 1999 594 2082 atque
627 1998 668 2061 ab
699 1997 756 2061 illa
783 1997 897 2062 merito
926 1997 1146 2063 communione
1178 2022 1249 2065 cum
1275 2001 1326 2066 his

92 2092 223 2185 heus,
248 2122 269 2164 a
291 2122 356 2185 qua
377 2100 495 2184 seipse
516 2099 655 2184 primum
678 2121 749 2165 cum
771 2100 837 2164 suis
858 2100 1057 2165 consortibus
1079 2123 1098 2165 e
1118 2102 1324 2186 pontificibus

92 2200 224 2269 molinis
247 2202 460 2287 discrepando
490 2203 694 2287 cognoscitur
715 2224 890 2288 separasse,
909 2203 1043 2288 jureque
1061 2205 1256 2269 sententiam
1271 2205 1324 2270 ille

92 2298 276 2371 &emtionis
305 2304 441 2389 excepit,
472 2306 586 2370 ceteris
615 2306 813 2370 consortibus
841 2306 1124 2391 promulgandam,
1157 2308 1211 2392 qui
1239 2309 1325 2373 solus

92 2409 288 2493 pomnibus
310 2407 376 2472 suis
399 2407 597 2473 consortibus
619 2409 654 2472 in
678 2409 931 2473 communionem
953 2430 987 2472 se
1009 2409 1158 2474 recidisse
1173 2411 1325 2495 perfidiae

92 2506 334 2597 depostolieam
361 2509 467 2574 sedem
493 2511 598 2575 missis
620 2511 736 2575 litteris
759 2514 808 2575 est
829 2511 1000 2596 professus.
1047 2509 1105 2576 Oui
1133 2511 1160 2575 si
1188 2534 1324 2578 commu-

92 2608 247 2705 taverant
271 2612 452 2679 Orientales
480 2613 636 2698 episcopi,
667 2617 839 2698 antequam
865 2612 927 2678 huc
950 2614 1093 2698 referret,
1122 2615 1194 2699 pari
1214 2616 1324 2701 utique

92 2710 133 2781 irs
149 2716 247 2782 dubio
268 2719 360 2780 reatu
381 2715 601 2800 probabantur
622 2716 758 2800 involvi,
789 2717 923 2801 jureque
945 2737 1003 2801 per
1031 2737 1102 2780 eum
1130 2719 1324 2783 sententiam

92 2810 326 2907 ,inegressionis
348 2823 566 2903 susceperunt,
589 2823 754 2904 tamquam
774 2817 854 2883 facti
871 2841 941 2884 cum
965 2818 1074 2883 eodem
1090 2821 1323 2887 communionis

92 2914 219 2999 [darnae.
266 2920 328 2997 Qui
359 2921 467 3006 utique
495 2943 561 2986 non
591 2922 712 2986 consuli
740 2925 905 3007 tamquam
937 2925 1065 2986 nostrae
1093 2923 1323 2989 communionis

92 3006 201 3111 [hines
225 3025 299 3110 jam
321 3024 489 3108 deberent,
518 3023 574 3088 sed
601 3027 778 3125 tamquam,
793 3024 828 3089 in
857 3025 1016 3089 contrario
1044 3025 1141 3109 positi
1164 3026 1323 3090 consortio

92 3118 200 3193 brus.
249 3125 284 3192 si
311 3147 386 3191 vero
415 3148 481 3191 non
504 3126 819 3191 communicaverant
840 3129 1012 3212 antequam
1034 3127 1170 3192 Aeacius
1192 3126 1255 3191 huc
1275 3149 1323 3192 re·
1349 3133 1353 3140 ’

92 3212 166 3313 het,
190 3233 224 3295 et
247 3228 536 3294 communicantem
558 3232 669 3293 notare
692 3229 878 3313 debuerant,
902 3232 934 3293 et
955 3229 1018 3314 ipsi
1039 3229 1144 3313 potius
1160 3229 1198 3294 de
1214 3230 1323 3295 eodem

92 3316 278 3416 bresone,
309 3335 403 3416 atque
429 3332 727 3416 apostolicaesedis
756 3332 866 3416 vigore
893 3332 1073 3415 perculsum
1099 3331 1213 3396 merito
1241 3354 1322 3396 com-

92 3432 202 3519 pure,
228 3456 363 3520 cumque
385 3433 459 3499 sede
474 3435 650 3519 apostolica
670 3434 833 3519 tantisque
855 3433 919 3499 illis
937 3432 1102 3500 catholicis
1117 3435 1322 3520 pontificibus

92 3537 162 3625 ‚hgin
181 3541 296 3603 tenere
320 3536 530 3602 concordiam.
565 3535 627 3602 Sed
649 3538 724 3623 quia
747 3538 787 3601 ab
802 3537 929 3602 illorum
944 3537 1095 3602 societate
1111 3538 1321 3624 desciverant,

92 3632 221 3706 lacrum
244 3638 477 3704 successoribus
500 3640 734 3705 communicare
755 3639 953 3724 delegerant,
976 3640 1046 3703 ideo
1070 3662 1141 3704 cum
1159 3640 1232 3704 sede
1249 3664 1322 3725 apo-

92 3732 170 3808 blica
190 3742 326 3807 minime
349 3743 578 3827 congruebant,
608 3743 683 3827 quia
711 3743 746 3806 in
771 3745 888 3806 sortem
915 3742 1096 3807 reciderant
1122 3743 1322 3826 praevarica-

92 3844 136 3910 ris
161 3843 293 3928 Acacii,
329 3847 361 3908 et
388 3844 474 3908 illius
502 3867 536 3908 se
568 3844 636 3909 sine
664 3844 759 3908 dubio
787 3843 997 3928 pervidebant
1024 3845 1186 3909 sententia
1215 3867 1321 3910 conse-

92 3950 191 4014 hnter
213 3946 384 4033 adstringi
414 3947 464 4012 Ob
485 3947 547 4012 hoc
563 3969 634 4012 eum
648 3946 748 4011 videri
763 3947 918 4010 nolebant
940 3968 1007 4010 esse
1029 3947 1224 4032 damnatum,
1248 3949 1322 4032 quia

92 4048 355 4139 teognoscebant
374 4049 411 4114 in
433 4049 543 4114 eadem
564 4049 838 4134 praevaricatione
861 4049 1039 4132 damnatos,
1068 4049 1103 4113 in
1131 4072 1192 4134 qua
1214 4049 1321 4114 hodie-

92 4165 119 4219 te
142 4172 279 4219 manere
305 4151 491 4236 persistunt.
537 4151 599 4218 Sed
626 4151 709 4216 sicut
730 4150 775 4234 hi,
809 4151 904 4215 simili
934 4151 1115 4216 conditione
1143 4151 1318 4234 constricti,

92 4255 246 4343 replicem
267 4276 359 4318 suum
386 4275 453 4319 non
479 4258 613 4338 possunt
631 4254 775 4338 judicare
798 4275 863 4318 non
886 4254 958 4338 jure
987 4253 1189 4335 damnatum,
1219 4274 1320 4336 neque

92 4352 212 4424 iream
235 4358 371 4441 possunt
393 4360 610 4440 competenter
633 4357 810 4439 absolvere3
833 4355 879 4419 sio
894 4354 949 4419 illo
968 4354 1221 4439 praevaricatore
1232 4354 1320 4436 juste

92 4464 217 4544 musto,
248 4457 303 4523 isti
327 4480 452 4543 quoque
473 4460 543 4542 pari
562 4460 674 4545 jacent
695 4459 900 4522 damnatione
928 4457 1100 4541 prostrati,
1130 4477 1231 4541 neque
1258 4457 1320 4520 nisi

92 4563 280 4652 timentes
308 4559 384 4624 inde
411 4564 563 4645 poterunt
589 4583 717 4646 prorsus
747 4560 882 4625 absolvi:
917 4560 991 4643 quia
1023 4559 1105 4623 sicut
1138 4580 1195 4642 per
1221 4580 1320 4622 unum

92 4666 247 4735 ffibentem
270 4683 381 4728 eorum
403 4663 545 4727 omnium
568 4665 699 4748 vulgata
720 4662 934 4748 transgressio
956 4664 1014 4745 est,
1044 4661 1098 4746 qui
1120 4661 1154 4725 in
1178 4660 1320 4725 eamdem

92 4768 202 4840 rfidiae
218 4765 408 4832 reciderant
423 4766 596 4849 actionem,
620 4766 666 4831 sic
688 4766 722 4829 in
737 4786 801 4828 uno
817 4763 998 4848 eodemque,
1023 4763 1075 4848 qui
1098 4786 1156 4849 pro
1173 4763 1320 4828 omnibus

92 4875 222 4964 ipeerat
251 4868 303 4935 vel
327 4865 498 4932 scribendo
520 4869 661 4933 omnium
683 4866 867 4953 prodiderat
889 4867 1081 4951 voluntates,
1106 4865 1319 4952 transgressio

105 4978 232 5068 punita
255 4971 462 5039 cunctorum
