3204 5506
597 121 792 170 srrsroma
817 112 867 170 17.
894 112 942 170 18.
1342 106 1404 174 277

103 238 137 268 a:
200 275 280 357 ms,
301 274 414 360 qualem
440 275 477 339 in
497 275 629 361 negotio
656 274 756 359 ipsius
784 275 949 360 religionis
978 261 1147 341 exhibuit.¹
1177 275 1286 361 Unde,
1320 278 1404 363 quod
1420 291 1455 357 (a.
1467 293 1537 358 490.)

106 431 112 437 .
196 396 237 441 uon
251 377 302 442 sine
319 376 414 442 diuini
431 377 546 463 judicii
567 380 688 443 terrore
710 377 881 444 dicendum
904 382 967 461 est,
998 379 1097 443 etiam
1118 380 1230 464 nobis,
1254 380 1281 445 si
1302 382 1409 466 requi,

76 656 79 663 Ι
119 589 125 596 “
191 579 279 646 donnus
296 581 374 648 lilius
393 586 505 648 noster
526 582 717 647 venerabilis
740 583 913 667 imperator
935 606 999 648 non
1016 584 1076 648 hoc
1098 584 1159 648 sibi
1171 584 1317 668 judicare
1331 609 1404 670 pos-

76 674 114 762 „2
189 687 218 748 set
231 684 396 768 laciendum,
420 685 504 770 quod
520 689 664 750 cerneret
678 685 876 750 sacerdotem
898 687 948 750 vel
963 686 1070 750 facere
1086 688 1136 750 vel
1152 687 1288 752 docere?
1321 686 1404 764 Qua·

85 772 88 777 .
185 789 272 872 propter
284 786 433 872 adjuncta
447 809 555 852 secum
569 811 641 852 mea
656 809 761 873 prece,
784 788 913 854 dilectio
933 792 990 853 tua
1006 810 1100 873 saepe
1116 789 1236 854 dictum
1251 791 1405 856 domnum

184 887 248 954 filim
263 892 400 955 nostrum
422 889 667 976 supplicatione,
691 913 754 975 qua
775 894 893 975 potest,
918 913 934 956 e
972 893 1185 976 lacrymarum
1205 893 1404 976 professione

80 1031 116 1089 3L
183 991 333 1077 deprecetur:
360 995 398 1058 ut
418 992 582 1078 patienter
602 992 771 1078 permittat
798 994 936 1077 abscidi,
966 996 1019 1080 qui
1041 1017 1100 1059 nos
1123 996 1333 1080 conturbant,
1363 1018 1404 1060 ne
1469 1015 1471 1018 ⁴

181 1093 423 1161 successoribus
443 1094 679 1161 haereticorum
700 1118 867 1181 reparasse
890 1097 1069 1177 videamur,
1100 1097 1182 1182 quod
1210 1098 1245 1162 in
1268 1099 1403 1163 auctori·

76 1182 105 1293 ji,
181 1195 217 1262 bu
234 1219 327 1263 eorum
355 1200 479 1264 certum
511 1201 560 1262 eet
586 1199 686 1263 fuisse
719 1198 921 1284 damnatum3
957 1201 1194 1285 priorumquel)
1223 1201 1403 1266 consimiles

76 1287 103 1381 {4
180 1298 309 1384 opprimam
331 1323 399 1365 non
420 1284 508 1365 sinat
529 1300 780 1366 ecclesiasticam
802 1292 1012 1387 dignitatem,
1041 1305 1199 1386 quatenus
1228 1303 1404 1387 apostolica

180 1422 228 1466 roos
242 1386 401 1468 dicsrrnus:¹
417 1407 459 1467 Si.
473 1424 534 1483 quo
556 1410 650 1481 ipitur
672 1410 704 1466 in
727 1408 845 1469 Christo
867 1426 945 1470 novo
967 1417 1121 1486 creatura,
1150 1416 1252 1469 vetera
1275 1389 1431 1471 transm-²
1498 1426 1503 1437 ·

76 1563 86 1577 ,.
180 1516 235 1582 rm,
255 1526 317 1570 ecce
339 1508 435 1583 sucta
455 1515 525 1570 eunt
551 1512 650 1571 omnia
673 1526 761 1571 nova.
806 1506 986 1571 Ecclesiam
1009 1507 1403 1590 Constantinopolitanam
1438 1493 1444 1517 ’
1486 1495 1491 1505 ’

76 1594 94 1672 ’.·
182 1604 239 1670 nobb
261 1609 340 1673 sicut
373 1629 499 1691 semper
533 1609 658 1673 unitam
691 1631 748 1672 sua
780 1612 853 1693 post
880 1609 984 1674 Deum
1015 1609 1203 1694 placiditate
1237 1613 1401 1697 concedat,

183 1708 284 1788 uoniam
303 1713 336 1776 et
356 1709 419 1776 hoc
439 1711 619 1794 praesentis
640 1711 806 1776 felicitatis
829 1713 897 1795 ejus
920 1713 1119 1777 incrementa
1141 1713 1338 1796 desiderant,
1371 1718 1403 1778 et

76 1880 86 1894 Ρ
184 1813 372 1896 uncqmndae
392 1813 518 1878 fructus
546 1812 747 1893 aeternitatis
770 1814 923 1897 exposcit.
980 1814 1193 1878 Dilectionem
1216 1837 1291 1880 vero
1312 1820 1402 1882 tuam

95 1972 105 1999 ·.
185 1911 313 1991 nuder
335 1936 520 1981 commoneo
543 1918 638 2000 atque
662 1918 839 1998 contestor,
868 1916 903 1980 in
930 1916 986 1980 illo
1008 1917 1109 1980 nostri
1133 1915 1307 1982 salvatoris
1330 1941 1402 1983 exa-

185 2008 238 2078 mine
252 2015 443 2083 formidando
464 2017 622 2082 rationem
644 2017 722 2081 mihi
745 2018 847 2082 modis
870 2019 1016 2083 omnibus
1039 2019 1244 2103 reddituram,
1274 2021 1402 2105 siquae

76 2103 90 2182 ”.
186 2115 401 2206 luntegritate
423 2120 535 2185 salutis
557 2120 733 2203 humanae,
763 2142 822 2204 pro
843 2120 1019 2186 orthodoxa
1048 2125 1143 2205 atque
1165 2123 1306 2207 regulari
1329 2146 1402 2190 con-

76 2206 102 2283 's'
186 2213 301 2286 tutone
325 2223 485 2307 majorum
517 2226 550 2287 et
582 2223 687 2287 veraci
722 2226 817 2306 atque
845 2223 971 2288 sincera
1000 2224 1099 2288 totius
1128 2224 1294 2289 Ecclesiae
1321 2230 1402 2310 pace

84 2308 96 2387 f
186 2323 312 2401 meranda
333 2324 496 2411 delegavi,
526 2325 609 2410 quod
635 2329 669 2389 te
690 2329 747 2390 tua
768 2328 876 2389 mente
907 2347 973 2389 uon
997 2327 1168 2411 credimus,
1198 2328 1328 2414 segnius
1351 2352 1402 2393 ex-

182 2424 288 2506 mans.

76 842 119 886 im

629 2614 812 2716 Epistola
840 2616 893 2699 18.

1413 2744 1510 2810 (arm

79 2772 92 2785 “
203 2764 320 2835 Felicis
341 2785 452 2853 papae
474 2767 519 2834 ad
541 2764 721 2834 andream
741 2770 949 2872 epicospum
971 2769 1335 2839 Thessalonicensem.
1411 2815 1515 2880 49⁶„

257 2882 395 2987 'Felix
415 2922 635 3009 Andreae)
658 2922 846 3006 episcopo
868 2923 1235 2989 Thessalonicensi.

219 3038 307 3117 Quod
327 3041 423 3126 plene
446 3013 622 3106 catholicae
645 3042 720 3107 fidei
735 3042 878 3126 cupimus
894 3043 1167 3129 redintegratione
1184 3044 1315 3129 firmari,
1340 3047 1400 3111 sol-

130 3142 332 3210 licitudinem
353 3143 535 3209 dilectionis
557 3148 641 3226 tuae,
671 3167 734 3229 qua
756 3146 797 3209 ad
819 3144 902 3208 sedis
925 3145 1011 3208 beati
1033 3145 1122 3209 Petri
1145 3148 1400 3212 communionem

126 3246 243 3311 venire
263 3245 432 3329 desideras,
455 3247 595 3311 libenter
616 3247 854 3330 amplectimur3
884 3247 938 3311 sed
961 3270 1031 3311 eam
1053 3248 1222 3331 vellemne,
1247 3250 1330 3314 sieut
1351 3273 1400 3314 or-

123 3348 289 3415 thodoxae
310 3348 454 3413 veritatis
477 3349 604 3414 cautela
625 3348 786 3433 deposcit,
810 3371 848 3412 ex
871 3349 957 3413 omni
979 3349 1050 3413 fieri
1071 3354 1163 3434 parte
1186 3356 1397 3418 constantem.

191 3590 217 3656 ⁸)
236 3584 290 3641 Hie
305 3604 399 3643 rursus
417 3585 533 3658 exponit
549 3586 639 3654 Felix,
658 3605 714 3657 qua
730 3588 824 3642 mente
841 3586 871 3641 in
888 3587 1027 3642 sententia
1044 3587 1175 3644 adversus
1192 3590 1324 3645 Acacium
1341 3591 1400 3647 lata

118 3691 188 3731 eum
208 3676 379 3728 mathematis
396 3678 501 3728 uinculis
519 3693 643 3743 nunqrmm
661 3679 801 3727 cauendum
821 3672 929 3727 dixerit.

190 3762 214 3827 ⁷)
234 3757 354 3814 Nomine
374 3764 492 3828 priorum
509 3757 585 3812 Felix
602 3750 757 3828 Eutycher'n
777 3764 805 3812 et
822 3757 986 3812 Dioscorum
1004 3758 1148 3828 intelligit,
1173 3778 1290 3828 quorum
1307 3768 1399 3816 similes

118 3842 496 3913 emmeramensem,
515 3843 632 3897 Aeacius
645 3844 674 3898 et
686 3842 785 3909 ceteri,
805 3842 852 3910 qui
870 3860 965 3897 corum
983 3843 1108 3912 vestigiis
1125 3843 1316 3899 inhaerebant.
1345 3846 1398 3900 Ro·

118 3935 171 4001 gat
189 3928 295 4000 igitur,
316 3946 351 3984 ne
374 3928 450 3983 sinat
471 3928 552 3983 Zeno·
563 3927 777 3983 ecclesiasticam
801 3927 968 3997 dignitatem
986 3929 1022 3983 ab
1040 3929 1073 3982 iis
1092 3926 1225 3999 opprimi,
1248 3928 1296 3999 qui
1313 3929 1397 3999 Euty-

117 4016 215 4072 chetis
233 4016 264 4069 et
280 4013 409 4069 Diosoori
425 4013 492 4068 sunt
509 4012 621 4068 similes.

190 4104 214 4170 ¹)
231 4098 322 4169 Hujus
340 4098 467 4171 episcopi
483 4099 558 4154 artes
576 4099 605 4153 et
622 4098 701 4154 dolos
717 4115 769 4154 nec
785 4116 842 4154 non
859 4099 887 4153 in
906 4099 1054 4154 schismate
1071 4097 1255 4168 pertinaciam
1272 4098 1397 4155 Gelasius

116 4187 205 4261 epist
227 4190 260 4240 18
277 4203 303 4240 n.
321 4191 338 4240 4
355 4185 448 4240 notat.
542 4245 544 4250 .
