3204 5506
663 348 689 394 S.
707 345 847 393 amman
869 342 982 390 PAPAE

701 514 908 599 Tractatus
933 513 961 596 Ι.

572 671 628 735 (Er
649 671 716 725 cod.
735 667 940 724 I'alllcollano
957 666 1086 733 XVIII.)

284 814 309 874 l.
348 810 386 874 111
411 832 505 873 causa
528 808 601 872 fidei
624 806 836 887 Christianae,
865 805 915 868 cui
938 802 978 868 ab
1001 803 1130 868 exordio
1152 805 1201 868 sui
1223 824 1382 888 nunquam
1396 796 1436 861 dr
1517 796 1527 887 ὀ

196 915 294 981 luisse
317 912 493 997 probantur
515 911 647 993 inimici,
676 911 787 973 nostro
815 907 942 991 quidem
965 905 1091 970 saeculo
1113 906 1169 971 sed
1190 904 1361 971 intervallo
1379 910 1437 969 tear

196 1038 308 1101 porum
331 1013 498 1078 Nestorius
520 1016 553 1076 et
575 1009 737 1095 Errtpches
765 1031 935 1098 1111111111
962 1007 1112 1093 dogmata
1141 1030 1217 1072 suae
1245 1005 1442 1093 perversitatis

197 1118 252 1183 sed
274 1117 406 1180 nomina
427 1114 645 1199 prodiderunt.
684 1112 768 1176 Nam
791 1110 958 1175 Nestorius
980 1114 1054 1194 post
1076 1114 1205 1175 centum
1229 1110 1451 1196 quinquaginta

198 1223 231 1285 et
252 1222 323 1283 ocio
345 1217 412 1282 fere
435 1238 535 1281 aranos
558 1215 689 1280 l'lrotini
713 1219 745 1278 et
767 1213 857 1279 Pauli
882 1212 1082 1277 Samosateni
1104 1216 1234 1277 secutus
1250 1234 1393 1277 errorem
1406 1216 1456 1276 cic.

199 1329 239 1402 (ni
256 1331 283 1385 iu
299 1329 424 1403 longiore
440 1326 602 1401 exemplam).

283 1424 313 1488 2.
344 1423 447 1498 Quum
463 1444 539 1506 ergo
555 1420 734 1505 Eutychem
750 1420 845 1484 istum
865 1423 925 1482 ete.
951 1421 995 1503 [ul
1009 1427 1036 1481 in
1051 1426 1127 1500 long.
1144 1426 1295 1501 erernplari
1311 1443 1403 1501 usque
1425 1422 1468 1504 ad]

201 1528 345 1592 lienatus
367 1526 401 1589 in
425 1525 537 1589 Abedo
559 1523 664 1588 insula
686 1525 788 1586 morte
811 1523 1004 1606 praeventus
1026 1523 1085 1584 est.
1116 1520 1155 1585 ln
1177 1521 1240 1585 hoc
1264 1521 1381 1607 itaque
1404 1544 1474 1587 con-

200 1633 297 1695 ventu
321 1628 505 1712 repudiatae
533 1630 610 1690 sunt
631 1624 783 1709 epistolae
805 1622 936 1706 Leonis,
969 1643 1050 1707 quae
1083 1622 1214 1710 fuerant
1246 1623 1289 1688 ad
1319 1626 1478 1709 synodum

200 1731 346 1796 llaviani
375 1730 514 1814 episcopi
544 1729 698 1809 directae,
734 1731 766 1790 et
798 1723 928 1809 penitus
956 1746 1021 1788 non
1048 1725 1286 1809 permittuntur
1316 1726 1482 1791 recenseri

200 1836 270 1898 tota
292 1832 353 1914 die,
377 1830 540 1916 nihilquae
563 1829 647 1893 aliud
671 1829 733 1893 nisi
753 1829 908 1914 quaedam
923 1825 1065 1891 Nestorii
1080 1825 1237 1910 damnati,
1261 1828 1298 1892 id
1324 1832 1379 1894 est
1400 1829 1483 1915 prio

202 1936 245 2001 ris
268 1934 450 2019 Ephesinae
473 1933 584 2017 spiculi
608 1935 710 2017 gesta,
735 1930 931 2016 releguntur.
968 1928 1068 1995 Simul
1091 1928 1188 1993 etiam
1203 1929 1345 1996 relectis
1362 1931 1487 1997 chartis

202 2037 372 2104 discutitur
390 2035 548 2119 judiciuin
570 2035 609 2098 dc
631 2033 777 2119 Eutyche
799 2036 930 2097 sauctae
956 2030 1126 2096 memoriae
1147 2030 1316 2097 Flaviani.
1355 2032 1485 2099 Interea

202 2163 299 2226 quum
327 2138 483 2222 Eutychis
512 2136 710 2221 blasphemia
737 2136 913 2221 legeretur,
949 2134 1161 2199 acclamatum
1187 2138 1256 2219 est,
1295 2135 1391 2202 hanc
1421 2158 1487 2202 csse

203 2265 310 2307 verani
345 2241 455 2321 ficiem,
489 2240 573 2303 hanc
606 2238 824 2303 orthodoxam.
864 2237 1171 2335 ‘Contradicentibus
1204 2238 1327 2323 itaque
1357 2238 1485 2305 vicariis

204 2343 357 2410 Romanis
380 2345 510 2407 sanctus
534 2340 705 2405 Flavianus
728 2340 876 2424 dejicitur
898 2343 931 2404 et
951 2339 1104 2424 recipitur
1127 2338 1313 2424 Eutyches.
1344 2340 1486 2407 Damna

204 2434 257 2512 tui
285 2445 381 2511 etiarn
410 2444 566 2509 Eusebius
595 2442 776 2527 episcopua,
812 2445 977 2507 accusator
1010 2441 1151 2526 ejusdem
1183 2442 1401 2528 presbyteri,
1438 2443 1489 2531 qui

205 2550 280 2616 dum
302 2551 386 2613 esset
407 2547 519 2626 laicus,
543 2547 650 2610 fuerat
672 2549 838 2610 aecusator
860 2544 1011 2609 Nestorii.
1056 2544 1217 2628 Dejieitur
1239 2544 1402 2612 Domnus
1426 2548 1489 2613 An·

205 2651 382 2732 tiochenus,
411 2652 542 2713 sanctae
564 2649 735 2713 memoriae
757 2648 939 2733 praedictus
967 2645 1139 2711 Flavianus
1166 2646 1333 2733 dirigitur
1362 2651 1402 2715 in
1430 2648 1491 2715 exi·

205 2754 294 2836 lium,
319 2752 372 2815 ubi
396 2755 427 2815 et
449 2755 592 2815 mortuus
616 2755 672 2815 est.

290 2856 320 2920 3.
366 2854 492 2918 Mortuo
520 2854 628 2939 itaque
653 2853 830 2917 Theodosio
858 2854 1048 2938 imperatore
1078 2851 1267 2917 Marcianus
1298 2856 1417 2922 faetus
1445 2862 1491 2921 est

206 2959 366 3044 princeps²
389 2956 508 3020 laesam
530 2956 623 3020 fidem
647 2957 789 3041 graviter
811 2958 928 3021 ferens
959 2955 1057 3039 Cujus
1073 2954 1226 3041 religiosa
1238 2956 1401 3040 Jussione
1418 2980 1490 3025 con·

207 3061 341 3126 veniunt-
364 3057 442 3122 Nice
466 3059 600 3143 amplius
623 3059 791 3145 quingenti
815 3058 955 3143 episcopi
977 3059 1076 3123 totius
1098 3057 1244 3122 Orientis
1271 3066 1309 3125 et
1333 3059 1489 3148 Aegypti.

207 3164 309 3239 Quam
337 3163 492 3246 synodum
522 3167 634 3246 postea
655 3161 824 3225 transtulit
846 3158 1047 3225 Calchedona
1075 3163 1208 3244 propter
1230 3161 1355 3246 palatii
1380 3162 1490 3229 111111·

208 3269 316 3330 tatem.
363 3264 515 3328 Interfuit
544 3264 640 3327 etiam
669 3264 737 3348 ipse
759 3264 933 3346 imperator
955 3262 1141 3345 conventui,
1171 3261 1335 3330 interfuit
1358 3268 1491 3330 senatus

209 3372 242 3432 et
263 3388 372 3430 omnes
392 3365 516 3451 judices
546 3369 578 3428 et
606 3364 728 3429 aulicae
757 3368 942 3448 potestates.
989 3364 1146 3429 Eusebius
1167 3363 1224 3429 ille
1254 3369 1339 3431 ante
1370 3388 1490 3432 annum

209 3470 248 3533 de
271 3469 365 3533 exilio
387 3468 516 3553 fugiens
539 3467 673 3531 llomanr
696 3470 843 3531 venerat:
868 3467 963 3531 1111111
986 3467 1060 3531 huic
1083 3465 1204 3550 synodo
1227 3466 1399 3534 interesse
1421 3490 1491 3557 pro·

209 3570 344 3656 peravit.
369 3570 510 3635 Accusat
531 3569 599 3653 ipse
614 3568 803 3633 Dioscorunr
826 3573 858 3632 et
881 3569 959 3633 alios
976 3569 1224 3633 Alexandrinos.
1257 3568 1349 3646 Quid
1366 3568 1491 3636 multe?

181 3722 186 3729 .
210 3673 392 3737 Damnatur
415 3677 475 3736 etc.
501 3674 543 3757 [a.
567 3681 583 3734 i.
607 3681 623 3733 l.
649 3674 700 3755 c.].

294 3767 324 3839 4.
371 3774 506 3850 Quidam
535 3773 720 3838 Timotheus
749 3774 915 3858 presbpter
949 3778 982 3838 et
1007 3773 1122 3839 Petrus
1149 3774 1311 3839 diaconus
1343 3775 1490 3842 Dioscuri

211 3876 661 3942 sectatoresseahecclesia
685 3875 1126 3960 ό111111111111111111111111.
1170 3873 1261 3951 Quos
1289 3899 1396 3962 quum
1418 3877 1491 3944 Pro

212 3980 310 4044 terius
333 3980 500 4064 episcopus
529 3979 568 4043 ad
596 3978 775 4043 ministeria
806 4001 862 4043 sua
891 4001 1039 4043 revocare
1067 4000 1132 4043 non
1160 3982 1284 4061 posset,
1315 3984 1492 4066 utrumque

212 4081 388 4145 danmavit.
426 4081 552 4145 Mortuo
575 4081 675 4166 igitur
697 4081 843 4166 principe
866 4081 1031 4145 Marciano
1054 4079 1194 4145 collectis
1216 4081 1329 4146 turbis
1353 4082 1494 4149 haereti·

214 4206 321 4247 corum
350 4182 536 4247 Timotheus
565 4187 597 4246 et
618 4182 732 4247 Petrus
760 4185 894 4248 veniunt
924 4182 1161 4265 Alexandriam,
1190 4184 1223 4246 et
1252 4184 1434 4251 ordinat-ur
1454 4184 1495 4250 ab

212 4285 383 4350 haereticis
412 4285 596 4349 Timotheus
624 4286 801 4370 episcopus.
848 4286 1031 4370 Occupatur
1064 4284 1214 4367 ecelesia,
1251 4285 1295 4350 ad
1330 4309 1436 4372 quam
1461 4308 1496 4353 sc

213 4391 344 4452 sanctae
367 4388 536 4452 memoriae
560 4386 722 4452 Proterius
745 4389 893 4453 demere
916 4389 1105 4454 contulerat.
1129 4386 1180 4451 lbi
1202 4388 1268 4452 etc.
1295 4389 1342 4474 [1.
1368 4398 1388 4455 i.
1406 4390 1494 4475 Ι.1.].

164 4477 172 4489 ’
297 4492 328 4555 5.
353 4490 416 4553 lico
439 4490 546 4574 itaque
569 4490 667 4553 sumit
689 4491 868 4574 imperium,
893 4492 931 4555 ad
955 4514 1048 4575 quem
1069 4489 1154 4555 tanti
1175 4488 1342 4557 facinoris
1360 4490 1496 4559 catholi-

216 4614 322 4657 corum
346 4591 473 4676 querela
496 4593 653 4676 pervenit.
699 4592 861 4658 Haeretici
885 4598 992 4658 autern
1015 4591 1239 4677 supplicarunt
1263 4596 1435 4677 petentes,
1461 4600 1497 4659 nt

216 4694 485 4759 Calchedonensis
518 4696 657 4777 sprrodus
689 4695 884 4777 aboleretur3
924 4695 1073 4759 catholici
1106 4720 1122 4757 e
1156 4698 1275 4759 contra
1309 4697 1495 4763 »indictam

216 4796 297 4860 lanii
326 4795 453 4859 sceleris
482 4797 684 4879 enpclclunrt.
731 4797 943 4862 (lonsidcrans
972 4798 1079 4882 itaque
1100 4797 1280 4881 imperator
1302 4802 1371 4863 etc.
1407 4800 1451 4885 [1.
1478 4806 1496 4861 t

214 4905 232 4959 Ι.
251 4898 303 4980 1.].
338 4897 457 4981 111111ξί1
481 4898 577 4961 etiarn
601 4899 771 4964 :trratolius
794 4901 961 4984 episcopus
977 4898 1369 4983 constantinopolitanus
1384 4902 1496 4967 Ascle
