3204 5506
588 395 759 445 nerssoaa
783 383 855 440 150.
1202 341 1208 354 ⁸
1292 367 1355 432 989

88 557 332 641 permittantur:
361 557 519 636 quatenus
543 555 688 614 sacratae
711 549 779 611 Deo
800 548 942 630 virgines
965 543 1005 606 ab
1027 543 1113 606 omni
1137 538 1356 623 inquietudine

86 660 136 722 vel
169 658 315 721 molestia
349 656 528 735 absolutae,
563 652 776 735 omnipotenti
805 651 872 713 heo
901 647 1007 711 liberis
1039 644 1201 708 mentibus
1230 641 1357 703 valeant

81 762 208 843 jugiter
229 757 390 822 famulari.

172 864 202 925 2.
240 860 349 944 Digna
376 857 577 941 providentia
605 854 856 918 sacerdotalibus
885 851 1057 931 institutis,
1095 850 1134 912 ad
1166 844 1354 932 pudicitiam

87 962 324 1026 decantandam
339 961 407 1024 Deo
430 958 524 1023 corda
548 978 772 1041 compungere,
797 960 829 1018 et
851 976 941 1018 sacro
965 953 1063 1016 cultui
1087 951 1125 1014 dc
1141 949 1205 1013 illis
1227 945 1354 1010 semiui-

87 1067 145 1129 bus
168 1065 311 1149 mysticis
334 1064 474 1126 fructum
498 1060 699 1144 virginitatis¹
716 1059 838 1121 offerre.
883 1055 954 1119 Hoc
977 1078 1045 1119 esse
1067 1074 1224 1118 summum
1246 1053 1354 1112 votum

86 1190 179 1230 snum
200 1168 235 1231 in
258 1166 321 1229 illis
344 1163 558 1227 voluminibus
581 1162 679 1225 sacris
702 1158 876 1224 declaravit
897 1158 1057 1242 apostolus
1074 1156 1199 1218 dicens:
1223 1146 1454 1268 Despuit-3531

85 1275 154 1332 saut
175 1291 226 1334 vos
248 1275 302 1332 uui
322 1273 387 1330 viro
410 1272 554 1343 virptnem
576 1274 691 1328 costam
714 1268 856 1326 exhibere
879 1267 1005 1325 Cltristo.
1043 1259 1253 1334 Quamobrem
1275 1259 1354 1342 peti·
1406 1257 1412 1276 '
1436 1260 1443 1270 ’

85 1370 229 1433 tionibus
251 1368 465 1431 fraternitatis
494 1370 568 1429 tuae
597 1368 791 1446 annuentes,
827 1363 1002 1446 apostolica
1029 1362 1219 1425 auctoritate
1249 1361 1354 1425 firma-

87 1493 157 1533 mus
182 1477 277 1554 atque
300 1469 515 1549 decernimus,
540 1471 575 1530 ut
598 1467 703 1529 nullus
726 1468 962 1548 cpiscoporum,
992 1486 1208 1527 successorum
1230 1485 1354 1546 quoque

87 1577 229 1654 tuorum,
253 1573 287 1635 in
311 1571 473 1635 antedicto
490 1568 683 1632 monasterio
699 1567 814 1631 audeat
829 1567 889 1630 sibi
905 1569 1096 1649 potestatem
1112 1565 1251 1650 aliquam
1266 1566 1353 1648 [ieni-

85 1677 138 1736 tus
160 1674 339 1754 vindicare,
372 1673 435 1735 nisi
456 1675 584 1734 tantum
606 1691 663 1752 pro
686 1668 745 1733 ltei
769 1670 887 1732 intuitu
915 1668 1106 1752 pastoralem
1118 1670 1140 1750 ¹)
1168 1667 1353 1731 sollicitudi-

85 1798 161 1838 nem
183 1797 314 1859 gerens,
338 1774 494 1837 familiam
518 1771 636 1837 Christi
658 1771 788 1834 Domini
810 1771 927 1834 ibidem
953 1772 1091 1853 positam
1115 1773 1264 1853 congmis
1287 1770 1353 1854 qui·

86 1877 208 1960 busque
231 1876 443 1960 temporibus,
475 1876 569 1958 juxta
597 1873 679 1957 quod
707 1874 874 1954 coudecet,
909 1874 1033 1936 sincero
1061 1873 1166 1935 animo
1195 1894 1265 1935 cum
1288 1874 1353 1936 suis

87 1977 211 2041 clericis
234 1977 361 2045 studeat
384 1977 523 2040 visitare.
569 1976 651 2038 Tum
673 1976 809 2059 denique
832 1997 966 2059 acquum
990 1979 1053 2056 est,
1088 1978 1123 2036 ut
1145 1974 1239 2057 parili
1262 1975 1352 2037 devo-

10 2068 18 2075 *
86 2081 175 2143 tionc
198 2085 329 2164 uterquc
352 2101 443 2141 serus
467 2079 543 2141 locis
565 2078 626 2141 sibi
650 2077 799 2160 congruis
820 2077 1014 2160 consistens,
1039 2076 1099 2140 llci
1122 2076 1257 2157 gloriam
1280 2099 1352 2139 con-

87 2183 184 2262 cinat,
215 2182 297 2263 sicut
319 2180 427 2244 stabili
450 2184 545 2262 atquc
568 2179 754 2262 plenissima
774 2178 836 2241 lide
859 2183 991 2263 uterque
1014 2202 1102 2263 spem
1125 2178 1352 2260 ralernptiouis

86 2286 262 2366 exspectat.

171 2386 199 2449 3.
244 2384 333 2458 Quod
356 2387 463 2447 autem
484 2383 701 2446 venditionem
724 2385 775 2466 al)
804 2383 973 2447 dilectione
1002 2387 1058 2447 tua
1086 2384 1352 2467 donationemque

86 2488 120 2548 iu
144 2486 337 2549 monasterio
360 2485 541 2548 carumdem
564 2485 739 2567 puellarum
756 2484 816 2548 Dei
839 2486 1054 2548 antefactum
1078 2489 1188 2548 nostra
1211 2487 1352 2568 postulas

87 2587 278 2651 auctoritate
301 2587 457 2668 roborari,
483 2608 631 2669 sperans,
661 2590 697 2649 nt
720 2586 1005 2650 ecclesiasticorum
1035 2587 1186 2650 alienatio
1210 2589 1352 2670 praedic,-

87 2711 156 2752 rum
186 2711 250 2751 non
278 2691 500 2770 praesumatur
534 2688 567 2752 iu
598 2691 775 2771 posterum,
810 2689 928 2752 nostris
962 2690 1133 2753 interdicta
1166 2686 1301 2754 decretis
1310 2692 1351 2773 ⁰l²

86 2790 257 2873 probamus
280 2790 476 2873 propositum
497 2793 604 2873 tuum,
637 2793 669 2852 ct
691 2789 881 2853 desiderium
908 2791 942 2853 in
970 2794 1096 2855 tantum
1124 2792 1262 2854 fatemur
1284 2813 1351 2854 csse

87 2891 261 2973 laudabile,
296 2894 333 2954 ut
354 2891 549 2975 gaudeamus
572 2892 660 2955 vobis
683 2913 806 2975 quoquc
834 2892 943 2955 eadem
966 2915 1030 2955 non
1052 2893 1157 2955 licere.
1203 2892 1263 2956 seu
1287 2916 1352 2956 uon

85 2994 229 3076 oportuit
255 2993 405 3075 distrahi,
440 2992 523 3076 quod
554 2993 706 3055 ecclesiae
734 2994 899 3056 servituris
927 2994 964 3056 de
992 2992 1142 3055 ecelesiae
1171 2994 1352 3056 substantia

87 3095 169 3157 ratio
191 3094 346 3157 suadebat
367 3116 496 3177 prorsus
520 3094 680 3177 emptione
697 3095 836 3157 concedi.
868 3093 949 3156 Boni
972 3094 1076 3176 operis
1098 3094 1237 3159 fructum
1261 3095 1352 3159 dccet

86 3218 155 3259 csse
178 3196 365 3279 gratuitum.
411 3196 636 3279 Exspectanda
664 3200 713 3259 cst
741 3196 818 3258 recti
846 3195 942 3258 studii
975 3218 1095 3258 merces
1123 3198 1228 3279 potius
1256 3211 1366 3280 qumu·

84 3298 240 3382 petenda,
264 3321 305 3361 ne
328 3320 383 3380 per
406 3298 577 3361 utilitatem
600 3297 793 3361 venditionis
815 3296 1022 3360 imminuatur
1044 3298 1257 3361 remuneratio
1273 3301 1350 3384 cari-

85 3401 174 3463 tatis.
220 3400 451 3463 Conlirmamus
473 3402 581 3463 tamen
605 3400 689 3463 eirca
711 3399 939 3461 monasterium
963 3400 1121 3482 virginum
1150 3399 1278 3462 arabis
1302 3399 1349 3461 vel

154 3589 173 3652 ⁴)
192 3585 244 3638 Hic
262 3584 484 3653 intelligendum,
507 3587 582 3652 quod
600 3584 743 3639 Caesarius
761 3585 789 3638 in
808 3587 974 3639 testamento
992 3602 1041 3639 suo
1059 3585 1208 3654 praecipit,
1232 3590 1262 3638 ut
1281 3585 1350 3638 scili-

85 3672 131 3723 rct
149 3670 222 3722 idem
240 3670 438 3723 nronusterium
456 3674 499 3722 suh
517 3681 644 3737 potestate
663 3676 823 3723 Arelatensis
845 3677 972 3738 pontificis
990 3677 1140 3725 canonice·
1158 3678 1199 3723 sit.
1236 3670 1276 3724 De
1295 3688 1350 3739 qua

85 3756 225 3823 potestate
244 3753 376 3808 canonica
392 3754 478 3807 fusius
496 3754 630 3807 disserere
648 3770 702 3806 non
721 3757 763 3808 est
780 3755 862 3824 hujus
879 3756 941 3809 loci.

154 3843 174 3905 ¹³)
192 3840 236 3892 lta
253 3840 401 3907 legendum
420 3839 530 3893 omnino
543 3838 664 3905 videtur,
683 3857 737 3894 non
756 3842 787 3892 ut
804 3840 937 3894 hactenus
956 3846 991 3893 rat
1002 3847 1157 3893 attractionem
1176 3853 1249 3897 taran
1281 3841 1350 3894 llinc

85 3927 114 3977 ct
132 3925 205 3977 iul’ra
221 3924 342 3978 habetur
360 3947 375 3975 a
393 3929 461 3977 votis
483 3925 548 3987 (nou
567 3931 602 3977 art
618 3929 672 3992 aas)
693 3931 815 3978 venditum
838 3933 876 3979 act
898 3933 1022 3978 (tauriana.
1063 3925 1256 3978 Venditioncm
1279 3926 1349 3979 banc

85 4026 228 4074 excusare,
251 4010 280 4062 et
297 4008 464 4062 monasterio
488 4007 641 4077 impensam
660 4009 836 4064 collationem
854 4012 944 4064 ratam
967 4014 1057 4063 lacere
1080 4010 1186 4063 studuit
1205 4010 1349 4063 Caesarius

85 4096 113 4147 in
138 4111 187 4146 suo
210 4095 391 4159 testamento,
419 4094 466 4146 ubi
489 4096 517 4147 ct
539 4093 690 4161 quidquam
713 4111 820 4160 corum,
848 4113 918 4164 quac
945 4095 1043 4164 puellis
1067 4113 1129 4148 aso
1154 4095 1255 4149 collata
1277 4098 1348 4162 sunt,

85 4179 187 4233 :inferri
207 4179 348 4247 prohibet,
367 4184 438 4247 quia,
457 4177 559 4246 inquit,
582 4185 634 4231 Deo
650 4186 765 4246 propitio
784 4202 833 4233 non
850 4189 903 4233 stne
921 4187 1073 4233 rttscretionc
1091 4192 1116 4232 et
1129 4186 1231 4246 justitia
1249 4185 1347 4249 quides-

84 4284 187 4332 rumquc
209 4268 381 4317 saecularibus
402 4270 465 4329 jare
489 4269 586 4316 directo
609 4284 652 4315 res
674 4271 796 4317 ecelesiae
819 4270 957 4324 sendimus,
985 4271 1036 4317 nisi
1061 4269 1107 4318 teor·
1135 4272 1202 4333 pereat
1228 4273 1349 4319 ecclcsiae

84 4359 164 4402 minus
182 4355 241 4402 utile
254 4360 278 4402 et
296 4354 475 4415 infructuosum
495 4359 544 4412 est3
565 4349 593 4401 et
611 4349 681 4414 vult,
702 4350 732 4401 ut
750 4355 817 4416 qaod
834 4353 962 4402 animabus
974 4355 1069 4402 satietis
1081 4360 1105 4401 ct
1120 4355 1173 4401 Itco
1185 4356 1350 4404 seruientibus

85 4454 139 4486 ream
155 4444 298 4486 sauctorum
315 4438 424 4496 fratrum
443 4453 563 4486 roirscnsa
581 4440 619 4485 aet
640 4437 824 4501 subscriptione
842 4439 982 4494 tribuimus,
1003 4445 1130 4500 perpetuo
1149 4440 1197 4486 iltis
1210 4441 1273 4501 jure
1290 4457 1349 4504 pcr—

85 4529 193 4573 nameat.
230 4517 299 4570 Vide
318 4518 463 4571 concilium
481 4518 640 4586 agathense
659 4534 718 4571 can.
740 4524 753 4570 7
772 4520 801 4572 et
817 4525 858 4572 45.

153 4608 173 4667 ⁶)
193 4602 255 4656 Scil.
280 4604 340 4655 tum
357 4603 446 4656 Hilari
468 4620 558 4672 papae
582 4602 699 4671 epistola
716 4608 731 4655 8
751 4622 777 4656 n.
797 4610 810 4656 7
830 4604 865 4656 ad
883 4603 1025 4673 episcopos
1048 4604 1216 4658 diversarum
1241 4606 1347 4674 provin-

85 4690 189 4741 ciarum
209 4688 328 4753 Galliae,
348 4688 450 4742 Gelasii
469 4690 626 4756 fragmento
645 4695 689 4752 23,
713 4705 745 4740 ac
764 4687 920 4755 Symmachi
940 4689 1057 4756 epistola
1078 4697 1107 4741 ta
1126 4710 1151 4742 n.
1172 4698 1186 4742 2
1205 4691 1348 4759 adipsum

85 4773 253 4826 (lucentium.
273 4774 359 4826 Addit
370 4776 464 4826 tamen
478 4772 658 4841 Symmachus
671 4772 788 4825 ibidem:
808 4780 857 4826 atsi
869 4780 980 4839 forsitan
999 4781 1095 4844 aliquid
1112 4781 1241 4841 rctipioue's
1259 4782 1348 4828 iutuitu

84 4864 243 4910 nomenata-its
259 4863 339 4921 facerit
356 4864 520 4924 tar-pietatum.
555 4857 625 4911 Vide
645 4857 769 4924 ejusdcm
787 4858 933 4927 epistolam
952 4867 967 4911 d
986 4877 1033 4913 scu
1055 4861 1195 4914 decretum
1214 4860 1250 4913 ab
1269 4878 1301 4913 eo
1320 4861 1348 4914 iu

83 4943 190 5012 syrrado
209 4942 357 4996 llorrnisda
374 4945 519 5011 praesente
537 4943 642 4996 editum
661 4961 686 4996 n.
706 4949 773 5011 deq.
