3224 5506
601 349 802 400 assoricus
827 353 849 399 1.
1299 340 1363 405 519

98 503 252 572 ecelesiae
265 507 412 591 episcopo
428 528 466 570 cx
481 505 611 590 regione
628 505 833 588 Campaniae,
857 506 916 568 sub
932 505 991 570 hac
1007 506 1217 573 instructione
1234 509 1360 595 direxit,

10 626 17 637 “
109 603 140 664 ht
152 605 269 674 Petrus
299 608 338 672 de
365 608 585 673 Alexandrina
612 607 786 691 pelleretur
814 608 957 692 ccclesia,
993 611 1024 672 et
1057 612 1094 673 ut
1121 609 1228 674 libello
1256 614 1361 678 sancti

119 698 254 776 iohannis
281 710 421 795 episcopi
459 709 668 775 Alexandrini
695 710 904 794 responderet
931 711 1068 775 Aeacius
1076 711 1135 798 ⁴⁰),
1170 717 1266 797 atque
1300 715 1361 799 ipsi

10 820 14 828 “
94 805 340 878 ·deuuntiaretur
361 812 493 895 Acacio,
517 816 553 876 ut
575 811 748 877 anathema
770 812 990 878 Alexandrino
1013 813 1133 878 diceret
1154 813 1260 879 Petro
1299 816 1362 882 Sed

125 909 207 996 legati
225 915 396 1001 supradicti
423 915 567 1000 quamvis
587 915 623 979 in
652 915 827 978 custodiam
850 914 958 978 hostili
981 938 1068 980 more
1090 916 1209 981 detrusi
1233 917 1362 984 chartas

119 1015 273 1100 1111111111,
306 1021 416 1082 tamen
447 1017 577 1100 perfidis
610 1015 780 1081 haereticis
807 1020 902 1101 atque
931 1016 1089 1084 damnatis
1123 1022 1360 1087 accommodare

112 1138 175 1184 aon
198 1119 377 1202 debuerant,
408 1141 488 1204 quae
517 1120 584 1184 sola
612 1110 738 1203 negari
752 1119 873 1203 potuit,
902 1119 1110 1185 voluntatem.
1156 1120 1231 1186 Non
1259 1123 1361 1188 solum

109 1241 184 1319 ergo
200 1244 261 1288 11111
283 1225 430 1308 egerunt,
457 1244 539 1306 quae
557 1223 649 1305 jussa
672 1225 756 1306 sunt,
787 1225 843 1286 aut
865 1244 945 1305 quae
968 1227 1118 1306 poterant
1140 1225 1288 1307 expedire
1315 1225 1360 1291 fe-

103 1326 220 1408 cerunt,
242 1323 295 1389 sed
318 1324 415 1388 etiam
437 1324 607 1389 haereticis
631 1325 957 1405 communicaverunt,
982 1326 1257 1392 confirmationem
1272 1327 1360 1393 Petri

98 1426 312 1512 episcopatus,
342 1427 382 1490 ad
409 1448 505 1511 quem
532 1426 715 1510 pellendum
743 1426 832 1490 missi
859 1425 1004 1510 fuerant,
1034 1427 1228 1511 deferentes,
1264 1433 1358 1515 atque

93 1529 302 1595 contumelias
335 1529 369 1593 in
392 1530 575 1614 episcopum
602 1529 784 1593 Johannem
807 1528 924 1593 Acacio
947 1529 1153 1615 dirigentefl)
1181 1536 1357 1614 portantes.

87 1631 216 1709 Quibus
247 1635 420 1696 commotus
448 1654 532 1716 papa
559 1632 761 1696 beatissimus
789 1630 901 1695 habita
923 1632 1042 1715 synodo
1071 1631 1213 1696 Vitalern
1241 1637 1273 1697 et
1300 1634 1359 1698 Mi-

84 1756 208 1800 senum
238 1734 279 1798 ab
313 1734 419 1798 officio
452 1737 484 1798 et
513 1734 734 1798 communione
767 1732 943 1817 suspendit,
978 1756 1016 1797 ac
1048 1734 1162 1798 deinde
1195 1735 1360 1802 damnarit

82 1836 258 1903 Acacium.
304 1835 402 1920 Cujus
429 1839 540 1919 postea
571 1835 704 1899 audacia
727 1835 884 1900 deteriora
906 1836 1119 1919 committens,
1149 1837 1247 1901 etiarn
1268 1837 1358 1903 illum

79 1939 223 2005 Petrum
245 1936 496 2020 Antiochenum,
525 1937 626 2021 ejecto
649 1936 806 2003 catholico
830 1936 1034 2022 Calendione,
1063 1961 1157 2022 quem
1185 1940 1253 2023 ipse
1275 1941 1358 2005 ordi·

76 2044 236 2124 neverat,
260 2039 301 2105 ad
323 2040 560 2105 Antiochenam
581 2040 669 2104 misit
691 2040 917 2126 ecelesiamw)

175 2144 225 2207 14.
271 2140 445 2226 Postquam
466 2142 632 2207 Johannes
659 2144 844 2226 supervenit
874 2142 1054 2227 episcopus,
1091 2165 1185 2228 quem
1210 2145 1357 2210 Romana

74 2244 236 2330 suscepit
257 2244 402 2326 ecclesia,
426 2249 557 2310 sanctus
579 2267 664 2330 papa
686 2245 776 2309 Felix
798 2245 1002 2329 legationem,
1027 2248 1064 2308 ut
1085 2245 1205 2311 dictum
1228 2251 1287 2330 est,
1317 2249 1357 2312 si·

60 2352 132 2414 ·1111
158 2347 309 2432 oportuit
330 2346 499 2431 ordinavit,
529 2369 610 2432 quae
639 2346 722 2431 apud
749 2347 978 2431 praedictos⁴³)
1001 2369 1110 2412 omnes
1132 2347 1285 2433 quidquid
1308 2352 1357 2414 est

65 2448 280 2518 hostilitatis
302 2452 433 2533 experta
455 2453 513 2513 ost.
554 2448 638 2513 Nam
661 2449 789 2513 detrusa
811 2450 846 2513 in
870 2449 1045 2513 custodiam
1067 2450 1201 2534 perditis
1225 2451 1354 2535 chartis,

61 2575 151 2620 cum
184 2550 306 2637 grandi
333 2551 385 2615 vi'x
413 2552 567 2616 remearit
593 2551 779 2635 opprobrio,
815 2552 1033 2635 episcopatum
1062 2550 1165 2635 Petri,
1196 2554 1235 2616 ad
1264 2575 1356 2638 quem

58 2651 313 2742 expellendum
334 2653 431 2717 missa
452 2653 568 2737 fuerat,
592 2654 753 2716 firmatum
776 2657 960 2737 reportans,
990 2675 1083 2737 quem
1106 2652 1253 2719 Romana
1281 2676 1356 2719 ana-

55 2754 316 2827 thematizarat
337 2754 478 2819 ecclesia.

168 2859 224 2924 15.
263 2855 314 2920 111
322 2858 361 2943 ⁴⁴)
383 2857 472 2922 Felix
494 2879 579 2942 papa
607 2857 764 2941 episeopis
791 2879 849 2941 per
871 2858 1055 2941 Aegyptum
1085 2861 1143 2922 etc.
1174 2857 1240 2945 1111.
1264 2883 1355 2939 supra

53 2991 141 3048 paq.
164 2967 237 3025 250
259 2967 366 3025 Felicis
381 2969 415 3025 ΙΙ
433 2972 514 3041 epist.
531 2959 583 3049 91

141 3133 184 3199 ⁴⁰)
204 3130 242 3184 B¹
270 3129 357 3184 omitt.
383 3137 493 3185 Aeacius
515 3161 548 3170 —
570 3136 774 3192 detruncaretur,
805 3147 924 3198 moxque
951 3147 1013 3182 cunr
1036 3130 1062 3181 cl
1084 3145 1141 3198 seq.
1166 3134 1354 3185 Alexandrino.

55 3216 192 3277 Deinde
211 3213 299 3270 iidem
316 3221 345 3269 et
355 3214 390 3269 Fi
404 3221 490 3270 Petro.
523 3221 571 3279 Qut
587 3221 697 3284 quamuis
715 3221 800 3269 tostih'
816 3234 885 3268 more
897 3219 995 3268 detrusi
1005 3219 1031 3266 in
1043 3220 1181 3268 custodiam
1194 3219 1308 3275 chartas,
1328 3215 1357 3269 et

59 3299 684 3370 1111111111111111111111111111
704 3301 768 3354 ante
790 3304 937 3354 debuerunt.
974 3297 1121 3366 Sequimur
1138 3297 1182 3353 G¹.
1212 3299 1250 3352 11Ιί
1269 3305 1356 3353 Petro.

63 3397 175 3448 Porro
193 3392 273 3442 iidem
290 3393 368 3454 tapeti
382 3391 496 3455 profecti
512 3397 578 3440 sunt.
609 3389 657 3450 Qui
672 3392 730 3439 litet
747 3390 832 3439 tortili
848 3397 896 3441 etc.

46 3510 52 3517 ·
145 3475 186 3545 ⁴¹)
207 3470 245 3527 G¹
263 3476 425 3526 rescribente.
460 3471 568 3526 Deinde
585 3471 617 3525 ΒΙ
631 3471 704 3524 1111·
722 3487 778 3538 seq.
799 3474 891 3536 Quibus
909 3474 984 3524 retur
1005 3474 1093 3524 111111
1108 3476 1205 3539 synodo
1224 3484 1356 3527 1111111111

57 3564 247 3619 bennarim
266 3577 339 3626 papa
360 3560 404 3610 Vn
475 3562 608 3626 suspendit
631 3562 800 3627 Asuuiumque
823 3562 957 3612 damnavit.
994 3559 1072 3622 Cujus
1094 3562 1203 3610 arzdncin
1283 3564 1357 3610 etiam

63 3654 191 3704 Petrum
257 3646 409 3696 calendione
428 3662 499 3710 quem
516 3648 571 3711 ipse
591 3647 756 3695 ordinaverat
774 3641 819 3709 (G¹
833 3663 849 3696 a
861 3662 889 3695 se
901 3645 1032 3709 ordinato)
1051 3646 1087 3694 ari
1105 3646 1224 3711 Antiory.
1238 3654 1284 3700 etc.
1316 3641 1356 3695 Ex

60 3733 103 3790 ΘΙ
127 3729 252 3785 textum
270 3726 448 3782 restituimus.
1250 3790 1251 3793 Ἴ

147 3818 189 3884 ⁴²)
200 3811 256 3868 Hic
264 3812 392 3867 desinunt
401 3812 513 3866 B'h'‘¹c⁵¹
535 3814 567 3866 G¹
579 3811 718 3882 prioribus
727 3813 802 3867 nullo
813 3813 904 3882 spatio
918 3812 1077 3866 (111111111111
1090 3829 1206 3880 sequens
1219 3814 1356 3882 fragmen-

60 3905 140 3958 tum
163 3897 260 3964 addit,
277 3898 352 3967 quod
370 3898 477 3953 duabus
493 3897 621 3967 partibus
639 3899 755 3952 constat.
786 3899 874 3964 Prior,
895 3897 924 3952 in
941 3915 996 3966 qua
1013 3898 1173 3953 summatim
1192 3901 1356 3968 repetuntur

61 4003 156 4060 quae
175 3982 306 4056 proxime
324 3983 359 4037 de
375 3982 474 4037 Felicis
491 3983 592 4052 legatis
610 3982 685 4038 dicta
703 3985 779 4049 sunt,
798 3983 835 4037 ad
852 3983 952 4037 horum
966 3982 1203 4038 confirmationem
1216 4000 1250 4038 ex
1262 3984 1355 4053 ahquo

61 4074 181 4130 forsan
201 4066 307 4123 Gelasii
328 4082 411 4138 opere
432 4069 488 4123 huc
510 4067 616 4123 adscita
638 4068 753 4122 videtur.
790 4069 888 4123 Altera
909 4086 1016 4129 merum
1034 4069 1147 4123 exhibet
1168 4069 1356 4139 fragmentum

62 4153 186 4215 Felicis
207 4152 354 4222 epistolae,
372 4169 428 4222 qua
445 4153 522 4207 Petri
538 4153 717 4209 Alexandrini
735 4154 878 4209 damnatio
897 4153 1083 4208 denuntiatur.
1119 4154 1272 4222 Utramque
1290 4168 1355 4207 vero

63 4244 109 4299 ab
133 4238 240 4309 aliquo
257 4238 403 4294 scholiasta
420 4256 476 4293 non
495 4238 562 4293 satis
581 4239 754 4293 considerato
773 4240 949 4309 conjunctam
967 4237 1062 4300 fixisse,
1086 4240 1153 4292 nota
1170 4238 1355 4306 subsequente

63 4335 107 4384 44
126 4322 332 4397 probabimus.

150 4413 189 4478 ⁴³)
208 4407 242 4464 G¹
260 4415 426 4479 praecinctos·
443 4416 551 4472 11111111,
570 4427 688 4479 moxque
706 4416 801 4479 perditi
819 4415 925 4471 ciariis,
944 4407 991 4462 ubi
1011 4408 1077 4462 editi
1094 4413 1235 4476 praedictis
1249 4413 1354 4468 chartis.

65 4499 175 4556 Iidem
192 4509 261 4548 mox
277 4501 448 4563 confirmatum
464 4508 611 4564 reportans.
849 4567 851 4571 Α
1133 4557 1135 4567 ¹

151 4584 189 4652 ⁴⁴)
207 4580 273 4636 Non
291 4578 348 4635 alia
365 4579 399 4635 de
418 4596 502 4634 causa
523 4580 684 4636 scholiastes
702 4599 819 4651 sequens
836 4579 935 4635 Felicis
954 4579 1088 4650 epistolae
1111 4579 1300 4649 fragmentum
1316 4579 1356 4633 ri-

67 4672 168 4728 uetur
186 4663 363 4736 adjunxisse,
380 4664 433 4720 nisi
450 4666 622 4735 utlagatus,
641 4685 726 4736 quum
744 4666 821 4721 Petri
838 4665 1058 4720 communionem
1076 4666 1266 4736 susceperunt,
1286 4686 1357 4734 quen

67 4763 203 4813 maana
222 4755 452 4805 anathematizarat
470 4757 588 4813 ecclesia,
607 4752 731 4821 graviter
748 4751 894 4820 deliquisse
907 4751 1117 4806 demonstraret.
1147 4752 1184 4804 At
1202 4749 1249 4804 ubi
1265 4753 1357 4819 poste·

65 4844 137 4899 rior
158 4854 263 4895 eorum
279 4836 421 4904 legatione
434 4836 587 4892 ostenditur
606 4855 676 4906 quae
694 4837 724 4891 in
741 4838 788 4891 illo
801 4837 900 4891 Felicis
918 4837 1076 4905 trugmento
1089 4834 1268 4890 denuntiatur
1280 4835 1357 4890 Petri

67 4918 448 4999 dannatio,probatio,ex
467 4939 499 4978 eo
517 4922 608 4994 petita
624 4922 693 4984 nihil
711 4923 746 4978 ad
763 4922 846 4976 istum
864 4938 977 4991 scopum
996 4919 1084 4975 affert.
