3204 5506
544 121 739 173 srss'rounr
762 116 813 173 30.
839 117 889 173 31.
1287 109 1350 175 447

51 285 161 367 ejus
184 275 321 342 infectus
349 279 408 359 est,
437 277 624 362 imploranti
652 277 801 342 flebiliter
828 278 959 361 pietatis
987 281 1038 343 cst
1065 278 1259 362 apostolicae
1287 295 1460 344 nouerat.

56 399 214 465 negare.
713 416 722 425 ’

174 478 334 544 Professus
363 502 440 566 ergo
469 480 611 545 Misenus
639 481 831 567 regulariter
859 505 892 545 se
919 504 1030 547 omnes
1059 482 1222 565 haereses,
1253 483 1352 567 Euty-

69 584 232 649 chianam
264 583 437 668 praecipue
472 605 544 646 cum
577 583 774 668 Eutychete,
809 583 978 669 Dioscoro,
1011 585 1179 649 Timotheo
1221 585 1350 668 Acium,

71 684 185 747 Petro
217 684 436 749 Alexandrino
443 736 452 768 ,
492 685 610 751 Acacio
648 685 1006 769 Constantinopolitano
1042 687 1200 770 Petroque
1239 687 1352 750 Antio·

78 785 189 850 cheno
207 787 258 851 vel
281 787 406 852 cunct-is
437 810 546 851 eorum
568 779 820 868 successoribus,
850 790 1061 853 sectatoribus
1085 794 1118 854 et
1140 789 1352 852 communica·

81 886 206 952 toribus
228 889 392 972 detestari,
417 910 538 974 ,eosque
568 891 774 954 anathemate
796 890 892 953 ferire
920 895 1090 975 perpetue,
1122 891 1352 955 communionis

84 991 276 1070 apostolieae
298 995 332 1055 et
353 991 607 1077 sacerdotalisii)
630 993 779 1077 gratiam,
803 1015 898 1077 quam
915 992 1073 1056 catholica
1093 991 1352 1081 traditioneper-

86 1089 179 1173 cepit,
201 1093 337 1177 recipiet
362 1093 567 1178 dignitatis.“

170 1195 217 1260 15.
247 1194 368 1259 Omnes
391 1195 532 1279 episcopi
556 1199 588 1260 et
609 1195 786 1279 presbyteri
810 1200 979 1281 surgentes
1002 1197 1036 1260 in
1059 1197 1179 1281 synodo
1195 1195 1352 1259 occlama-

85 1300 210 1360 rsnmt:
239 1301 368 1362 Exaudi
400 1302 531 1375 Christe,
568 1305 688 1363 Gelasio
716 1306 796 1362 uilo!
834 1298 955 1363 dictum
983 1298 1178 1382 quindecies.
1224 1304 1352 1362 Domine

10 1394 12 1405 '
83 1395 186 1479 Perre,
219 1410 251 1464 tu
285 1405 369 1465 illum
401 1407 509 1463 seruo!
550 1399 670 1463 dictum
703 1399 880 1464 duodecies.
927 1405 1023 1479 Cujus
1039 1407 1148 1467 sedem
1176 1413 1205 1464 et
1234 1407 1352 1464 anuos!

83 1489 202 1563 dietum
234 1500 363 1583 septies.
416 1508 571 1567 i'icnrium
592 1479 714 1566 ¹Christi
738 1509 943 1566 lectitemus!
987 1501 1108 1565 dictum
1142 1502 1350 1585 undecies⁴⁵).

82 1598 252 1673 Apostolum
275 1607 398 1667 Petrum
421 1617 449 1668 te
471 1610 633 1687 uidemust
648 1604 769 1667 dietum
791 1604 902 1667 sexies.
938 1610 1032 1684 Cujus
1053 1611 1161 1681 sedem,
1186 1615 1215 1668 et
1237 1611 1352 1668 annos!

82 1691 201 1767 dictum
223 1704 341 1788 septies
363 1705 521 1789 trigesies.

163 1803 273 1874 Sixtus
306 1807 451 1871 notarius
474 1810 604 1871 sanctae
631 1807 796 1872 Romanae
825 1808 977 1872 ecclesiae
1006 1808 1099 1890 jussu
1120 1807 1253 1871 'domini
1288 1806 1351 1870 mei

10 1934 17 2013 q
80 1893 258 1972 mussas
287 1930 390 1993 papae
414 1908 534 1973 ueras
563 1932 601 1973 ex
628 1910 746 1974 scrinio
776 1910 859 1974 eoo
887 1909 938 1974 ae
960 1910 1056 1973 aruo
1079 1908 1154 1972 rcus
1176 1908 1347 1993 narsus,

77 1992 191 2074 Flavio
211 2009 345 2074 Victore
367 2011 435 2075 viro
459 2010 635 2075 clarissimo
659 2012 798 2076 consule.

579 2199 761 2302 spretus
787 2144 867 2283 31.

390 2351 498 2417 Beati
521 2350 656 2419 Gelasii
680 2353 723 2418 ad
746 2355 886 2418 actores
908 2353 1038 2418 urbici.

315 2491 424 2554 Apcedn
443 2493 475 2541 rie
492 2494 572 2541 cereis
588 2493 712 2542 reditibus
730 2495 852 2543 ecciesiae
870 2493 998 2542 Romanae
1017 2488 1041 2543 a.
1054 2494 1113 2542 494.

232 2621 417 2686 Gelasius
440 2625 644 2688 actoribus
667 2625 828 2689 urbicis

163 2739 299 2805 &ustam
320 2763 376 2805 vos
398 2742 544 2806 intulisse
567 2744 746 2807 actionibus
773 2744 925 2807 ecclesiae
954 2767 992 2806 ex
1015 2719 1234 2828 praestatione
1256 2744 1348 2807 fundi

63 2810 242 2925 ClaCulas,
272 2864 365 2927 quem
389 2844 609 2909 conductionis
637 2846 731 2909 titulo
753 2850 860 2926 tenes,
895 2846 1113 2909 detractibus
1137 2846 1214 2908 anni
1238 2867 1348 2908 consu-

61 2911 165 3002 latus
188 2944 308 3008 Asterii
330 2949 364 3009 et
384 2945 539 3046 Praesidii
568 2947 705 3010 virorum
735 2947 997 3028 clarissimorum,
1027 2948 1066 3010 de
1089 2946 1264 3009 indictione
1287 2946 1346 3020 lli,

56 3091 382 3137 &—

140 3229 181 3301 ⁴⁴)
197 3232 289 3288 Verbo
308 3223 477 3287 sacerdotalis
500 3234 528 3286 in
547 3234 581 3287 G¹
595 3236 620 3287 a¹
641 3235 806 3288 clauduntur
824 3235 893 3288 haec
916 3237 1002 3303 gesto.
1040 3233 1140 3288 Cetera
1162 3252 1194 3287 ex
1219 3253 1268 3311 ms.
1287 3236 1347 3289 Vir·
1391 3264 1396 3270 ·

72 3304 137 3379 ,ΨΜ
165 3317 334 3386 supplentur.
363 3317 412 3370 Ex
430 3335 484 3386 qno
507 3318 595 3386 liquet
616 3320 678 3388 plus
695 3320 813 3386 Miseno,
837 3338 920 3388 quam
938 3320 1066 3388 petebat,
1097 3335 1155 3373 esse
1179 3336 1346 3385 concessum,

54 3379 216 3475 81‘lflidern
234 3419 297 3456 cum
314 3402 502 3456 ecclesiastica
520 3405 712 3459 communione
731 3405 756 3458 ci
769 3405 853 3459 etiam
872 3404 1001 3458 restituta
1019 3410 1061 3457 est
1079 3404 1200 3473 dignitas
1219 3406 1346 3459 sacerdo-

54 3447 156 3545 hhfl3
176 3488 204 3539 et
219 3503 285 3541 vero
305 3489 452 3555 utrumque
470 3504 526 3541 non
545 3491 603 3543 tam
621 3488 646 3542 ei
664 3488 804 3542 sublatum
822 3506 907 3556 quam
925 3506 1086 3558 suspensum
1104 3491 1204 3544 fuerat.

56 3617 73 3669 f
142 3567 179 3638 ’3)
196 3571 277 3641 Apud
300 3573 358 3626 bc²
374 3588 450 3640 seqq.
475 3572 701 3641 praetermissum
729 3575 821 3628 fuerat
849 3580 969 3628 undecies
996 3580 1136 3642 apostolum
1160 3581 1261 3628 Petrum
1291 3576 1345 3641 [bic

68 3638 151 3701 one
171 3654 326 3711 addendum
343 3661 386 3724 in)
398 3669 423 3710 tc
440 3662 551 3711 videmur
569 3665 674 3718 dicrum,-
692 3657 766 3725 quod
785 3674 818 3710 er
831 3658 978 3714 Frontonis
995 3661 1069 3714 notis
1082 3659 1258 3713 restituimus.
1290 3660 1345 3713 No-

56 3702 182 3793 talldus
196 3739 241 3795 hic
257 3741 347 3795 locus:
365 3740 470 3810 primus
488 3742 562 3795 enim
580 3745 630 3808 est,
648 3741 675 3794 in
695 3758 749 3809 quo
766 3742 921 3797 Romanurn
939 3746 1097 3814 praesulem
1115 3726 1233 3799 sicarium
1253 3749 1346 3797 Christi

59 3803 249 3895 “Rhemum
267 3825 449 3879 meminimus.
479 3831 608 3880 Vicurium
620 3832 695 3880 Peon·
712 3844 775 3880 enm
793 3829 969 3897 nuncupandi
987 3846 1047 3882 mos
1065 3830 1112 3882 diu
1131 3829 1258 3882 obtinuit.
1282 3830 1344 3897 ipse

58 3868 198 4013 timi-'um
215 3927 300 3980 supra
317 3919 373 3964 n.5
397 3911 449 3963 sub
471 3914 620 3981 conspectu
639 3917 707 3965 beati
725 3919 798 3966 Petri
819 3920 930 3981 apostoli
951 3920 1057 3985 ejusque
1072 3920 1174 3977 vicarii,
1202 3912 1343 3966 (telesiam

84 3982 127 4030 οὒ
158 4008 219 4049 voco
240 3992 380 4061 indicans,
406 4011 491 4064 agere
515 4013 544 4048 se
566 3997 694 4049 testatur.
731 3997 796 4061 Quis
818 3999 911 4051 autern
931 3999 1005 4068 apud
1023 3999 1137 4052 Latinos
1159 3997 1233 4051 vocis
1255 4003 1345 4050 virro-ii

63 4056 147 4121 ΠΜ
165 4077 251 4146 tuerit,
269 4079 368 4133 Suidas
384 4079 425 4133 ita
442 4083 534 4134 notat:
560 4077 692 4151 Βικάριος
709 4079 787 4152 παρὰ
800 4080 958 4151 Ῥωμαίους
978 4078 1124 4151 διάδοχος,
1146 4087 1256 4134 sicarius
1274 4088 1345 4150 epm!

70 4209 88 4265 8
146 4180 189 4217 nor
204 4170 269 4219 Mem
287 4176 334 4225 ert,
352 4170 421 4234 quod
435 4186 575 4220 successor.
612 4166 648 4220 Et
663 4166 691 4219 id
710 4167 823 4235 quidem
840 4169 950 4221 firmare
968 4167 1034 4220 licet
1052 4183 1085 4220 ex
1102 4164 1146 4219 his
1158 4165 1288 4235 Cypriani
1307 4167 1343 4220 ad

89 4221 249 4308 *ephesum
268 4249 347 4319 epist.
363 4256 376 4301 1
394 4267 421 4303 n.
435 4256 463 4302 5:
483 4253 629 4304 Servandus
647 4264 685 4305 est
703 4258 767 4305 euim
784 4264 971 4306 antecessorum
984 4263 1125 4305 nostrorum
1137 4255 1265 4304 beatorum
1278 4271 1343 4304 mur·

73 4308 165 4382 imm
180 4337 290 4388 Omneiir‘
310 4345 336 4388 et
359 4338 433 4387 Lucii
458 4340 539 4389 donor
565 4342 706 4404 gloriosus:
736 4358 839 4407 quorum
860 4343 1002 4390 rnernorr'nm
1024 4356 1095 4404 quum
1119 4341 1341 4398 ‚resecaremus

62 4403 160 4479 mlo
173 4425 247 4488 aspra
263 4429 299 4482 tu,
314 4424 404 4487 frater
421 4427 562 4494 corissum,
582 4427 751 4489 honorificare
773 4435 798 4476 et
820 4441 924 4475 seruare
940 4426 1067 4490 grauitate
1085 4432 1111 4473 et
1128 4427 1281 4474 arrctmitate
1299 4432 1342 4474 tua

79 4477 169 4565 met,
184 4511 350 4573 quivissemus
368 4517 393 4558 et
410 4525 543 4559 successor
560 4527 645 4560 eorum
660 4512 746 4572 fortiss
764 4529 798 4560 es.

154 4586 181 4654 ⁴⁸)
195 4588 270 4644 Editi
288 4592 372 4656 niuji:
391 4603 429 4643 'ex
447 4590 599 4660 archetypi,
618 4609 680 4644 cum
699 4609 753 4658 quo
772 4595 801 4644 et
818 4592 948 4645 ‹ebronica
966 4590 1113 4645 novissimo
1131 4590 1229 4645 Miseni
1247 4588 1342 4644 libello

84 4655 201 4727 prarefixa
217 4673 363 4742 consentit,
383 4677 436 4730 tide
454 4675 636 4744 corriguntur.
1137 4670 1143 4676 ’
