3204 5506
253 338 312 400 178
711 351 739 397 a.
757 348 924 399 sturmen
947 348 1060 396 esraa

150 493 312 590 astatus,
343 506 383 570 ad
406 504 573 569 ecclesiam
600 508 675 568 tuae
704 504 885 568 dilectionis
913 504 962 567 vel
990 503 1029 566 ad
1059 502 1200 567 fidelium
1222 501 1393 566 domorum
1416 499 1535 564 limina

250 632 316 673 nou
344 608 584 692 permitteretur
606 606 772 671 accedere.
817 605 918 682 Quem
946 610 1123 670 conventus
1149 626 1249 669 novos
1274 625 1334 688 pro
1356 624 1394 668 se
1416 601 1533 667 didici·

249 733 319 775 mus
342 709 545 775 comminari:
574 708 689 772 resolvi
712 709 910 788 existimans,
938 708 1022 792 quod
1050 708 1089 772 de
1112 729 1146 773 se
1167 706 1361 771 universalis
1383 704 1535 770 decrevit

250 813 433 878 auctoritas.

334 916 364 978 2.
397 913 490 978 Unde
506 914 581 997 quia
603 918 735 978 sanctae
758 913 929 977 memoriae
944 912 1222 997 praedecessorum
1238 911 1464 997 nostrorum⁵)
1481 931 1532 975 ex·

251 1021 359 1081 stante
381 1016 539 1098 doctrina,
565 1021 677 1080 contra
700 1038 795 1101 quam
817 1016 909 1079 nefas
931 1019 980 1079 est
1002 1015 1175 1099 disputare,
1199 1015 1341 1100 quisquis
1365 1016 1461 1079 reete
1483 1036 1531 1079 sa·

250 1108 326 1204 peie
354 1119 479 1182 videtur
514 1119 605 1183 novis
633 1118 863 1182 assertionibus
893 1139 958 1181 non
992 1117 1117 1202 indiget
1150 1117 1290 1199 edoceri,
1333 1116 1393 1180 sed
1428 1116 1533 1202 plana

251 1224 346 1304 atque
370 1220 513 1303 perlecta
536 1225 612 1284 sunt
634 1220 753 1301 omnia,
777 1219 891 1304 quibus
913 1222 1020 1302 potest
1042 1219 1091 1283 vel
1114 1219 1265 1304 deceptus
1288 1218 1329 1282 ab
1352 1217 1532 1283 haereticis

252 1322 368 1386 erudiri
391 1322 440 1385 vel
464 1323 498 1386 in
522 1322 615 1386 vinea
637 1321 766 1385 Domini
789 1321 985 1404 plantandus
1008 1321 1149 1403 institui3
1178 1321 1350 1404 implorata
1378 1319 1446 1384 fide
1469 1318 1533 1385 cle·

251 1424 441 1488 mantissimi
464 1424 619 1508 principis
643 1445 751 1487 vocem
773 1423 940 1487 faciendae
962 1423 1075 1506 synodi
1096 1423 1149 1487 sac
1164 1422 1281 1507 respui,
1305 1443 1367 1487 nee
1381 1422 1429 1486 sit
1444 1421 1533 1507 apud

252 1548 345 1590 aures
367 1526 568 1610 imperatoris
585 1525 761 1591 Christiani
783 1525 878 1609 pigra
900 1524 1077 1610 suggesti0,
1101 1526 1175 1609 quia
1197 1525 1282 1589 salus
1297 1524 1368 1607 ejus
1383 1528 1419 1589 et
1435 1524 1533 1611 regni

252 1629 352 1713 ipsius
382 1628 527 1694 Christus
556 1633 604 1692 est
630 1627 795 1692 fortitudo.
840 1627 928 1711 Ergo
957 1649 1029 1691 cum
1057 1628 1230 1711 praedictis
1261 1627 1465 1711 presbyteris
1492 1648 1534 1691 ac

253 1730 418 1795 monachis
441 1734 621 1815 opportune
644 1730 757 1814 pietati
780 1729 848 1811 ejus
877 1733 986 1793 nostro
1009 1751 1132 1814 quoque
1154 1729 1284 1794 nomine
1305 1728 1471 1813 supplica,
1498 1732 1535 1793 et

253 1831 449 1918 legationem
470 1825 555 1897 hant
577 1855 635 1917 pro
657 1832 750 1895 nobis
773 1821 896 1915 quoque
925 1831 1115 1896 clementiae
1142 1831 1252 1915 ipsius,
1280 1852 1321 1894 ne
1349 1831 1430 1916 quid
1458 1831 1535 1896 sub-
1592 1910 1594 1920 Ι

252 1935 439 2020 ripiaturl),
474 1935 613 1999 insinua.
666 1933 818 1998 Omnium
846 1933 968 2016 pariter
996 1933 1143 2017 precibus
1171 1933 1366 2016 instruatur,
1401 1955 1448 1997 ne
1474 1954 1536 2019 per

253 2036 479 2120 occupationes
502 2036 646 2120 publicas
669 2035 767 2120 quieti
792 2035 1028 2100 ecclesiasticae
1050 2036 1173 2120 aliquas
1195 2033 1347 2099 inimicus
1375 2035 1537 2101 moliatur

253 2139 402 2203 insidias:
431 2139 614 2223 integritati
640 2159 716 2201 suae
739 2137 992 2202 Alexandrinam
1015 2137 1103 2202 reddi
1127 2140 1269 2222 praestet
1290 2136 1477 2222 ecclesiam,
1500 2141 1537 2203 et

253 2243 340 2306 beati
364 2241 465 2305 Marci
494 2240 711 2324 evangelistae
739 2242 813 2304 sede
835 2238 959 2304 hostem
982 2239 1270 2326 parricidamquel)
1292 2239 1472 2324 propellat,
1501 2243 1537 2305 et

253 2344 392 2427 qualiter
420 2342 597 2405 catholicae
626 2341 700 2404 fidei
728 2344 876 2406 teneatur
904 2341 1090 2426 iutegritaS,
1125 2343 1161 2406 in
1188 2341 1411 2425 penetralibus
1441 2342 1538 2407 aulae

254 2466 330 2509 suae
358 2445 532 2529 dignanter
559 2444 710 2527 inquirat.
756 2443 843 2518 Quae
872 2465 913 2507 ne
942 2443 1049 2528 aliqua
1073 2443 1209 2508 forsitan
1233 2443 1307 2508 fidei
1330 2444 1538 2510 aemulorum

254 2548 367 2609 fraude
384 2545 560 2628 vitieturss),
584 2545 661 2609 lieet
683 2544 716 2608 in
740 2546 893 2610 eeclesiae
914 2549 989 2610 tuae
1011 2546 1136 2630 possint
1158 2545 1285 2610 scriniis
1305 2545 1465 2631 inveniri,
1487 2552 1537 2612 ta·

256 2670 330 2712 meu
358 2647 552 2730 exemplaria
580 2647 740 2729 misimuS,
779 2670 860 2730 quae
882 2648 995 2731 pietati
1024 2648 1123 2732 ipsius
1152 2647 1375 2734 properabisl)
1403 2649 1534 2714 offerre.

255 2748 342 2813 Nota
365 2770 502 2832 namque
525 2752 558 2812 et
585 2749 731 2813 omnibus
760 2749 827 2813 illic
855 2749 1066 2834 potestatibus
1090 2750 1261 2832 celebrata,
1290 2771 1374 2834 quae
1397 2755 1538 2817 mactae

256 2852 428 2915 memoriae
450 2850 674 2934 praedecessor
696 2874 783 2915 meus
808 2851 870 2915 Leo
893 2852 932 2915 ad
957 2852 1224 2917 consultationem
1246 2855 1407 2936 augustae
1431 2875 1537 2920 reeor-

232 2996 236 3004 -
256 2953 396 3018 dationis
420 2953 535 3017 Leonis
557 2954 721 3037 scripserit
731 2955 781 3039 ¹⁰),
806 2957 838 3018 et
860 2976 956 3038 quam
972 2961 1163 3019 veneranter
1185 2958 1318 3038 accepta
1340 2955 1424 3040 sint,
1449 2978 1537 3023 reoo

255 3060 430 3141 gnoscant:
455 3059 610 3138 appareat
632 3057 688 3137 sic,
713 3060 749 3119 ut
771 3056 969 3138 confidimus
993 3056 1062 3139 ejus
1084 3056 1228 3121 imitator
1241 3056 1327 3138 fidei,
1353 3057 1450 3143 cnjus
1465 3080 1537 3144 pro
1589 3062 1594 3077 ‘

256 3156 394 3241 pitiante
410 3157 478 3221 Deo
500 3157 630 3242 dignior
652 3161 701 3221 est
722 3179 885 3222 successor
900 3158 1036 3242 imperii,
1060 3158 1183 3243 sibique
1198 3158 1355 3242 scriptum
1370 3162 1536 3244 aestimet,

259 3316 347 3323 *-
373 3317 380 3321 .
398 3317 460 3322 -.4--

323 3381 345 3447 ⁵)
363 3378 534 3432 Nominatim
549 3377 698 3432 Caelestini
716 3380 745 3432 et·
762 3377 874 3445 Leonis,
893 3380 988 3432 contra
1006 3395 1124 3446 quornm
1142 3385 1284 3434 ‹lactriuam
1301 3385 1444 3450 amputare
1461 3388 1539 3450 aesca

257 3462 503 3527 dicitur,rnaxi111e
521 3463 670 3532 postquam
688 3460 759 3515 illius
778 3463 905 3517 doctrina
923 3464 958 3517 ab
977 3464 1117 3533 Ephesiae
1136 3465 1260 3530 concilio,
1281 3464 1363 3520 istius
1381 3483 1403 3521 a
1421 3465 1539 3523 Calche-

257 3548 373 3601 donensi
396 3565 428 3601 ac
451 3564 558 3601 summo
578 3547 898 3602 omniumcealesiarum
922 3566 1056 3603 consensu
1075 3549 1258 3618 comprobata
1282 3552 1333 3604 eat.
1369 3549 1427 3605 Vel
1449 3551 1539 3608 etiam

255 3639 483 3701 praedecessorum
500 3632 611 3685 nomine
629 3632 750 3685 Leonem
768 3631 899 3701 intelligit
918 3640 946 3688 et
961 3634 1086 3688 Hilarum
1104 3637 1220 3704 propter
1238 3633 1414 3689 decretalem
1433 3636 1539 3707 episto

257 3717 322 3781 lam,
341 3734 397 3784 qua
412 3737 462 3786 per
479 3723 619 3771 uniuersum
637 3720 763 3770 Orientem
784 3717 870 3771 missa
888 3722 1116 3774 Calchedoneasem
1136 3724 1259 3786 aquodam
1276 3735 1310 3773 ao
1328 3730 1423 3775 eam
1440 3726 1540 3779 laconis

259 3802 434 3856 confirmasse
452 3801 480 3854 in
498 3801 570 3856 libro
587 3801 740 3871 pontificali
758 3801 866 3856 dicitur.
897 3804 928 3857 ln
946 3804 1073 3872 sequenti
1092 3803 1211 3872 epistola
1228 3808 1284 3856 nd
1302 3803 1407 3859 lecturi
1425 3822 1537 3871 sumus:

259 3892 333 3952 Quod
349 3893 499 3955 apostolicis
517 3887 554 3953 (h.
568 3903 591 3939 e.
611 3886 883 3955 apostolicae‘sedisl
905 3892 1017 3942 inanitus
1035 3909 1088 3942 ram
1105 3895 1255 3943 autumatis
1274 3893 1414 3945 Ecclesiae
1430 3910 1540 3948 asem

258 3978 314 4026 acie
331 3979 420 4026 acerait
437 3978 597 4042 evangelicae
611 3976 690 4037 salcis
707 3976 817 4037 abscidi,
840 3979 949 4040 ciperem
972 3993 1021 4026 aaa
1043 3985 1129 4042 potest
1150 3993 1248 4029 sumere
1272 3981 1439 4031 remetiar.
1477 3976 1540 4042 Qua

258 4055 367 4111 ratione
385 4058 519 4122 tinuatur,
537 4059 615 4111 nefas
635 4074 694 4109 esse
712 4056 863 4126 disceptari
880 4059 930 4111 aut
942 4059 1098 4123 retractari,
1117 4056 1192 4126 quod
1204 4057 1291 4112 totius
1302 4058 1452 4118 Ecclesiae
1464 4063 1543 4133 judi·

259 4142 301 4197 cio
320 4159 377 4210 seu,
395 4144 427 4197 ut
445 4143 585 4212 cumipse
603 4143 704 4210 loquar
720 4142 860 4211 pontifice,
878 4149 1028 4198 aniversalis
1042 4147 1174 4197 Ecclesiae
1192 4162 1298 4197 assensa
1316 4143 1468 4202 delinitum
1488 4152 1539 4205 est.

326 4231 347 4295 ⁶)
366 4229 410 4282 lta
427 4230 460 4281 (3¹
476 4228 523 4293 G²;
543 4227 585 4280 ed.
604 4230 766 4296 subrepatur.

326 4317 347 4380 ⁷)
366 4313 409 4366 lta
431 4313 584 4367 vocabatur
602 4312 765 4366 Timotheus
787 4312 903 4367 Aelurus
925 4320 1042 4383 propter
1060 4315 1174 4368 caedem
1196 4312 1322 4383 episcopi
1341 4316 1386 4369 sui
1407 4317 1542 4388 Protarii,

260 4397 337 4464 cujum
355 4397 449 4452 sedem
467 4399 566 4466 postea
583 4397 692 4451 invasit.

328 4484 348 4549 ⁵)
367 4482 422 4535 bc⁷
432 4499 489 4550 seq.
509 4489 635 4537 vitientur.
663 4482 760 4535 Melius
779 4481 815 4536 ad
828 4488 892 4550 fidei
907 4490 1041 4552 intepriras
1058 4485 1178 4539 refertur
1193 4484 1246 4539 hoc
1263 4485 1395 4553 verbum,
1415 4489 1486 4547 lieet
1501 4508 1543 4547 se-

260 4582 347 4634 quens
365 4574 464 4635 paratur
482 4566 517 4620 ad
537 4574 696 4635 exemplaria
714 4569 830 4636 spectet.

328 4655 349 4715 ⁹)
368 4651 424 4705 bc'
441 4656 613 4721 praeparabis
631 4658 733 4722 offerri,
757 4652 833 4706 nulla
859 4658 1014 4722 apparente
1031 4656 1153 4722 ratione,
1179 4674 1229 4710 cur
1252 4656 1433 4727 primigenia
1455 4660 1544 4717 lectio

261 4737 369 4789 mutata
387 4736 429 4789 sit.

329 4822 361 4888 ¹⁰)
379 4820 545 4958 {repesertim
564 4823 592 4875 iu
610 4822 729 4892 epistola
747 4830 802 4887 165,
820 4824 847 4877 in
861 4842 916 4891 qua
928 4826 1136 4881 accirratissima
1153 4830 1182 4879 et
1194 4825 1395 4900 elimatissima
1413 4831 1481 4888 lldei
1500 4849 1545 4889 ex·

261 4904 363 4975 positio
402 4907 509 4959 uetur.
