3204 5506
643 126 816 178 srrsrom
840 116 891 175 15.
1009 126 1012 132 ·
1342 112 1403 178 271

208 279 356 346 odbodoran
376 279 466 347 fidem
502 281 757 348 consentientem
792 277 927 346 haberet
955 302 1138 364 assensum,
1175 281 1404 366 quoamplius
1417 291 1534 357 (asso.)

205 381 513 469 mumnbndderstur,
536 384 681 468 expetiit.
1283 366 1296 391 ‘

260 482 282 547 l.
318 483 499 551 (iratissimis
536 487 638 571 igitur
672 486 923 571 professionibus
961 484 1055 569 hujus
1090 489 1121 549 et
1157 486 1239 549 rotis
1277 487 1405 571 copiosa

72 614 79 623 ·
167 672 176 682 .
200 583 295 649 lectiam
309 587 477 671 patefactis,
505 611 579 653 mox
601 591 638 653 ut
660 589 758 653 etiam
780 589 862 652 filios
885 608 971 652 meos
994 588 1097 652 saneti
1120 588 1275 672 propositi
1296 611 1404 653 mona-

198 684 249 749 dos
262 688 358 770 pariter
376 690 500 755 venisse
523 691 684 775 conspexi,
708 690 915 754 difficultates
933 712 1052 774 omnes,
1077 712 1158 774 quae
1179 690 1328 774 primitus
1348 679 1404 754 bb·

194 788 336 874 strepebsut,
362 790 423 857 hac
445 791 564 857 credidi
586 792 794 877 dispositione
823 792 987 856 submotas
996 794 1033 878 ⁴),
1063 795 1160 876 atque
1182 792 1253 855 ideo
1275 793 1404 857 venien-

191 888 249 954 tibus
264 892 368 957 clericis
389 916 443 959 eas
463 898 593 978 praeter
615 894 879 959 consuetudinem
900 894 1038 958 sociatas
1054 914 1122 956 esse
1137 914 1299 976 personae,
1323 917 1404 978 quac

64 1035 92 1077 :3
187 987 253 1055 Petro
268 993 309 1057 rel
328 996 447 1062 Acacio
468 1019 534 1061 non
564 997 816 1062 communicasse
838 996 1032 1078 viderentur,
1062 999 1098 1059 ut
1118 995 1245 1058 illorum
1268 997 1404 1060 nomini·

187 1089 224 1156 lus
242 1098 439 1181 sequestratis,
468 1120 526 1182 per
553 1121 632 1184 quos
660 1098 846 1164 scandalum
876 1098 1065 1182 contigisset
1093 1097 1250 1179 ecclesiia,
1279 1097 1405 1161 sincera

64 1244 88 1283 :-
183 1192 290 1281 tduoeps
311 1200 428 1264 caritas
448 1201 643 1284 proveniret.
689 1200 810 1276 Quibus
833 1201 894 1264 rite
916 1200 1094 1284 perpensis,
1119 1198 1200 1262 nihil
1223 1199 1308 1262 aliud
1325 1199 1403 1263 mihi

182 1303 305 1383 supererat
329 1301 519 1386 gratrrlanti,
550 1302 613 1367 nisi
642 1302 760 1384 uthis,
790 1303 844 1387 qui
867 1304 999 1367 fuerant
1024 1301 1186 1381 ‹lestinati,
1211 1301 1404 1384 apostolieae

181 1397 234 1464 etis
255 1404 429 1468 communio
454 1404 644 1468 traderetur.
695 1403 757 1469 Sed
792 1427 888 1488 quum
916 1426 974 1487 pro
1005 1404 1163 1468 catholiea
1190 1403 1251 1466 fide
1280 1404 1403 1467 carrtins

65 1558 75 1591 :-
180 1498 348 1588 tlnonerern,
377 1508 415 1570 ut
435 1505 647 1590 suscipientes
673 1528 744 1570 eam
766 1528 799 1569 se
822 1528 841 1569 a
864 1506 1024 1570 consortio
1051 1505 1252 1568 retraherent
1275 1506 1404 1570 damna-

67 1656 82 1692 ..
179 1602 255 1686 brun,
273 1629 339 1671 non
360 1607 424 1671 sibi
445 1607 506 1672 hoo
528 1607 717 1672 mandatum
739 1608 871 1672 omnino
893 1608 1052 1671 dixerunt.
1091 1606 1160 1681 Qua
1182 1629 1288 1670 rerum
1303 1608 1404 1672 diver-

67 1764 76 1778 ,.
178 1700 432 1793 despumatum
453 1710 585 1774 anxium
606 1731 657 1773 me
686 1709 826 1775 haesisse
852 1711 1013 1793 profiteor,
1044 1731 1141 1793 quum
1170 1708 1255 1771 aliud
1277 1708 1404 1774 litterae

69 1860 86 1879 ,,
178 1805 260 1891 dipsa
279 1831 385 1875 rerum
408 1812 492 1876 ratio
514 1811 757 1895 demonstraret,
787 1816 819 1876 et
845 1812 931 1875 aliud
954 1815 1201 1874 memoratorum
1225 1811 1404 1874 contineret

177 1911 277 1976 matio.
321 1912 504 1998 Puramque
531 1913 641 1977 rolens
671 1936 742 1978 cmn
765 1935 812 1997 eo,
842 1914 896 1997 qui
919 1914 1064 1996 pontifex
1092 1916 1216 1976 creatus
1239 1914 1401 1995 asseritur,

66 2060 91 2097 ,···.
175 2004 228 2075 lure
244 2014 454 2099 eoncordiam,
477 2015 599 2100 gloriae
621 2021 746 2080 vestrae
769 2037 942 2100 suggerere
965 2015 1143 2098 properavi,
1167 2018 1204 2078 ut
1225 2015 1306 2078 nihil
1328 2016 1404 2079 resi-

66 2190 87 2203 *
173 2105 221 2177 tere
240 2117 425 2200 patiamini,
463 2140 526 2201 quo
554 2121 658 2182 denno
691 2118 865 2202 quidquam
896 2116 1004 2179 valeat
1039 2116 1246 2179 dissensionis
1275 2118 1402 2182 oboriri.

171 2208 319 2285 triadum
346 2241 404 2302 per
426 2220 582 2303 synodum
605 2219 908 2300 Calchedonensem,
937 2241 1032 2303 quarn
1056 2241 1089 2281 se
1112 2219 1231 2281 dudum
1252 2219 1369 2283 litteris
1377 2221 1403 2306 5)

74 2407 78 2411 „
165 2311 315 2403 lugeant
337 2324 395 2385 tua
417 2321 588 2385 clementia
610 2321 766 2405 venerari,
791 2321 971 2405 Eutyehem
994 2325 1089 2404 atque
1112 2320 1300 2386 Dioscorum
1330 2344 1405 2386 con·

160 2418 207 2482 set
228 2441 293 2486 esse
320 2421 507 2505 damnatos,
537 2427 569 2505 et
596 2446 705 2487 eorum
734 2427 908 2488 sectatores
936 2423 1082 2506 plurimis
1111 2423 1238 2487 illarum
1266 2425 1404 2507 partium

66 2544 79 2555 ⁵
152 2518 334 2588 documentis
348 2524 535 2589 Timotheus
558 2528 590 2589 et
604 2525 719 2589 Petrus
743 2525 902 2589 exstitisse
925 2528 1154 2607 monstrentur,
1179 2530 1273 2609 atque
1296 2548 1405 2590 eorum

147 2625 391 2690 communionem
414 2627 537 2691 etiamsi
561 2627 756 2710 prohibitam
771 2630 899 2691 secutus
912 2629 1059 2709 Acrrcins,
1084 2650 1161 2712 qnos
1177 2627 1245 2711 ipse
1261 2627 1404 2710 epishrlis

138 2725 200 2790 suis
220 2725 400 2792 haereticos
421 2729 547 2793 dixerat
575 2751 643 2794 esse
671 2729 855 2793 danmatos:
889 2731 1051 2793 sententia
1074 2728 1157 2792 illius
1182 2730 1307 2792 concilii
1331 2751 1405 2792 con-

135 2827 309 2894 vineuntur
329 2829 489 2914 adstringi
518 2833 551 2894 et
572 2831 607 2895 in
628 2831 770 2916 ipsorum
792 2853 929 2915 poenam
952 2832 1064 2894 merito
1087 2831 1247 2912 recidisse,
1271 2852 1404 2913 quorum

128 2930 260 3017 elegere
291 2933 498 3023 consortium,
528 2932 611 2997 sieut
636 2933 671 2996 in
695 2933 807 2997 ceteris
830 2934 1014 2997 haeresibus
1035 2935 1124 2996 facta
1146 2933 1243 2996 semel
1265 2932 1404 3015 synodus

124 3032 254 3117 abjecti
275 3034 449 3116 cujuslibet
476 3035 592 3098 erroris
615 3038 746 3099 cunctis
769 3057 919 3119 sequaces
943 3039 1173 3120 consequenter
1194 3034 1339 3097 involvit.

214 3136 251 3201 3.
294 3133 419 3211 Quaeso
447 3135 557 3222 igitar,
587 3137 825 3221 gloriosissime,
856 3159 916 3201 nee
943 3137 978 3200 in
1005 3137 1239 3200 successoribus
1261 3138 1404 3201 refovere

117 3237 320 3323 judicemur,
344 3237 428 3322 quod
449 3238 655 3303 manifestum
679 3242 727 3302 est
748 3239 782 3302 in
805 3238 987 3302 stratoribus
1009 3240 1108 3302 fuisse
1123 3239 1320 3320 damnatum,
1344 3261 1404 3302 nee

119 3339 220 3407 Petri
245 3343 376 3424 putetur
396 3339 543 3424 legitima
564 3342 747 3425 provenisse
770 3341 930 3426 purgatio,
955 3363 1048 3426 quem
1071 3364 1134 3404 non
1152 3341 1325 3405 secundum
1339 3363 1404 3404 mo-

119 3465 195 3509 rem
232 3446 379 3507 veterum
410 3441 585 3526 apostoliea
612 3443 718 3526 sedes,
755 3466 836 3528 quae
865 3444 990 3528 ligavit,
1027 3444 1171 3508 absolvit.
1224 3443 1292 3508 Scit
1319 3444 1405 3508 enirn

119 3544 323 3612 Christiana
342 3565 434 3609 mens
455 3548 522 3627 tua,
551 3546 743 3610 venerabilis
764 3547 949 3630 imperator,
976 3547 1126 3630 quoniam
1149 3546 1266 3610 delicta
1288 3551 1405 3610 morta·

194 3838 222 3905 ⁴)
240 3831 259 3889 i.
278 3851 304 3890 e.
321 3832 369 3889 ubi
392 3833 519 3902 elericos,
542 3833 590 3904 qui
607 3834 708 3891 Acacio
732 3853 765 3891 ac
783 3835 866 3890 Petro
885 3835 988 3905 Mongo
1007 3835 1140 3890 hactenus
1159 3833 1356 3901 adhaeserant,
1375 3838 1403 3890 et

120 3919 299 3986 monachos,
316 3920 364 3989 qui
380 3936 410 3974 so
428 3919 464 3974 ab
482 3918 624 3988 utriusque
643 3921 835 3975 communione
852 3923 1048 3990 segregarant,
1067 3920 1172 3974 senisse
1186 3920 1327 3990 conspexi,
1348 3938 1403 3975 om·

120 4024 176 4063 ue·
195 4022 256 4061 imo
275 4004 429 4073 eodemque
447 4004 539 4060 animo
557 4006 705 4060 accessisse
720 4005 863 4076 opinatus,
880 4009 939 4059 tam
953 4005 1053 4059 diversi
1067 4005 1149 4058 studii
1167 4021 1312 4074 personas,
1332 4024 1403 4073 quaro

121 4089 235 4146 sonari
251 4091 336 4144 antes
352 4105 410 4143 uon
426 4092 570 4160 poterant,
587 4090 649 4159 jam
666 4093 779 4160 praeter
797 4090 1024 4145 consuetudinem
1042 4089 1161 4143 sociatas
1181 4090 1298 4156 credidi,
1322 4091 1403 4143 adeo-

123 4192 184 4246 que
203 4192 323 4230 mumm
345 4191 403 4243 quo
424 4176 630 4245 separabantur
650 4176 803 4240 sublatum,
826 4175 843 4229 i.
860 4166 887 4230 c.
913 4193 931 4230 a
954 4175 1040 4230 sacris
1059 4174 1198 4244 diptychis
1217 4176 1325 4229 remota
1343 4192 1403 4230 esse

122 4260 248 4316 nomina
264 4274 376 4325 eornm,
397 4275 449 4330 per
471 4277 539 4330 quos
557 4260 712 4315 schismatis
730 4260 891 4315 scandalum
910 4260 1077 4330 contigisset.
1115 4261 1179 4313 Mox
1196 4263 1290 4314 tamen
1309 4278 1403 4315 mona-

123 4347 197 4401 chos
217 4362 275 4400 non
292 4362 310 4399 a
326 4343 439 4400 ravin
459 4347 508 4399 aut
528 4363 579 4416 pro
597 4345 707 4399 Flavita
729 4346 777 4399 sed
795 4345 926 4399 adversus
943 4345 1034 4415 ipsum
1053 4347 1081 4398 et
1099 4346 1136 4399 ad
1153 4345 1326 4415 prodendam
1344 4345 1403 4414 ejus

124 4428 274 4486 fallaciam
286 4429 388 4484 missos
404 4445 464 4484 esse
482 4431 625 4500 comperit,
644 4431 719 4500 quod
735 4433 831 4486 tamen
849 4432 902 4498 hie,
920 4435 952 4485 nt
968 4432 997 4484 in
1010 4431 1151 4500 superiore
1165 4430 1291 4498 epistola,
1310 4434 1403 4485 tercen-

124 4516 197 4571 dum
217 4513 297 4569 dixit.

198 4602 221 4667 ⁵)
239 4599 279 4654 lis
296 4598 420 4665 seilicet,
436 4617 504 4677 quus
521 4601 594 4657 Zeno
612 4602 714 4671 legatis
732 4601 818 4657 Vitari
836 4621 869 4657 ac
887 4602 990 4657 Miseno
1008 4601 1247 4671 Constantinopoli
1266 4600 1403 4656 rerleunti·

125 4686 181 4740 tus
200 4683 365 4739 tradiderat
383 4684 428 4752 (ol.
445 4686 523 4740 notit.
543 4688 623 4757 epist.
643 4688 726 4742 Felie.
743 4689 767 4741 ll
786 4706 839 4742 non
859 4692 976 4742 exstant.
996 4707 1021 4742 n.
1036 4687 1119 4756 l'lll).
