3204 5506
227 337 290 401 680
642 329 643 332 ’
677 349 705 395 s.
723 347 903 396 sruimcnr
926 345 1038 393 aaran

121 548 213 598 a501.
276 540 317 604 V.
358 536 635 617 Anagrrosticum
656 536 753 617 regis
776 534 992 600 Theudorici
1014 533 1059 599 ad
1080 533 1272 616 synodum,
1292 535 1405 602 missen

676 638 715 702 in
737 637 863 702 urbem
885 636 1042 703 Romam.

361 774 533 838 Primum
556 773 759 838 salutandi
782 773 976 856 episcopi,
1002 775 1040 837 et
1061 772 1266 838 dicendum
1287 775 1351 840 eis:

316 895 365 958 14.
397 893 548 977 Causam,
584 915 663 978 quae
693 895 815 977 agitur,
850 892 875 956 si
899 892 977 957 mihi
999 892 1103 957 visum
1122 893 1239 958 fuisset
1259 897 1313 958 aut
1327 894 1450 978 justitian

228 996 409 1076 habuisset,
432 997 469 1057 ut
491 1017 550 1078 ego
572 995 751 1059 debuissem
774 995 882 1058 audire
905 1017 977 1058 cum
998 995 1182 1078 proceribus
1203 995 1315 1080 palatii
1333 997 1399 1080 mei,
1415 1019 1453 1081 po

229 1103 353 1163 tueram
376 1099 515 1160 tractare
538 1097 617 1183 et¹¹)
637 1096 792 1178 judicare,
816 1097 972 1180 quomodo
995 1100 1027 1160 εὴ
1047 1095 1115 1161 Deo
1139 1097 1311 1181 placuisset
1331 1101 1363 1162 ct
1380 1104 1458 1182 poste

230 1199 319 1264 rituti
341 1199 503 1283 ingratum
526 1222 591 1263 non
613 1198 736 1262 fuisset.
782 1197 843 1262 Sed
865 1199 939 1283 quia
962 1221 1058 1262 causa
1086 1201 1134 1263 est
1156 1198 1218 1263 Dei
1240 1202 1274 1264 et
1296 1199 1463 1282 clericorum,

231 1302 362 1384 ideoque
384 1300 476 1363 modo
499 1301 538 1365 ad
560 1301 748 1384 petitionem
771 1305 900 1364 senatus
923 1300 972 1364 vel
996 1301 1072 1364 cleri
1094 1300 1157 1365 feci
1179 1323 1219 1366 ex
1234 1301 1366 1367 disemis
1381 1303 1469 1367 cirita

230 1403 316 1467 tibus
340 1402 507 1465 convenire
531 1402 708 1466 antistites:
738 1402 824 1466 velut
845 1402 913 1466 Deo
934 1403 1055 1487 medio,
1084 1404 1261 1468 secundum
1282 1405 1368 1489 quod
1386 1405 1478 1491 legitis

231 1505 265 1568 in
289 1504 454 1588 evangelio
477 1508 510 1568 et
532 1504 675 1588 apostolo
697 1505 736 1567 ad
760 1503 955 1586 Corinthios,
986 1503 1046 1569 hoc
1074 1506 1266 1590 sequamini.
1312 1505 1439 1591 Nam¹²l
1461 1509 1484 1572 si

215 1621 336 1670 'meum
359 1605 501 1669 animum
523 1607 700 1690 requiritis,
729 1609 765 1670 ut
786 1606 929 1691 superius
952 1606 1033 1689 dixi,
1063 1628 1144 1691 quae
1166 1607 1333 1692 praecipit
1354 1608 1490 1674 Deusin

232 1708 414 1793 evangelio,
444 1708 504 1772 hoc
527 1708 712 1793 sequamini.
758 1707 887 1772 sivero
914 1709 1004 1772 vobis
1031 1709 1134 1773 visum
1155 1709 1258 1773 fuerit
1285 1710 1360 1776 sine
1388 1712 1494 1776 dicem

232 1812 321 1875 sione
344 1832 471 1873 causam
493 1810 602 1894 finire,
632 1810 734 1895 aut¹³)
758 1810 898 1874 discussa
927 1813 983 1874 aut
1004 1810 1199 1894 indiscussa,
1234 1814 1500 1896 quemadmodum

232 1915 334 1978 visum
356 1913 445 1976 vobis
468 1912 580 1993 fuerit,
600 1912 753 1995 judicate.
798 1911 903 1976 lisam
925 1934 1094 1997 personam
1116 1912 1219 1977 nolite
1242 1918 1414 2000 metuere,
1442 1917 1502 1981 red·

232 2016 329 2080 ditari
351 2015 507 2079 rationem
536 2017 610 2077 ante
634 2016 840 2097 conspectum
862 2013 937 2077 Dei:
966 2017 1094 2078 tanturn
1120 2019 1157 2079 ut
1183 2019 1364 2100 senatum,
1395 2000 1507 2085 clerum

233 2120 266 2182 et
286 2117 438 2201 populum
458 2116 627 2199 pacificum
649 2115 834 2199 dimittatis,
869 2120 902 2180 et
929 2116 1012 2200 quod
1035 2116 1263 2198 judicaveritis
1296 2121 1455 2188 scribatis
1463 2123 1508 2208 ¹⁴).

233 2219 299 2282 Nos
322 2219 408 2282 enim
430 2218 489 2283 hoc
511 2218 714 2301 probabimus
742 2239 798 2280 vos
826 2218 907 2282 bene
935 2214 1098 2301 ordinare,
1132 2219 1160 2282 si
1188 2220 1338 2305 populo,
1376 2225 1509 2307 senatui,

234 2320 317 2384 clero
339 2341 450 2402 pacem
472 2321 632 2404 integram
661 2318 810 2382 reddatis.
856 2317 945 2393 Quod
968 2319 995 2382 si
1017 2319 1148 2384 minime
1168 2320 1338 2408 feceritis,
1370 2327 1511 2392 ostende

233 2422 274 2485 tis
297 2443 352 2485 vos
374 2421 429 2484 uni
451 2422 536 2504 perti
558 2421 685 2485 favisse.
720 2420 846 2483 Nullius
870 2443 946 2505 ergo
968 2442 1137 2504 personam
1160 2425 1241 2487 ante
1264 2425 1386 2491 oculos
1402 2426 1512 2493 habes-

233 2523 292 2606 tis,
324 2523 482 2607 quamviS,
517 2523 544 2586 si
571 2523 660 2586 uobis
695 2522 808 2606 aliquis
841 2522 997 2586 violenter
1028 2522 1124 2587 vellet
1156 2546 1243 2610 quae
1281 2528 1418 2613 injusta
1445 2535 1530 2596 sunt-

234 2625 406 2708 imponere,
431 2624 570 2688 remissis
580 2626 617 2709 15)
640 2625 734 2688 rebus
750 2625 863 2689 vestris
876 2624 1035 2708 justitiam
1050 2625 1213 2692 custodire
1229 2628 1401 2697 debeatis.
1435 2631 1514 2697 Nam

235 2725 327 2789 multi
350 2729 382 2788 et
403 2729 526 2789 vestrae
549 2729 581 2789 et
603 2730 730 2790 nostrae
753 2727 918 2812 religionis
941 2727 1080 2810 episcopi
1102 2732 1241 2812 propter
1255 2730 1325 2797 Dei
1350 2755 1466 2799 causas
1486 2738 1515 2799 et

236 2828 273 2890 de
296 2828 437 2890 ecelesiis
466 2831 499 2891 et
526 2827 564 2890 de
593 2828 685 2892 rebus
713 2829 777 2892 suis
795 2828 912 2912 jactati
935 2832 1026 2911 sunt,
1062 2832 1093 2892 et
1120 2833 1236 2895 tamen
1267 2832 1404 2900 vivunt.
1450 2835 1515 2922 Ego

235 2951 301 2993 non
322 2929 423 2992 solum
444 2928 584 3012 impona,
609 2929 663 2993 sed
686 2930 782 2993 etiarn
805 2952 893 3015 roge,
917 2934 953 2994 ut
973 2930 1110 3014 faciatis,
1135 2953 1222 3016 quae
1238 2932 1337 3001 Deus
1354 2939 1516 3023 praecepit

237 3034 371 3116 atquae
393 3031 517 3116 legistis
544 3030 578 3094 in
607 3032 773 3116 euangelio
802 3035 834 3095 et
862 3032 1014 3118 apostolo.
1060 3031 1093 3097 si
1116 3034 1229 3098 autem
1251 3037 1427 3105 discutitis
1450 3062 1515 3104 cau·

183 3152 186 3157 ·
237 3156 321 3215 sam,
351 3134 401 3196 vel
429 3132 488 3196 sub
516 3132 622 3216 aliquo
651 3133 755 3197 colore
766 3134 802 3218 16)
831 3134 942 3198 melius
971 3156 1099 3199 causam
1122 3134 1301 3218 judicatis.
1352 3140 1389 3207 Si
1413 3145 1515 3207 autem

236 3372 328 3439 fultus,
346 3372 436 3425 totum
453 3389 504 3440 pro
522 3369 700 3440 inscriptione
718 3371 834 3425 subnexi
852 3370 947 3440 scripti
965 3371 1044 3440 ponit
1061 3371 1114 3426 hoc
1131 3373 1234 3429 modo:
1265 3379 1382 3446 Syma
1402 3389 1515 3437 ecclesi..

235 3465 298 3512 stico
322 3463 359 3510 air·
380 3461 525 3524 spectabilis
544 3461 730 3524 Anapaoslicas
751 3463 827 3524 repis.
870 3455 975 3510 Deinde
998 3455 1202 3512 adtendimus.
1247 3460 1296 3517 Al.
1324 3470 1462 3522 dicendum
1483 3474 1515 3523 eis

236 3563 314 3596 causa
332 3562 395 3612 qaae
414 3549 505 3610 upiirtr.
542 3545 646 3593 Simili
663 3553 710 3597 etc.

308 3630 337 3692 ¹¹)
355 3626 405 3679 Ed.
426 3625 556 3679 omittunt
575 3631 734 3693 adjudicare
753 3628 781 3679 et
799 3644 861 3680 mox
878 3632 931 3695 feci
954 3628 1049 3696 (quare
1068 3629 1093 3681 (ι’
1106 3629 1135 3680 al
1150 3629 1259 3697 postea
1283 3635 1441 3692 mutarunt
1461 3659 1514 3694 cas·

236 3714 346 3778 venere),
365 3711 399 3764 Fd
418 3723 450 3772 et,
469 3711 487 3764 b
506 3722 532 3762 ut
551 3722 574 3764 et
594 3711 665 3778 (loco
683 3714 767 3778 veltet).

305 3798 335 3864 ¹²)
354 3794 418 3848 Feb
438 3795 570 3849 omittunt
588 3800 652 3848 Nam
668 3803 692 3849 si
709 3826 741 3834 —
759 3803 905 3866 sequamini.
943 3800 968 3850 c⁹
987 3802 1130 3867 requiretis.

305 3883 335 3947 ¹³)
353 3881 396 3934 lta
413 3880 444 3933 B¹
459 3881 515 3946 ΚΗ,
534 3883 562 3934 εὴ
575 3881 725 3935 concordat
737 3898 821 3951 supra
833 3901 858 3935 n.
869 3888 898 3936 13
917 3889 967 3936 siae
985 3888 1098 3936 discussa
1115 3887 1169 3937 siae
1188 3890 1348 3944 indacum
1360 3911 1444 3947 causa
1458 3914 1513 3963 pn·

234 3972 303 4034 ferte
321 3972 477 4020 sententiam.
513 3965 569 4019 Alii
587 3978 630 4019 aut
648 3972 785 4020 discussum
804 3979 849 4021 aut
866 3973 1041 4027 indiscissam,
1061 3967 1090 4020 et
1108 3966 1248 4024 omittunt
1267 3988 1340 4029 mox
1357 3981 1441 4032 υοὸὺ,
1468 3977 1514 4033 De

236 4051 299 4106 inde
318 4051 352 4103 Fl
371 4050 510 4120 sequimur
529 4054 633 4117 (tantam
652 4054 695 4119 el),
713 4051 761 4104 ubi
780 4051 815 4105 al.
835 4063 1037 4108 contumescat.

306 4138 335 4205 ¹⁴)
355 4134 418 4189 Scil.
442 4137 473 4189 ut
495 4137 644 4206 ipsummet
667 4136 700 4190 de
719 4136 825 4205 judicio
848 4154 896 4191 suo
919 4137 1065 4191 certiorem
1086 4137 1204 4193 faciant.
1247 4139 1321 4198 Mox
1344 4145 1419 4202 editi
1439 4160 1513 4203 aaa·

236 4222 296 4278 loco
315 4227 386 4278 enim.

305 4310 336 4376 ¹³)
355 4307 386 4359 B¹
401 4306 434 4359 F¹¹
454 4312 572 4369 reinissis,
591 4307 625 4361 al.
646 4313 734 4364 missis,
771 4308 889 4377 Moxque
908 4307 955 4362 alii
972 4307 1054 4362 simili
1071 4307 1180 4363 librarii
1199 4326 1304 4369 enare
1322 4325 1443 4387 replestis
1458 4318 1513 4373 laea

236 4398 367 4462 relipionia
379 4392 441 4459 (B1).
474 4391 553 4446 Certe
572 4392 738 4447 Theoderici
756 4395 785 4447 et
803 4393 995 4463 episcoporum
1007 4394 1111 4448 Romae
1130 4402 1386 4468 congregatorum
1404 4403 1514 4459 adrem

214 4493 291 4530 'non
310 4478 369 4531 erat
387 4484 456 4546 rapio
475 4477 524 4531 sed
541 4484 637 4546 relipio.
675 4477 774 4546 Sicque
797 4478 842 4532 illc
865 4479 1028 4548 religionem
1050 4495 1097 4532 seu
1119 4480 1230 4536 sectam
1249 4484 1410 4557 Artenam,
1436 4506 1514 4560 qm

236 4563 428 4632 profitebatur,
447 4579 464 4617 a
482 4563 618 4617 catholica
636 4562 805 4632 distinguere
823 4563 941 4630 videtur,
959 4564 1075 4619 fortmso
1087 4566 1307 4634 persecutiones
1320 4569 1514 4629 Constantino

237 4647 391 4718 politanam
410 4649 438 4700 et
455 4647 638 4702 Vandalicam
656 4648 778 4703 innuens.

308 4735 335 4800 ¹⁰)
354 4733 397 4786 lta
414 4733 445 4786 ΒΙ
460 4733 493 4784 Fd
508 4734 525 4786 b
539 4736 572 4798 0⁰,
591 4733 642 4786 nisi
660 4734 733 4803 quod
752 4734 785 4787 Εὐ
805 4756 890 4800 ineam,
909 4735 943 4789 al.
964 4741 1056 4790 caeliae.
1091 4734 1139 4789 14¹²
1158 4743 1286 4797 calorem.
1326 4740 1408 4800 Satis
1424 4744 1515 4816 aperte

210 4844 215 4855 ι
239 4816 320 4870 docet
338 4817 537 4885 Theodoram,
557 4818 701 4872 concilium
719 4819 816 4873 melius
834 4821 983 4887 iacturum,
1005 4820 1028 4875 si
1045 4819 1171 4877 discussa
1190 4839 1284 4882 causa
1297 4827 1443 4897 judicium
1457 4846 1515 4900 pm

239 4903 321 4969 serat,
355 4904 404 4959 aut
426 4902 449 4957 si
471 4920 547 4957 secus
569 4904 649 4973 agat,
678 4921 733 4959 non
759 4905 976 4976 prohibitarum,
1006 4903 1154 4976 quominus
1179 4908 1329 4979 objiciant
1360 4913 1516 4977 auverarii.
