3204 5506
557 340 751 390 saissonis
776 332 824 390 16.
850 332 898 390 17.
1139 333 1157 360 ·
1306 329 1367 394 169

72 495 182 558 tertio
205 473 373 560 calendas
398 493 557 578 Januarii,
588 493 744 559 Basilisco
773 497 806 559 et
827 495 1050 561 Herminerico
1078 497 1154 562 viris
1183 498 1367 565 clarissimis
1379 524 1404 563 a.
1415 512 1474 563 465.

75 596 289 662 consulibus.

523 716 525 720 v
600 784 784 888 Epistola
809 786 862 869 17.

292 936 418 1004 Hilari
439 953 551 1022 papae
572 937 617 1005 ad
639 935 832 1006 Ascanium
853 938 1165 1008 Turramnenscm.
1376 953 1491 1019 (9499.)

10 1079 67 1159 μ
111 1077 149 1128 Se
168 1078 268 1127 nitori
285 1083 457 1136 contestatus,
484 1079 554 1144 quod
570 1078 697 1129 Ascanius
715 1078 942 1130 Barcinouearium
958 1082 1044 1130 studia
1059 1082 1167 1144 suomi,
1196 1081 1332 1132 Irenaeum

10 1168 12 1195 ²
112 1165 152 1213 cd
165 1164 314 1228 propriam
325 1164 456 1214 eeclesiam
467 1163 653 1237 rwerttjatet,
671 1165 800 1228 episcopis
815 1180 875 1215 cero
887 1166 942 1215 siue
954 1180 1077 1215 99999999
1088 1166 1196 1215 Ascanii
1206 1168 1332 1217 ordinatis

454 1250 525 1298 utin
543 1249 606 1298 locis
622 1250 677 1298 cuir
692 1255 861 1314 permaneant
879 1251 1000 1315 indutpet.

239 1380 530 1446 Dilectissimo
561 1380 681 1446 fratri
704 1381 882 1446 Ascanio
904 1381 1070 1446 Hilarus
1094 1382 1316 1468 episcopus.

165 1500 197 1565 l.
240 1498 386 1564 Divinae
414 1500 498 1565 circa
530 1522 590 1564 nos
618 1499 744 1586 gratiae
772 1522 927 1565 memores
950 1522 1019 1566 esse
1041 1502 1201 1584 debemus,
1231 1503 1365 1587 quinos

78 1625 134 1689 per
155 1601 374 1688 dignationis
395 1623 470 1667 suae
492 1601 743 1667 misericordiam
765 1603 806 1667 ob
828 1590 889 1667 hb'c
917 1604 957 1667 ad
978 1603 1146 1688 fastigium
1168 1605 1365 1670 sacerdotale

78 1704 244 1790 prorexit,
268 1706 311 1769 ut
326 1703 489 1768 mandatis
511 1704 611 1790 ipsius
633 1705 838 1770 inhaerentes
861 1709 893 1770 et
915 1705 950 1770 in
972 1706 1109 1790 quadam
1131 1707 1332 1772 sacerdotum
1342 1709 1365 1793 ¹)
1458 1772 1462 1781 ,

77 1809 144 1891 ejus
166 1805 315 1892 specula
343 1806 520 1889 constituti,
549 1807 774 1891 prohibeamus
802 1807 916 1872 illicita
943 1811 975 1871 et
1001 1809 1162 1892 sequenda
1184 1808 1364 1875 doceamus.

77 1908 171 1976 Unde
195 1907 341 1974 directis
370 1929 428 1992 per
449 1907 626 1993 Trajanum
652 1908 882 1974 subdiaconum
909 1914 1054 1974 nostrum
1076 1911 1193 1975 litteris
1216 1911 1365 1976 admone·

75 2034 156 2096 mus,
187 2014 232 2077 ut
254 2031 344 2095 quae
371 2009 454 2082 male
480 2014 556 2075 sunt
576 2010 665 2075 facta
687 2011 901 2096 cortigantur.
939 2011 984 2077 Et
1005 2011 1159 2076 miramur
1183 2013 1363 2095 admodum,

75 2113 299 2178 dilectionem
320 2116 412 2177 tuam
432 2111 719 2177 Barcinonensium
740 2113 912 2197 petitiones
934 2136 1001 2177 non
1024 2114 1124 2177 solum
1148 2114 1236 2178 nulla
1258 2118 1365 2179 aucto:

75 2216 172 2281 ritate
197 2213 416 2301 retudisse),
439 2214 662 2279 verumetiam
684 2214 814 2280 directis
837 2215 878 2279 ad
901 2238 959 2279 nos
982 2215 1098 2279 litteris
1122 2219 1366 2281 consummatio-

74 2341 146 2383 nem
175 2317 285 2403 pravi
310 2311 460 2380 desiderii
487 2316 681 2400 postulasse,
711 2316 891 2381 adhibendo
916 2312 953 2381 'in
976 2318 1183 2401 epistolarum
1204 2319 1366 2402 prooemio

74 2419 210 2485 concilii
238 2417 455 2502 mentionem,
478 2421 642 2503 tamquam
659 2418 771 2503 ctdpae
794 2420 1013 2484 minuerentur
1028 2442 1173 2484 excessus
1188 2442 1247 2504 per
1261 2421 1366 2485 multi-

71 2523 230 2589 tudinem
254 2519 498 2605 imperitorum:
527 2542 623 2605 quum
645 2521 672 2584 si
695 2520 792 2585 etiam
814 2522 872 2586 sub
894 2508 1132 2606 significatione
1153 2523 1367 2607 unusquisque

69 2626 116 2691 sui
140 2623 307 2691 nominis
330 2623 436 2686 tecum
458 2620 580 2706 pariter
600 2622 772 2706 retulisset,
797 2627 830 2687 et
857 2622 1107 2707 subscriptiones
1134 2624 1281 2708 proprias
1302 2625 1366 2688 fra·

66 2738 134 2794 tres
141 2729 174 2816 ³)
193 2724 335 2811 singuli
351 2724 615 2808 commodassent,
639 2724 842 2790 dilectionem
857 2727 967 2789 tamen
981 2729 1071 2789 tuam
1086 2724 1143 2808 rei,
1167 2725 1283 2809 deque
1305 2726 1367 2790 dis-

62 2832 183 2917 plicet,
222 2847 361 2892 summa
381 2827 548 2912 tangebat,
577 2825 652 2911 quia
679 2848 737 2911 pro
768 2827 837 2891 loco
860 2826 1034 2891 ethonore
1056 2826 1116 2890 tibi
1139 2826 1246 2891 debito
1270 2829 1368 2893 ceteri

59 2932 273 2999 sacerdotes
299 2928 436 2994 docendi
456 2928 586 2993 fuerant
607 2950 674 2992 non
696 2927 888 3014 sequendi.⁴)
933 2928 1026 2994 Unde
1049 2928 1131 2993 sicut
1153 2928 1188 2993 in
1209 2930 1368 3014 generali·

58 3036 124 3101 bus
148 3030 295 3099 litteris
316 3029 469 3110 indicavi,
496 3028 648 3095 Irenaeus
677 3029 718 3094 ad
745 3029 908 3114 propriam
930 3034 1108 3094 revertatur
1130 3031 1308 3114 ecclesiam,
1336 3036 1368 3096 et

57 3131 424 3218 Barcinonensibusl)
446 3131 486 3197 da
508 3154 565 3197 suo
588 3132 672 3196 clero
694 3133 839 3216 protinus
856 3136 1059 3198 consecretur
1076 3132 1222 3216 antistes,
1247 3133 1298 3197 cui
1319 3136 1366 3197 ta·

53 3262 144 3306 men
170 3236 318 3303 statuta
341 3255 499 3300 canonum
521 3237 554 3298 et
576 3234 752 3318 apostolica
774 3237 946 3319 praecepta
969 3234 1172 3299 concordent.

155 3340 197 3405 2.
251 3335 303 3403 Et
324 3334 402 3402 licet
423 3336 468 3421 hi,
497 3335 552 3422 qui
573 3340 702 3422 praeter
724 3335 875 3401 notitiam
896 3340 992 3422 atque
1016 3357 1204 3401 consensum
1226 3339 1300 3400 tuae
1322 3336 1368 3401 di-

49 3558 59 3567 ·
139 3549 165 3607 ¹)
186 3541 279 3597 Editi
287 3546 436 3602 9999999111,
453 3540 660 3609 refragantibus
678 3558 751 3607 mss,
770 3557 888 3609 qnorum
900 3539 1012 3608 quidem
1024 3539 1106 3594 lect-io
1119 3539 1147 3593 id
1160 3542 1249 3606 sonat,
1268 3541 1298 3594 nt
1309 3557 1368 3596 sese

55 3626 290 3687 sacerdotibus
305 3623 497 3695 praepositum
516 3624 591 3679 dicat
608 3623 729 3692 Hilarus,
752 3643 808 3694 quo
832 3641 928 3679 eorum
951 3625 1108 3693 speculetur
1126 3623 1212 3679 vitam
1231 3627 1260 3680 ct
1277 3626 1312 3679 de
1331 3628 1369 3680 of-

55 3717 133 3773 ficio
155 3728 222 3769 suo
242 3710 323 3781 ipsos
341 3709 501 3775 admoneat;
520 3710 554 3764 ct.
573 3709 723 3764 Caelestini
741 3709 851 3779 epistt
870 3729 895 3764 n.
912 3717 933 3764 1.

104 3798 110 3817 ¹
139 3802 167 3867 Υ)
192 3797 232 3851 In
250 3812 320 3849 mss.
333 3806 390 3848 retu
430 3800 484 3849 ἐι.
519 3794 640 3863 Moxque
659 3794 744 3864 lldi¹
760 3800 982 3855 concertationem,
1002 3795 1025 3847 1⁵
1038 3802 1260 3861 conservatorem,
1282 3794 1370 3849 ΟἨ12

55 3890 294 3943 canentium,
312 3879 388 3946 quod
452 3878 520 3934 editi
538 3879 575 3934 ad
592 3896 681 3948 marg.
694 3879 839 3934 Mallemus
851 3885 1072 3946 conflrruarioneru,
1091 3897 1177 3948 quum
1189 3879 1323 3934 Ascanius
1341 3882 1370 3933 et

58 3971 142 4027 socii
164 3968 214 4033 id,
233 3964 316 4035 qnod
333 3965 433 4033 petunt
449 3962 529 4033 epist.
545 3970 577 4019 14
594 3982 621 4017 n.
634 3972 658 4031 2,
677 3964 713 4018 ab
732 3964 827 4018 Hilaro
845 3969 967 4018 rotorart
983 3982 1016 4019 ac
1031 3971 1131 4033 999999·
1148 3964 1315 4019 desiderent.

140 4059 170 4122 ¹)
193 4048 321 4120 vulgati
335 4053 422 4115 fadar
437 4054 544 4118 rtnputir
560 4055 758 4104 commodassent
776 4050 805 4102 ct
822 4048 859 4103 ad
876 4065 965 4117 marg.
982 4053 1083 4115 fratrea
1145 4056 1366 4105 commendassent.

61 4140 244 4210 Sequimur
262 4151 340 4199 mss,
357 4148 475 4203 quorum
493 4133 618 4188 nonnulli
635 4135 731 4188 tamen
749 4139 973 4188 commendassent.

142 4226 172 4291 ⁴)
195 4220 256 4276 iiie
275 4216 379 4273 imitari
396 4217 506 4272 videtur
517 4218 590 4273 hunc
602 4217 750 4273 Coelcstini
766 4219 859 4273 locum
876 4218 985 4288 epistt
1003 4226 1062 4285 n.3,
1080 4219 1128 4273 ubi
1140 4220 1163 4273 is
1176 4219 1369 4289 cpiscoporum
1482 4238 1485 4243 ·

62 4328 148 4381 erga
169 4304 297 4378 plebem
315 4302 474 4373 imperitam
492 4293 585 4358 officia
595 4303 735 4374 explicans
747 4309 876 4359 docerrdaa
894 4315 932 4358 ert
948 4311 1065 4374 populas,
1085 4303 1133 4370 ait,
1152 4324 1201 4358 999
1213 4310 1369 4374 9999999199,-

65 4413 192 4466 mque.
212 4396 240 4445 rt
258 4393 382 4451 metuat,
406 4394 889 4459 999991911999199991999οηὶ9εαὶ
907 4408 1071 4451 commouere,
1095 4409 1144 4443 999
1167 4393 1207 4443 tis
1224 4409 1370 4444 consensum

64 4485 220 4553 patere
243 4477 380 4530 deme
405 4473 485 4542 quasi
507 4472 593 4528 etiam
614 4473 823 4544 metropolitani
845 4473 881 4527 sit
903 4474 1010 4528 cetoros
1033 4474 1177 4543 episcopos
1200 4475 1275 4543 qnod
1297 4476 1370 4529 torte

68 4562 218 4621 nesciunt
243 4559 361 4625 docere,
383 4576 553 4629 quamquam
577 4566 639 4613 nulli
654 4563 787 4614 recaduti
801 4579 861 4613 suos
884 4565 943 4613 ticet
959 4578 1069 4612 canones
1087 4567 1219 4627 tpnorare.
1250 4560 1371 4615 advertit

69 4651 159 4705 mem
180 4641 364 4700 Coclesfinns
381 4643 399 4699 l.
413 4660 436 4698 c.
454 4661 481 4698 n.
497 4651 519 4698 1.

149 4735 176 4799 ὓ)
198 4729 262 4784 1’1·
280 4731 515 4784 Barettoneuattm.
542 4728 656 4784 Addans
674 4730 769 4783 antem
780 4728 893 4802 Hilarus
910 4736 942 4785 de
959 4749 1005 4783 suo
1023 4735 1100 4791 clero,
1120 4748 1228 4785 nusum
1246 4730 1370 4798 sequitur

73 4814 284 4875 Caelestinum
303 4812 490 4883 epistimi,
509 4813 557 4868 ubi
570 4814 716 4885 episcopos
729 4813 841 4868 omnino
859 4831 914 4869 non
932 4815 992 4868 vult
1010 4830 1043 4867 ex
1061 4813 1153 4870 aliena
1170 4815 1230 4885 peti
1247 4815 1370 4881 ecclesia,

75 4904 135 4959 uisi
156 4917 253 4972 quum
273 4897 377 4954 demut
392 4896 422 4953 in
438 4897 560 4969 propria.
