3204 5506
621 382 791 433 urrerem
816 374 844 430 2.
1308 368 1369 433 237

66 536 251 620 diffugere
265 537 521 601 consideratione
536 536 733 600 testantem?
770 535 890 600 Verum
905 558 1002 620 quum
1017 537 1077 599 tibi
1091 536 1238 620 fugiendi
1254 538 1369 623 tame)
1383 561 1407 599 a.
1418 550 1478 599 483.

67 639 176 703 nulla
200 639 249 703 sit
274 660 384 722 causa,
411 642 478 702 tam
504 637 595 703 nulla
619 638 755 702 fonnido
783 642 841 720 est,
869 641 987 718 metuo,
1016 660 1057 701 ne
1085 642 1176 721 septa
1207 640 1369 703 dominica

69 762 148 805 non
173 744 251 804 tam
275 762 394 825 pavore
416 740 574 822 deserere,
613 761 724 823 quam,
752 740 837 823 quod
859 743 908 803 est
930 740 1161 822 detestabilius
1186 745 1300 823 sponte
1323 743 1368 805 vi·

71 841 195 906 dearis
219 842 440 907 saevientibus
462 843 627 926 objecisse.

172 945 207 1008 7.
257 943 415 1008 Ausculta
442 965 553 1009 vocem
574 942 715 1026 ejusdem
738 942 868 1007 Domini
891 945 1146 1027 praemonentis:
1176 949 1234 1034 Qui
1253 966 1367 1010 mecum
1384 934 1450 989 Luc.

73 1068 142 1111 non
168 1059 228 1125 est,
255 1057 366 1111 contro
386 1067 432 1110 me
453 1056 505 1115 erl,
528 1058 558 1109 et
580 1052 633 1125 qai
652 1066 764 1110 mecum
787 1067 848 1109 non
869 1052 995 1127 colligit,
1018 1045 1195 1130 sperque).
1234 1045 1279 1110 Et
1297 1047 1366 1110 dili·
1414 1045 1421 1068 ’
1462 1047 1467 1058 '
1550 1077 1557 1084 ·

75 1152 207 1233 genter
236 1147 386 1230 attende,
414 1146 496 1210 nibil
525 1147 612 1211 aliud
640 1169 709 1212 esse
737 1169 802 1210 non
830 1168 1001 1230 procurare
1028 1169 1109 1230 quae
1133 1146 1252 1212 Christi
1281 1154 1366 1230 sunt,

10 1286 17 1311 ι.
77 1251 147 1314 nisi
172 1272 210 1314 se
234 1250 345 1334 palam
359 1249 502 1333 profiteri
516 1249 585 1332 ejus
598 1249 774 1313 inimicum.
799 1248 873 1312 Non
889 1248 1101 1332 desperemus,
1125 1250 1236 1333 frater,
1259 1272 1368 1313 veram

79 1350 273 1416 salvantis
300 1351 401 1415 nostri
433 1372 502 1414 csse
530 1351 741 1433 sententiam,
778 1373 840 1434 qua
868 1373 901 1414 se
929 1373 1026 1434 usque
1056 1352 1095 1415 ad
1123 1352 1220 1416 finem
1248 1342 1478 1463 saeculilffig·

79 1453 261 1518 Ecclesiae
286 1474 362 1517 suae
389 1475 455 1517 non
477 1452 659 1517 defuturum
682 1475 749 1517 esse
771 1452 943 1536 pollicitus,
972 1475 1032 1517 nec
1061 1454 1102 1516 ab
1124 1452 1243 1517 inferni
1265 1455 1367 1538 portis
1386 1452 1477 1543 15:13’

82 1576 158 1619 eam
184 1555 308 1618 dixerit
329 1576 398 1619 esse
419 1555 644 1639 superandam,
669 1557 744 1640 quia
766 1555 884 1637 omnia,
908 1577 989 1638 quae
1004 1577 1062 1639 per
1077 1555 1271 1638 apostolicae
1287 1556 1368 1619 scita
1380 1582 1409 1633 et
1422 1585 1508 1645 lale.

80 1656 261 1721 doctrinae
281 1656 462 1742 ligarentur
482 1657 517 1721 in
539 1658 643 1740 terrie,
673 1679 733 1722 uec
755 1658 790 1721 in
812 1657 1000 1721 coelestibus
1022 1651 1212 1721 memoravit
1234 1658 1365 1722 absolvi.
1446 1721 1449 1726 ,
1543 1672 1550 1698 ‘

81 1758 202 1843 Neque
224 1761 387 1842 putemus,
415 1759 498 1843 quod
519 1759 714 1843 quibuslibet
736 1761 779 1823 sit
800 1758 920 1823 vallata
940 1759 1100 1843 periculis
1125 1781 1266 1843 unquam
1288 1781 1366 1843 pon·
1422 1746 1426 1754 .

82 1860 142 1923 dns
166 1861 295 1946 vigoris
319 1862 369 1924 sui
389 1861 440 1925 vel
463 1882 597 1926 censura
619 1861 794 1925 beatissimi
810 1861 898 1925 Petri
922 1862 971 1925 vel
987 1861 1161 1925 auctoritas
1176 1862 1369 1925 universalis

81 1962 220 2026 amittat
243 1961 439 2051 Ecclesiaer
462 1985 542 2047 quae
564 1968 685 2047 quanto
707 1965 811 2049 magis
835 1968 941 2046 cavet,
976 1986 1018 2027 ne
1040 1963 1151 2027 mundi
1174 1964 1366 2046 prosperita-

81 2065 171 2129 b'bus
199 2064 399 2148 intepescat,
426 2067 520 2129 tanto
547 2087 614 2130 non
641 2065 815 2150 frangitur,
845 2065 899 2128 sed
928 2066 1033 2149 potius
1063 2065 1188 2128 erudita
1210 2065 1365 2128 divinitus

82 2168 204 2232 meacit
228 2165 434 2251 adversis³⁰).
486 2166 598 2254 Ubi³¹)
624 2167 883 2251 prospiciendum
906 2171 964 2250 est,
994 2189 1035 2230 ne
1058 2189 1139 2250 eam,
1166 2188 1247 2250 quae
1269 2165 1365 2229 nullis

80 2273 192 2354 potest
221 2268 320 2332 obrui
347 2269 484 2333 molibus
512 2269 739 2352 procellarum,
769 2269 999 2354 quicunquae)
1023 2270 1228 2352 submergere
1249 2268 1367 2332 nititur

80 2371 244 2455 inhujus
266 2370 388 2434 saeculi
410 2371 525 2456 pelago
546 2368 767 2453 fluctuantem,
798 2372 866 2455 ipse
889 2372 994 2454 potius
1017 2394 1036 2434 a
1058 2371 1292 2455 gubernatione
1317 2392 1366 2433 sa-

80 2474 180 2539 lutari
203 2472 244 2537 in
267 2471 430 2557 profunda
452 2473 594 2556 dejectus
616 2473 672 2537 illa
694 2474 900 2557 praevalente
922 2476 1098 2557 mergatur.
1410 2554 1413 2559 Ι

165 2576 200 2640 8.
252 2575 364 2658 Atque
385 2575 466 2657 ideo,
495 2598 591 2659 quum
617 2575 711 2660 itae)
739 2577 791 2658 sit,
822 2598 945 2657 moneo,
975 2575 1085 2639 hortor
1113 2579 1146 2638 et
1173 2576 1300 2658 suadac,
1331 2579 1367 2640 ut

79 2700 162 2763 qnae
179 2675 321 2741 'omissa
348 2680 425 2744 srmt
452 2678 610 2762 corrigas,
647 2681 679 2740 et
701 2678 907 2762 sequentibus
930 2676 1043 2740 studiis
1066 2677 1104 2740 de
1126 2680 1159 2740 te
1181 2678 1283 2741 facias
1303 2699 1366 2741 me-

79 2781 161 2845 liora
189 2777 326 2844 sentin'.
371 2777 546 2864 Negligere
574 2781 706 2864 quippe,
737 2802 835 2863 quum
856 2779 958 2863 possis
987 2778 1157 2843 deturbare
1188 2802 1363 2863 perversos,

79 2883 161 2947 nibil
193 2885 251 2946 est
279 2879 369 2944 aliud
391 2903 487 2965 quam
509 2881 631 2963 fovere3
660 2902 719 2945 nec
743 2886 830 2944 caret
852 2881 999 2965 scrupulo
1022 2882 1185 2945 societatis
1207 2881 1363 2962 occultae,

78 2986 130 3070 qui
155 2983 335 3048 evidenter
356 2982 493 3047 facinori
515 2983 633 3047 desinit
655 2984 794 3046 obviare.
839 2982 933 3046 Unde
955 2985 982 3047 si
1006 2989 1117 3048 eontra
1140 2984 1251 3066 synodi
1275 2983 1366 3046 insti-

77 3092 149 3151 tuta
173 3084 457 3152 calchedonensis
484 3085 615 3150 tendere
643 3084 773 3149 hostilia
796 3085 891 3149 corda
919 3085 1141 3170 praespicis³⁴)
1165 3090 1197 3149 et
1219 3086 1364 3169 quiescis,

77 3187 305 3269 mihicrede,
333 3187 441 3250 nescio
468 3187 733 3270 quemadmodum
763 3192 794 3250 te
823 3186 987 3251 Ecclesiae
1015 3188 1113 3250 totius
1146 3209 1268 3251 asseras
1297 3209 1366 3251 esse
1480 3194 1483 3199 '
1578 3192 1583 3216 ¹

78 3340 168 3348 ——..

142 3414 180 3481 θ)
199 3411 252 3464 Ita
271 3409 309 3462 El
327 3406 362 3461 E²
377 3406 411 3461 F*
428 3406 477 3473 Hl,
499 3407 553 3462 nisi
577 3408 652 3478 quod
669 3407 750 3461 Ε’ἳΗ9
771 3419 820 3461 lam
838 3414 904 3462 niella
926 3413 1052 3474 fortitudo
1072 3419 1118 3461 est.
1155 3406 1229 3460 Editi
1248 3413 1316 3460 arella
1333 3414 1366 3460 eil

75 3518 154 3553 ema
178 3516 260 3557 aaa,
285 3510 408 3563 moxque
427 3511 489 3548 oum
505 3493 539 3548 F*
557 3495 594 3547 H*
610 3500 694 3549 saevis
717 3497 832 3548 dentibus
850 3493 893 3560 (l2
910 3499 934 3546 si
950 3497 1100 3559 videntibus)
1122 3496 1248 3558 objecisse
1267 3492 1311 3556 (Fr
1329 3492 1366 3545 H²

75 3584 235 3651 dejecisse).

139 3671 176 3736 ¹¹)
197 3667 250 3721 lea
269 3664 305 3718 ΕΙ
318 3663 455 3718 E'P'ffl.
491 3664 565 3719 Editi
588 3670 713 3734 dispergit
784 3669 843 3719 Non
865 3670 1028 3732 desperemus
1048 3669 1138 3730 facere
1163 3668 1262 3731 (fucere
1281 3664 1367 3718 etiam

71 3755 155 3819 PH*
174 3750 266 3819 add.)
283 3754 373 3818 frater
446 3757 530 3823 nostri
545 3756 692 3804 sententiam
753 3756 882 3819 pollicitus
900 3761 937 3803 eal
956 3769 1002 3802 nee
1020 3752 1052 3802 ab
1070 3754 1150 3814 inferi
1166 3771 1192 3817 p.
1208 3770 1229 3805 e.
1250 3755 1317 3804 dixit

69 3854 94 3896 el
110 3860 186 3913 quae
207 3840 305 3892 onena
321 3853 379 3903 per.

136 3928 174 3994 ⁸⁹)
197 3918 293 3986 Quod
310 3917 465 3988 suspicatus
482 3919 582 3987 Hard.‚
601 3921 739 3990 praebent
756 3937 854 3975 revera
870 3918 959 3973 nostri
977 3937 1042 3972 mss.
1079 3919 1154 3972 Editi
1173 3926 1305 3974 adversas.

137 4014 174 4079 θ’)
196 4008 251 4062 Ite
269 4004 306 4059 ΕΙ
319 4003 355 4057 pp
366 4003 455 4058 F¹H⁸.
491 4003 568 4058 Editi
586 4009 659 4060 Unde
677 4005 725 4072 (ad
742 4022 830 4075 marg.
850 4008 901 4072 abi)
918 4011 1124 4072 perspiciendum
1197 4009 1308 4058 molibus.

134 4098 173 4165 ⁸²)
196 4092 250 4146 Ita
269 4088 306 4143 ΕΙ
319 4088 453 4142 E¹F²H⁸.
483 4088 558 4142 Edita·
576 4111 629 4144 eam
646 4094 806 4158 submerpere
873 4098 897 4142 in
915 4095 971 4157 ipso
989 4095 1085 4142 soeculi
1100 4097 1192 4157 pelago
1210 4096 1363 4156 fluctuantis.

58 4183 198 4252 luxque
226 4175 264 4229 3²
283 4180 417 4231 aaaron.

135 4271 174 4336 ¹³)
195 4263 239 4318 E²
257 4266 300 4314 ira
317 4264 369 4313 aial
386 4259 416 4313 et
432 4275 497 4314 mox
514 4275 576 4314 oum
595 4260 628 4313 l²
646 4266 762 4315 ommissa
780 4260 822 4327 (Ε1
836 4280 866 4314 eo
881 4262 979 4327 misso),
999 4259 1047 4312 ubi
1065 4259 1133 4313 editi
1150 4266 1287 4314 contulisse.
1319 4259 1365 4313 Se-

54 4352 194 4427 quentia
221 4344 318 4400 verba
341 4347 476 4412 lieplipere
498 4351 592 4414 quippe
667 4350 759 4399 desinit
780 4349 882 4399 obviare
906 4344 1003 4398 Felicis
1027 4345 1114 4397 nostri
1135 4344 1246 4397 nomine
1268 4344 1366 4398 Victor

52 4441 233 4514 episcopus
248 4427 484 4498 carthaginensis
501 4428 529 4482 in
543 4429 663 4499 epistola
681 4430 717 4484 ad
730 4429 909 4483 Theodorum
926 4446 1032 4499 papam
1050 4429 1159 4493 laudat,
1178 4428 1289 4497 quaein
1303 4446 1365 4484 con·

52 4527 128 4582 0150
148 4513 358 4577 Lateranenai
375 4514 426 4568 sub
443 4513 564 4569 Martino
582 4514 656 4568 lecta
674 4516 729 4580 est,
752 4532 839 4584 eaque
862 4514 921 4583 ipse
938 4514 1074 4568 Martinus
1096 4513 1202 4567 ibidem
1226 4513 1366 4583 approbat

53 4607 169 4677 fflard
187 4602 261 4659 coll.
277 4613 357 4655 conc.
370 4599 422 4665 III,
434 4604 483 4653 '158
497 4601 526 4654 et
538 4603 606 4668 759).
637 4599 743 4655 Eadem
754 4600 876 4654 Isidorus
888 4600 1028 4653 Mercator
1041 4618 1126 4668 quum
1139 4599 1273 4669 epistolae
1285 4599 1365 4654 Eleu·

51 4694 153 4753 {herii
173 4702 284 4762 papae
303 4682 342 4738 ad
354 4682 462 4738 Galbae
479 4684 635 4755 provincias
654 4703 676 4740 c.
691 4693 719 4750 3,
737 4686 797 4739 tum
815 4684 914 4739 litteris
929 4684 1113 4738 Orientalium
1127 4684 1162 4738 ad
1174 4684 1286 4749 lulium,
1304 4691 1364 4738 tum

53 4780 198 4847 denique
220 4767 332 4826 litteris
344 4768 547 4840 Acgyptiorum
565 4770 602 4824 ad
618 4770 739 4825 Felicem
756 4787 860 4841 papam
880 4769 1008 4835 inseruit,
1027 4787 1060 4823 ac
1078 4769 1191 4839 quidem
1208 4777 1240 4824 ut
1252 4788 1285 4824 ex
1299 4770 1365 4824 duo·

54 4868 118 4921 bns
139 4852 313 4933 postremis
330 4853 400 4908 locis
415 4854 518 4922 liquet,
537 4872 570 4909 ex
588 4858 744 4910 memorata
760 4854 882 4909 Victoris
901 4854 1020 4923 epistola
1038 4855 1184 4925 descripta.

135 4950 175 5018 ιθ’)
196 4944 248 4999 Ita
268 4938 305 4994 ΕΙ
318 4938 355 4993 E‘
367 4938 401 4992 1¹²
412 4939 463 5008 H',
480 4939 535 4995 nisi
552 4940 626 5011 quod
644 4942 676 4995 E*
697 4958 759 4995 cum
777 4940 859 4994 editis
876 4946 1003 5009 perspicis
1077 4949 1181 4996 asseris.
1211 4940 1286 4994 Editi
1303 4960 1364 5012 per⁴
