3204 5506
120 521 155 586 (a.
166 518 237 585 ⁵20.)

251 338 316 402 934
693 349 720 396 s.
738 343 944 394 noamsusa
966 342 1082 390 aaran

809 497 891 564 Car.
914 496 971 561 IV.

333 608 364 673 5.
398 606 474 671 Jam
495 626 582 670 nune
597 602 833 686 subjiciendum
848 599 895 681 ¹de
910 599 1070 686 opusculis
1086 601 1277 664 sanctorum
1291 601 1427 683 patrum,
1441 620 1507 683 quae

250 710 285 774 in
307 708 455 773 Ecclesia
478 704 637 771 catholiea
659 702 870 788 recipiuntur.

336 809 498 896 Opuscula
520 807 606 872 beati
630 805 760 872 Caecilii
783 805 936 890 Cypriani
964 805 1132 889 martyris,
1165 803 1432 892 Carthagmensis
1456 803 1508 889 epi·

251 914 357 998 scopi,
381 911 464 996 in¹¹)
487 909 636 975 omnibus
658 907 854 993 recipienda.

336 1014 420 1078 Item
441 1010 595 1097 opuscula
616 1011 704 1075 beati
727 1009 876 1095 Gregorii
897 1008 1096 1074 Nazianzeni
1118 1009 1273 1094 episcopi.

336 1116 419 1180 Item
441 1112 594 1199 opuscula
616 1114 704 1177 beati
727 1110 840 1176 Basilii
863 1111 1083 1196 Cappadociae
1105 1111 1261 1197 episcopi.

337 1217 421 1281 Item
442 1214 595 1301 opuscula
616 1215 704 1279 beati
727 1214 901 1279 Athanasii
923 1213 1136 1279 Alexandrini
1161 1213 1316 1298 episcopi.

337 1319 419 1383 Item
442 1317 594 1403 opuscula
616 1317 702 1381 beati
725 1315 886 1382 Johannis
907 1315 1261 1401 Constantinopolitani
1283 1315 1428 1400 episcopi.

338 1421 420 1484 Item
442 1419 595 1503 opuscula
617 1419 704 1483 beati
725 1417 894 1503 Theophili
918 1418 1132 1483 Alexandrini
1154 1418 1308 1503 episcopi.

338 1520 422 1586 Item
443 1520 597 1605 opuscula
619 1521 707 1585 beati
730 1520 841 1605 Cyrilli
864 1520 1077 1585 Alexandrini
1100 1521 1254 1604 episcopi.

339 1623 423 1688 Item
445 1622 598 1707 opuscula
621 1622 708 1686 beati
730 1622 849 1687 Hilarii
872 1622 1084 1688 Pictaviensis
1107 1623 1261 1708 episcopi.

339 1726 422 1790 Item
444 1723 597 1809 opuscula
619 1725 706 1788 beati
728 1724 892 1790 Ambrosii
914 1723 1164 1790 Mediolanensis
1187 1724 1342 1809 episcopi.

340 1827 422 1891 Item
444 1826 597 1911 opuscula
619 1826 706 1891 beati
729 1827 907 1913 Augustini
928 1825 1241 1913 Hipponeregiensis
1265 1825 1414 1911 episcopi.

340 1929 424 1994 Item
446 1928 598 2013 opuscula
621 1929 708 1992 beati
729 1928 920 2014 Hieronymi
942 1928 1132 2014 presbyteri.

340 2031 424 2095 Item
445 2031 599 2115 opuscula
620 2031 706 2095 beati
718 2031 757 2117 ¹²)
780 2030 930 2116 Prosperi
951 2032 1012 2096 viri
1034 2029 1279 2117 religiosissimi.
1393 2049 1398 2060 ’

211 2172 218 2190 ·
341 2133 424 2197 Item
445 2132 614 2218 epistolam
642 2133 727 2197 beati
757 2155 861 2219 papae
883 2131 999 2198 Leonis
1028 2132 1069 2197 ad
1091 2132 1283 2197 Flavianum
1305 2132 1505 2199 Constantino

256 2235 435 2320 politanum
458 2235 643 2320 episcopum
665 2236 874 2300 destinatam:
904 2234 942 2299 de
972 2235 1061 2320 cujus
1083 2237 1174 2299 textu
1194 2234 1355 2320 quispiam
1382 2236 1506 2319 eiusque

258 2338 298 2402 ad
320 2359 420 2402 unum
442 2337 508 2400 iota
531 2336 741 2422 disputaverit
769 2339 802 2401 εδ
822 2359 889 2401 non
912 2358 982 2401 eam
1010 2337 1045 2402 in
1067 2337 1215 2402 omnibus
1237 2336 1455 2402 venerabiliter
1471 2359 1507 2401 re

259 2439 395 2525 ceperit,
420 2437 593 2503 anathema
616 2439 668 2503 sit.

342 2542 425 2608 Item
453 2540 606 2624 opuscula
634 2544 730 2626 atque
756 2544 916 2606 tractatus
944 2541 1088 2605 omnium
1114 2544 1243 2627 patrum
1271 2529 1508 2623 orthodoxorum,

258 2643 369 2727 quiin
391 2642 481 2706 nullo
510 2664 529 2706 a
552 2635 683 2708 sanctae
705 2642 871 2708 Romanae
899 2643 1051 2708 ecclesiae
1081 2644 1241 2708 consortio
1275 2643 1440 2709 deviarunt
1463 2665 1510 2707 uec

259 2745 299 2809 ab
322 2744 391 2828 ejus
419 2744 481 2810 fide
509 2744 559 2808 vel
589 2746 829 2830 praedicatione
851 2745 990 2828 sejuncti
1018 2747 1108 2828 suut,
1147 2745 1202 2810 sed
1230 2745 1332 2830 ipsius
1360 2745 1510 2811 communi·

260 2846 378 2911 cationi
406 2869 464 2932 per
491 2847 631 2932 gratiam
658 2847 719 2911 Dei
747 2869 847 2932 usque
874 2847 909 2911 in
937 2847 1085 2912 ultimum
1113 2847 1197 2910 diem
1224 2848 1312 2912 vitae
1341 2871 1415 2914 suae
1439 2847 1512 2911 fuere

259 2947 445 3034 participes,
468 2948 621 3034 legendos
644 2949 855 3014 decernimus.

342 3051 426 3115 Item
448 3051 622 3116 decretales
645 3050 808 3136 epistolas,
832 3074 911 3136 quas
931 3051 1108 3115 beatissimi
1130 3074 1234 3136 papae
1257 3052 1391 3116 dirersis
1411 3054 1514 3134 tempo

259 3153 346 3217 ribus
369 3153 410 3217 ab
432 3153 510 3216 urbe
532 3151 635 3216 Roma
649 3175 714 3239 pro
737 3153 933 3219 diversorum
955 3156 1083 3238 patrum
1106 3153 1344 3219 consultatione
1365 3154 1515 3234 dederunt,

260 3254 488 3320 venerabiliter
511 3254 741 3341 suscipiendas.

344 3357 374 3420 6.
411 3356 494 3420 Item
515 3360 608 3442 gesta
630 3361 815 3422 sanctorum
836 3360 1023 3441 martyrum,
1047 3378 1128 3441 quae
1147 3357 1381 3443 multiplicibus
1396 3362 1517 3422 tormen·

260 3463 365 3522 torum
388 3459 582 3533 eruciatibus
611 3462 643 3522 εδ
664 3458 865 3523 mirabilibus
894 3458 1130 3523 confessionum
1152 3460 1337 3546 'triumphis
1359 3462 1517 3526 inradiant

260 3561 338 3636 Quis
361 3562 424 3625 ista
448 3560 676 3625 catholicorum
698 3561 823 3638 dubitet
845 3563 878 3625 et
899 3561 1021 3645 majora
1045 3583 1097 3625 eos
1120 3562 1154 3626 in
1170 3563 1330 3648 agonibus
1344 3563 1442 3628 fuisse
1462 3585 1520 3648 pcr-

260 3685 384 3748 pessos,
414 3685 475 3727 nee
503 3663 568 3726 suis
590 3662 711 3726 viribus
734 3663 788 3727 sed
817 3662 877 3727 Dei
905 3664 1012 3748 gratia
1040 3666 1073 3727 et
1100 3663 1260 3748 adjutorio
1287 3665 1436 3730 universa
1455 3666 1520 3729 tole

261 3764 371 3829 rasse?
404 3763 465 3830 Sed
488 3765 558 3828 ideo
582 3765 755 3829 secundum
777 3767 944 3850 antiquam
960 3766 1221 3831 consuetudinem
1236 3766 1394 3851 singulari
1411 3766 1523 3832 cautela

261 3868 295 3930 in
323 3869 436 3931 sancta
459 3865 606 3930 Romana
635 3867 769 3931 ecclesia
797 3889 864 3931 non
891 3861 1059 3952 leguntur,
1090 3869 1164 3952 quia
1188 3872 1353 3932 eteorum
1381 3870 1434 3954 qui
1461 3891 1523 3933 cou-

261 3968 418 4052 scripsere
451 3968 583 4032 nomina
616 3969 745 4052 penitus
777 3970 987 4054 ignorantur,
1023 3973 1055 4034 et
1083 3969 1124 4033 ab
1151 3969 1336 4034 infidelibus
1369 3976 1402 4035 et
1428 3969 1524 4035 idiotis

261 4070 423 4154 superflua
445 4073 501 4133 aut
523 4070 629 4134 minus
652 4077 738 4155 apta,
762 4094 859 4155 quam
879 4071 926 4136 rei
947 4071 1024 4135 ordo
1039 4070 1147 4153 fuerit,
1172 4092 1242 4136 esse
1257 4074 1431 4156 putantur:
1452 4072 1524 4136 sicut

330 4310 361 4376 ¹¹)
379 4308 475 4362 Verba
496 4309 524 4361 in
547 4313 657 4363 omnibus
674 4315 824 4377 recipienda
843 4308 984 4364 Gelasiani
1006 4308 1115 4363 codices
1136 4324 1193 4362 nou
1214 4311 1439 4378 repraesentant
1475 4308 1525 4363 Nec

262 4395 436 4462 compertum
454 4395 509 4459 est,
532 4410 587 4461 quo
605 4394 689 4462 paeto
708 4393 793 4463 recipi
808 4394 975 4463 jubeantur,
999 4394 1098 4462 quibus
1120 4394 1293 4463 baptismum
1311 4394 1459 4449 haereticis
1475 4391 1525 4462 qui·

260 4478 367 4545 busque
386 4477 421 4533 ad
440 4477 593 4532 Ecclesiam
610 4477 790 4532 redeuntibus
809 4479 1007 4535 conferendum
1026 4496 1086 4534 esse
1105 4479 1203 4533 contra
1215 4477 1354 4549 Stephani
1371 4495 1462 4549 papae
1472 4495 1524 4532 seu·

261 4562 379 4617 tentiam
396 4565 599 4634 propugnatur.

330 4651 360 4717 ¹²)
379 4649 474 4703 Horm.
499 4649 615 4718 exempl.
636 4666 698 4702 cum
717 4647 748 4702 C¹
763 4649 794 4704 0²
808 4655 834 4704 Γ
850 4650 913 4704 add.
938 4654 1013 4704 beuti.
1034 4680 1067 4688 -
1084 4650 1125 4703 De
1149 4647 1263 4717 reliquis
1286 4648 1440 4719 pleniorem
1462 4646 1524 4703 codi-

261 4752 323 4787 cum
342 4743 370 4789 et
388 4752 480 4788 rerum
498 4734 636 4788 rationem
655 4751 739 4803 supra
757 4733 792 4788 ad
806 4734 911 4790 Gelasii
923 4735 1072 4805 epistolam
1084 4740 1116 4787 42
1135 4733 1270 4788 dedimus.
1302 4734 1347 4788 Ad
1365 4751 1437 4804 quae
1452 4733 1525 4788 lecto

260 4836 320 4873 rom
339 4819 555 4884 demandantes,
572 4818 626 4872 hoo
643 4817 703 4872 loco
716 4819 803 4872 solnm
817 4821 925 4874 textum
939 4818 1089 4874 secundum
1103 4818 1119 4871 J
1123 4821 1142 4854 Π
1153 4818 1181 4872 Je
1192 4818 1214 4872 it
1232 4819 1413 4888 praebemus,
1431 4816 1524 4889 paucis·

262 4904 332 4958 sima
350 4904 499 4958 adnotasse
519 4903 650 4957 contenti.
