3204 5506
209 337 262 385 111
641 331 839 380 PRAEFATIO
863 331 1038 379 EDITORIS.

314 497 347 565 6.
383 492 460 577 Quo
486 491 605 588 magis
623 491 817 564 dolendum
838 493 905 567 est.
934 490 1030 583 quod
1048 490 1174 563 studia
1190 491 1290 563 omni
1310 516 1353 564 ex
1372 495 1479 586 pade

211 612 480 717 periectissima
511 611 716 685 Corrstantii
759 599 795 682 et
834 609 1015 682 sociorum
1042 609 1137 703 ejus,
1178 634 1273 703 quac
1306 610 1480 705 epistolas

212 731 419 828 pontificias
441 731 522 823 jam
551 754 664 823 risque
691 729 739 801 ad
765 729 953 803 saeculum
980 729 1180 824 septim1m1
1207 730 1377 823 amplexa.
1403 732 1481 803 fue·

212 856 316 925 rant.
359 851 485 943 iniqua.
518 851 668 922 fortuna
700 872 814 942 usque
853 848 901 919 ad
933 851 1061 919 nostra
1093 852 1262 942 tempora
1293 849 1481 922 desideriis

196 971 404 1044 'doctorum
430 971 627 1063 praerepta
653 971 751 1039 suut.
792 966 1129 1039 Reverendissimns
1156 967 1216 1039 ille
1242 971 1281 1040 et
1307 992 1391 1040 cum
1410 969 1482 1062 pri-

213 1089 283 1163 mis
310 1088 455 1183 ingenio
487 1091 526 1159 et
558 1085 762 1159 eruditione
796 1086 1017 1179 praecellens
1053 1086 1169 1158 totius
1202 1087 1321 1180 operis
1354 1091 1485 1160 aricior

214 1208 375 1281 Petrus
394 1205 708 1293 Constantius,
738 1204 837 1277 edito
855 1207 957 1276 tomo
974 1203 1103 1298 primo,
1124 1203 1309 1276 <nexilis
1317 1204 1484 1278 Octobris

215 1327 304 1400 anni
326 1328 418 1397 liei
451 1325 487 1395 in
515 1325 576 1396 illo
601 1324 814 1396 litterarum
841 1323 944 1417 asylo
968 1325 1193 1397 monasterio
1211 1349 1239 1398 s.
1259 1324 1434 1397 Germa-ni
1461 1349 1485 1397 a

216 1444 339 1518 Pratis
366 1447 485 1516 morte
512 1446 753 1538 praematura
785 1443 955 1515 sublatus
989 1446 1057 1515 cst.
1112 1440 1232 1526 ouum
1265 1447 1392 1517 autem
1419 1468 1486 1539 pro

218 1564 472 1661 prosecutione
490 1562 652 1656 ejusdem
669 1561 788 1656 operis
807 1561 1036 1655 amplissima
1053 1561 1175 1632 studia
1196 1562 1352 1650 fecisset,
1372 1563 1487 1635 immo

218 1682 419 1756 seeundum
446 1686 484 1755 et
511 1681 667 1754 tertium
698 1684 844 1752 tomum
872 1679 953 1773 jam
988 1682 1063 1752 fere
1098 1679 1277 1752 edendum
1305 1686 1485 1776 parasset,

218 1801 313 1874 aiter
339 1800 500 1894 ejusdem
520 1799 814 1896 congregationis
838 1800 956 1871 frater
981 1799 1150 1892 illiusque
1171 1799 1251 1892 jam
1279 1800 1422 1894 pridem
1449 1801 1488 1871 in

219 1920 288 1993 hac
315 1920 395 2014 ipsa
426 1943 466 1991 re
499 1919 617 1991 socius
645 1917 794 1989 Simon
821 1917 1098 2012 Mopinotius
1134 1918 1305 1990 ultimam
1334 1943 1489 1991 mamma

219 2039 253 2113 ei
279 2039 474 2112 admovere
500 2038 625 2111 subiit.
666 2035 805 2110 Verum
831 2042 870 2110 et
897 2038 974 2132 ipse
1001 2061 1084 2111 mor
1113 2061 1210 2110 anno
1236 2038 1372 2110 arctatis
1399 2061 1490 2111 suae

219 2157 410 2254 trigesimo
444 2180 538 2229 nono
571 2158 629 2230 die
662 2156 713 2227 XI
739 2155 905 2230 Octobris
938 2158 1025 2229 anni
1058 2159 1154 2228 liei
1187 2180 1335 2230 causum
1369 2156 1492 2231 finivit

219 2278 436 2350 humanum.
478 2276 646 2370 Suscepit
671 2275 805 2348 tertius
831 2276 996 2348 laborem
1013 2276 1287 2348 sollertissimus
1306 2276 1365 2348 illc
1384 2299 1491 2349 anec-

221 2396 390 2468 dotorum
419 2394 589 2467 collector
615 2393 806 2464 Ursinus
832 2393 1091 2471 Durandus.
1125 2398 1163 2466 et
1190 2394 1389 2468 secundum
1417 2398 1491 2467 ter·

222 2515 391 2607 tiumque
418 2517 538 2585 tomos
560 2513 641 2603 jam
659 2512 815 2584 edendos
833 2516 1049 2606 perterreret,
1077 2517 1253 2607 quartrun
1281 2538 1420 2609 magna.
1446 2537 1493 2587 ex

222 2635 329 2727 parte
348 2634 646 2725 praeparaverat.
682 2630 809 2724 Neque
826 2632 893 2704 hoc
911 2632 1058 2725 qrridem
1079 2632 1289 2727 incoeptum
1316 2633 1491 2705 adfinem

222 2750 451 2845 perductmn,
487 2774 544 2822 res
570 2750 689 2822 denuo
715 2750 936 2844 nescioquo
962 2774 1074 2823 causa.
1100 2752 1137 2823 in
1164 2752 1348 2825 incertum
1375 2752 1494 2824 dilata

224 2872 291 2943 est.
345 2863 436 2942 Fero
469 2869 648 2964 suspicor,
688 2872 769 2940 tum
801 2870 931 2941 turbas
964 2868 1249 2960 Janscnisticas,
1291 2871 1329 2942 in
1360 2870 1494 2964 quibus

224 2988 344 3062 dictus
376 2988 494 3061 editor
528 2988 737 3081 implicatus
777 2991 876 3076 erat,
923 2991 1005 3059 tum
1044 2989 1352 3062 violentissimam
1391 2990 1493 3061 illam

224 3131 348 3182 reunn
375 3107 607 3203 publicarum
639 3107 677 3178 in
705 3107 825 3179 Gallia
851 3108 1094 3196 eversionem,
1128 3134 1222 3202 quac
1255 3132 1339 3180 mor
1366 3114 1496 3181 secuta.

226 3231 293 3316 est,
323 3228 361 3298 in
388 3227 497 3320 ‹rrrlpa
524 3226 646 3300 fuisse.
693 3225 763 3299 Sed
784 3228 905 3320 juvat,
935 3227 979 3298 de
1005 3228 1062 3298 his
1081 3229 1177 3301 cuuis
1196 3228 1309 3322 ipsius
1328 3227 1493 3299 Dinandi

227 3346 340 3419 verba
366 3346 541 3436 audiisse,
577 3369 672 3440 quae
699 3369 764 3439 pro
791 3347 1021 3440 praefatione
1047 3347 1217 3418 editionis
1244 3369 1333 3418 suae
1360 3347 1493 3441 posuit,

226 3488 392 3560 quaeque
419 3465 517 3537 inter
543 3467 768 3537 memoratas
795 3464 1001 3537 Constantii
1029 3466 1179 3538 schedas
1206 3468 1455 3538 asservantur.

510 3662 634 3746 [Ursini
656 3662 816 3745 Durandi)
839 3673 1009 3728 Praefatio
1031 3673 1210 3741 generalis.

314 3801 343 3863 7.
382 3807 489 3863 Plures
505 3809 571 3879 jam
594 3810 666 3862 anm
687 3814 761 3876 sarit,
787 3823 825 3863 cx
848 3826 903 3880 quo
926 3811 953 3864 in
974 3810 1066 3863 iucem
1086 3810 1195 3879 prodiit
1207 3813 1320 3880 prieurs
1334 3825 1425 3866 riocac
1439 3812 1497 3866 edi·

230 3895 313 3950 tionis
335 3895 521 3964 epistolarum
550 3908 720 3947 summorum
745 3895 913 3964 paraliticum
943 3900 1047 3961 tomus,
1079 3896 1212 3949 eximium
1241 3896 1398 3951 doctissimi
1424 3912 1498 3967 oriris

231 3979 396 4034 Constantii.
440 3977 474 4032 In
498 3992 531 4032 co
554 3992 641 4048 opere
664 3992 717 4031 saa
741 3979 928 4048 epistolarum
955 3982 1049 4034 textui
1070 3982 1202 4033 restituta
1224 3983 1353 4051 panitas,
1383 3984 1499 4035 anticas

230 4063 360 4118 redditas
381 4064 465 4131 nitor,
489 4069 575 4117 notae
598 4063 726 4130 criticae,
746 4066 889 4133 praeciae
911 4064 1115 4119 admonitiones
1137 4067 1253 4137 otiaque
1269 4068 1371 4133 orariis,
1395 4067 1499 4138 quibus

230 4148 304 4204 daec
326 4149 492 4202 illustrator
514 4154 541 4201 ct
563 4149 716 4217 insipnitar
737 4148 829 4215 editio,
852 4149 935 4218 iidem
953 4150 1019 4219 jam
1033 4147 1135 4220 secere
1152 4150 1280 4205 omnibns
1294 4166 1375 4205 suam
1390 4153 1496 4221 pieriis-

231 4234 299 4288 sime
320 4232 462 4287 liberasse
484 4237 640 4299 auctorem,
671 4247 724 4286 nec
747 4234 775 4287 in
800 4236 895 4303 operis
918 4232 1018 4305 fronte
1039 4236 1196 4304 pollicitum
1219 4237 1372 4308 quidquam
1393 4234 1497 4305 fnisse,

230 4318 308 4390 qnod
327 4319 356 4372 in
380 4331 468 4387 apere
491 4324 547 4372 toto
571 4318 792 4373 cumulatissime
815 4335 872 4374 aon
892 4317 986 4390 fuerit
1001 4326 1167 4375 exsecutus.
1201 4320 1290 4377 Unam
1305 4323 1333 4375 ia
1351 4323 1420 4376 nora
1435 4336 1498 4376 csse

230 4407 360 4474 poterat,
385 4404 497 4458 scilicet
519 4408 549 4458 nt
571 4403 648 4475 qaod
669 4411 726 4458 tam
746 4402 830 4475 felici
850 4419 988 4459 successa
1011 4413 1162 4475 caeperat,
1187 4409 1249 4477 ipse
1272 4406 1446 4474 absolveret,
1471 4413 1499 4461 et

232 4489 283 4560 qni
302 4490 424 4557 primam
447 4490 530 4558 operi
550 4505 664 4542 manum
688 4488 863 4552 admoverat,
888 4490 958 4543 idem
975 4491 1138 4545 admoneret
1154 4499 1321 4546 extremam.
1357 4490 1499 4562 Suprema

232 4586 330 4628 rernm
355 4572 473 4628 Domina
496 4575 583 4628 (iliter
606 4575 692 4629 nisum
717 4580 767 4629 est.
817 4573 870 4629 Via
893 4577 965 4629 enim
990 4590 1005 4628 c
1024 4578 1109 4645 preto
1130 4579 1242 4644 primns
1269 4579 1384 4631 exierat
1406 4581 1500 4631 tonnas

233 4659 289 4720 itte,
314 4674 399 4730 qaum
422 4673 499 4713 mors
520 4674 622 4731 mapao
645 4660 781 4715 bonoram
804 4661 1008 4732 doctorumque
1030 4663 1152 4715 omniinn
1168 4675 1298 4716 macrore.
1321 4675 1375 4715 aec
1398 4664 1501 4716 minori

233 4745 278 4797 rei
298 4743 460 4798 litterariae
481 4743 585 4798 (tamna
608 4744 724 4799 absistit
747 4745 885 4800 cruditam
903 4747 993 4801 viram
1010 4749 1188 4816 teimpietate
1204 4752 1260 4801 trini
1276 4746 1407 4800 doctrina
1424 4762 1498 4801 corrr-

234 4828 430 4888 mendandam.
454 4829 506 4883 sed
526 4830 670 4900 sinpatari
690 4831 828 4899 imprimis
850 4833 1049 4902 armrisitopac
1071 4833 1187 4886 critices
1206 4837 1299 4903 pasta,
1325 4831 1412 4900 cajus
1435 4833 1498 4884 olim

235 4929 291 4968 aon
313 4913 427 4968 datiam
450 4915 592 4984 specimen
616 4915 735 4970 dederat
754 4916 783 4969 ia
807 4916 991 4971 emendandis
1012 4915 1122 4971 Hilarii
1144 4912 1287 4986 operibns,
1312 4920 1343 4969 ut
1364 4916 1496 4981 omittam,
