<?xml version="1.0" encoding="UTF-8"?>
<!DOCTYPE html PUBLIC "-//W3C//DTD XHTML 1.0 Transitional//EN"
    "http://www.w3.org/TR/xhtml1/DTD/xhtml1-transitional.dtd">
<html xmlns="http://www.w3.org/1999/xhtml" xml:lang="en" lang="en">
 <head>
  <title>
</title>
<meta http-equiv="Content-Type" content="text/html;charset=utf-8" />
  <meta name='ocr-system' content='tesseract 3.04.00' />
  <meta name='ocr-capabilities' content='ocr_page ocr_carea ocr_par ocr_line ocrx_word'/>
</head>
<body>
  <div class='ocr_page' id='page_1' title='image "./epistolaeromano00thiegoog/epistolaeromano00thiegoog_0256.png"; bbox 0 0 3204 5506; ppageno 0'>
   <div class='ocr_carea' id='block_1_1' title="bbox 554 372 1363 435">
    <p class='ocr_par' dir='ltr' id='par_1_1' title="bbox 554 372 1363 435">
     <span class='ocr_line' id='line_1_1' title="bbox 554 372 1363 435; baseline 0.007 -6"><span class='ocrx_word' id='word_1_1' title='bbox 554 382 748 432; x_wconf 80' lang='lat' dir='ltr'>srrsromn</span> <span class='ocrx_word' id='word_1_2' title='bbox 771 374 820 431; x_wconf 81' lang='grc'>16.</span> <span class='ocrx_word' id='word_1_3' title='bbox 848 375 895 431; x_wconf 79' lang='lat'>17.</span> <span class='ocrx_word' id='word_1_4' title='bbox 1089 404 1096 413; x_wconf 91' lang='lat'><strong>·</strong></span> <span class='ocrx_word' id='word_1_5' title='bbox 1302 372 1363 435; x_wconf 79' lang='lat'>207</span> 
     </span>
    </p>
   </div>
   <div class='ocr_carea' id='block_1_2' title="bbox 38 533 1471 2128">
    <p class='ocr_par' dir='ltr' id='par_1_2' title="bbox 38 533 1471 1435">
     <span class='ocr_line' id='line_1_2' title="bbox 45 533 1471 621; baseline 0.007 -25"><span class='ocrx_word' id='word_1_6' title='bbox 45 533 206 617; x_wconf 78' lang='lat' dir='ltr'>synodus</span> <span class='ocrx_word' id='word_1_7' title='bbox 240 536 361 619; x_wconf 86' lang='lat' dir='ltr'>ipsius</span> <span class='ocrx_word' id='word_1_8' title='bbox 392 535 589 621; x_wconf 76' lang='lat' dir='ltr'>indicavit3).</span> <span class='ocrx_word' id='word_1_9' title='bbox 623 536 714 611; x_wconf 79' lang='lat' dir='ltr'>Quod</span> <span class='ocrx_word' id='word_1_10' title='bbox 742 537 826 599; x_wconf 91' lang='lat' dir='ltr'>sicut</span> <span class='ocrx_word' id='word_1_11' title='bbox 848 557 912 598; x_wconf 91' lang='lat' dir='ltr'>nou</span> <span class='ocrx_word' id='word_1_12' title='bbox 936 538 1116 619; x_wconf 86' lang='lat' dir='ltr'>optavimus</span> <span class='ocrx_word' id='word_1_13' title='bbox 1140 540 1218 621; x_wconf 84' lang='lat' dir='ltr'>lieri,</span> <span class='ocrx_word' id='word_1_14' title='bbox 1249 542 1295 603; x_wconf 87' lang='lat' dir='ltr'>ita</span> <span class='ocrx_word' id='word_1_15' title='bbox 1317 542 1471 606; x_wconf 70' lang='lat' dir='ltr'>faama.</span> 
     </span>
     <span class='ocr_line' id='line_1_3' title="bbox 45 635 1361 724; baseline 0.005 -25"><span class='ocrx_word' id='word_1_16' title='bbox 45 635 132 699; x_wconf 85' lang='lat' dir='ltr'>ciles</span> <span class='ocrx_word' id='word_1_17' title='bbox 159 638 402 720; x_wconf 76' lang='lat' dir='ltr'><strong>excusationi,</strong></span> <span class='ocrx_word' id='word_1_18' title='bbox 431 661 525 722; x_wconf 88' lang='lat' dir='ltr'>quam</span> <span class='ocrx_word' id='word_1_19' title='bbox 553 639 729 702; x_wconf 79' lang='lat' dir='ltr'>necessitas</span> <span class='ocrx_word' id='word_1_20' title='bbox 751 638 839 719; x_wconf 87' lang='lat' dir='ltr'>fecit,</span> <span class='ocrx_word' id='word_1_21' title='bbox 870 639 1067 704; x_wconf 75' lang='lat' dir='ltr'>exstitimus:</span> <span class='ocrx_word' id='word_1_22' title='bbox 1096 642 1170 722; x_wconf 86' lang='lat' dir='ltr'>quia</span> <span class='ocrx_word' id='word_1_23' title='bbox 1198 642 1281 724; x_wconf 91' lang='lat' dir='ltr'>quod</span> <span class='ocrx_word' id='word_1_24' title='bbox 1311 665 1361 705; x_wconf 84' lang='lat' dir='ltr'>vo-</span> 
     </span>
     <span class='ocr_line' id='line_1_4' title="bbox 38 739 1362 832; baseline 0.003 -30"><span class='ocrx_word' id='word_1_25' title='bbox 38 739 253 832; x_wconf 84' lang='lat' dir='ltr'>luntarium</span> <span class='ocrx_word' id='word_1_26' title='bbox 279 762 354 804; x_wconf 92' lang='lat' dir='ltr'>non</span> <span class='ocrx_word' id='word_1_27' title='bbox 379 743 438 823; x_wconf 87' lang='lat' dir='ltr'>est,</span> <span class='ocrx_word' id='word_1_28' title='bbox 466 742 573 804; x_wconf 84' lang='lat' dir='ltr'>vocari</span> <span class='ocrx_word' id='word_1_29' title='bbox 596 762 662 803; x_wconf 93' lang='lat' dir='ltr'>non</span> <span class='ocrx_word' id='word_1_30' title='bbox 683 742 791 822; x_wconf 87' lang='lat' dir='ltr'>potest</span> <span class='ocrx_word' id='word_1_31' title='bbox 819 740 853 801; x_wconf 90' lang='lat' dir='ltr'>in</span> <span class='ocrx_word' id='word_1_32' title='bbox 880 744 1015 803; x_wconf 87' lang='lat' dir='ltr'>reatum.</span> <span class='ocrx_word' id='word_1_33' title='bbox 1061 741 1105 804; x_wconf 83' lang='lat' dir='ltr'>Et</span> <span class='ocrx_word' id='word_1_34' title='bbox 1127 742 1197 805; x_wconf 91' lang='lat' dir='ltr'>ideo</span> <span class='ocrx_word' id='word_1_35' title='bbox 1219 765 1278 825; x_wconf 89' lang='lat' dir='ltr'>per</span> <span class='ocrx_word' id='word_1_36' title='bbox 1299 743 1362 806; x_wconf 86' lang='lat' dir='ltr'>fra-</span> 
     </span>
     <span class='ocr_line' id='line_1_5' title="bbox 44 841 1362 926; baseline 0.003 -23"><span class='ocrx_word' id='word_1_37' title='bbox 44 844 140 904; x_wconf 87' lang='lat' dir='ltr'>trem</span> <span class='ocrx_word' id='word_1_38' title='bbox 168 846 208 904; x_wconf 90' lang='lat' dir='ltr'>et</span> <span class='ocrx_word' id='word_1_39' title='bbox 234 843 472 926; x_wconf 72' lang='lat' dir='ltr'>coepiscopum</span> <span class='ocrx_word' id='word_1_40' title='bbox 494 845 639 906; x_wconf 85' lang='lat' dir='ltr'>nostium</span> <span class='ocrx_word' id='word_1_41' title='bbox 662 841 882 917; x_wconf 80' lang='lat' dir='ltr'>Anastasium</span> <span class='ocrx_word' id='word_1_42' title='bbox 906 842 958 924; x_wconf 84' lang='lat' dir='ltr'>qni</span> <span class='ocrx_word' id='word_1_43' title='bbox 984 865 1021 904; x_wconf 86' lang='lat' dir='ltr'>cx</span> <span class='ocrx_word' id='word_1_44' title='bbox 1044 844 1209 925; x_wconf 89' lang='lat' dir='ltr'>praedicta</span> <span class='ocrx_word' id='word_1_45' title='bbox 1231 846 1362 925; x_wconf 73' lang='lat' dir='ltr'>regione</span> 
     </span>
     <span class='ocr_line' id='line_1_6' title="bbox 42 941 1394 1028; baseline 0.002 -23"><span class='ocrx_word' id='word_1_46' title='bbox 42 942 212 1007; x_wconf 89' lang='lat' dir='ltr'>directus</span> <span class='ocrx_word' id='word_1_47' title='bbox 238 948 310 1026; x_wconf 88' lang='lat' dir='ltr'>est,</span> <span class='ocrx_word' id='word_1_48' title='bbox 336 944 455 1007; x_wconf 89' lang='lat' dir='ltr'>litteris</span> <span class='ocrx_word' id='word_1_49' title='bbox 477 964 601 1028; x_wconf 91' lang='lat' dir='ltr'>quoque</span> <span class='ocrx_word' id='word_1_50' title='bbox 623 947 698 1006; x_wconf 87' lang='lat' dir='ltr'>tuae</span> <span class='ocrx_word' id='word_1_51' title='bbox 721 941 902 1005; x_wconf 76' lang='lat' dir='ltr'>dilectionis</span> <span class='ocrx_word' id='word_1_52' title='bbox 923 946 1075 1027; x_wconf 80' lang='lat' dir='ltr'>acceptis,</span> <span class='ocrx_word' id='word_1_53' title='bbox 1100 944 1216 1008; x_wconf 86' lang='lat' dir='ltr'>alterni</span> <span class='ocrx_word' id='word_1_54' title='bbox 1241 947 1361 1009; x_wconf 88' lang='lat' dir='ltr'>vicissi-</span> <span class='ocrx_word' id='word_1_55' title='bbox 1391 990 1394 994; x_wconf 26' lang='grc' dir='ltr'><strong><em>ι</em></strong></span> 
     </span>
     <span class='ocr_line' id='line_1_7' title="bbox 45 1043 1361 1126; baseline 0.003 -19"><span class='ocrx_word' id='word_1_56' title='bbox 45 1045 220 1109; x_wconf 83' lang='lat' dir='ltr'>tudinem</span> <span class='ocrx_word' id='word_1_57' title='bbox 260 1047 424 1110; x_wconf 89' lang='lat' dir='ltr'>sermonis</span> <span class='ocrx_word' id='word_1_58' title='bbox 451 1051 527 1109; x_wconf 89' lang='lat' dir='ltr'>tuae</span> <span class='ocrx_word' id='word_1_59' title='bbox 555 1044 749 1108; x_wconf 85' lang='lat' dir='ltr'>reddidimus</span> <span class='ocrx_word' id='word_1_60' title='bbox 778 1043 945 1126; x_wconf 85' lang='lat' dir='ltr'>charitati,</span> <span class='ocrx_word' id='word_1_61' title='bbox 980 1048 1161 1109; x_wconf 88' lang='lat' dir='ltr'>necessario</span> <span class='ocrx_word' id='word_1_62' title='bbox 1190 1048 1301 1111; x_wconf 88' lang='lat' dir='ltr'>fratris</span> <span class='ocrx_word' id='word_1_63' title='bbox 1329 1054 1361 1111; x_wconf 90' lang='lat' dir='ltr'>et</span> 
     </span>
     <span class='ocr_line' id='line_1_8' title="bbox 45 1145 1360 1232; baseline 0.002 -22"><span class='ocrx_word' id='word_1_64' title='bbox 45 1148 264 1232; x_wconf 79' lang='lat' dir='ltr'>coepiscopi</span> <span class='ocrx_word' id='word_1_65' title='bbox 294 1149 401 1211; x_wconf 87' lang='lat' dir='ltr'>nostri</span> <span class='ocrx_word' id='word_1_66' title='bbox 423 1146 627 1213; x_wconf 77' lang='lat' dir='ltr'>Calendiouis</span> <span class='ocrx_word' id='word_1_67' title='bbox 661 1145 874 1209; x_wconf 78' lang='lat' dir='ltr'>sacerdotium</span> <span class='ocrx_word' id='word_1_68' title='bbox 902 1149 1024 1230; x_wconf 78' lang='lat' dir='ltr'>gremio</span> <span class='ocrx_word' id='word_1_69' title='bbox 1053 1148 1248 1230; x_wconf 86' lang='lat' dir='ltr'>apostolicae</span> <span class='ocrx_word' id='word_1_70' title='bbox 1277 1148 1360 1212; x_wconf 85' lang='lat' dir='ltr'>sedis</span> 
     </span>
     <span class='ocr_line' id='line_1_9' title="bbox 44 1248 1360 1333; baseline 0.002 -21"><span class='ocrx_word' id='word_1_71' title='bbox 44 1248 227 1333; x_wconf 79' lang='lat' dir='ltr'>amplexi,</span> <span class='ocrx_word' id='word_1_72' title='bbox 255 1250 295 1313; x_wconf 91' lang='lat' dir='ltr'>in</span> <span class='ocrx_word' id='word_1_73' title='bbox 317 1249 514 1313; x_wconf 84' lang='lat' dir='ltr'>consortium</span> <span class='ocrx_word' id='word_1_74' title='bbox 529 1252 675 1312; x_wconf 88' lang='lat' dir='ltr'>nostrum</span> <span class='ocrx_word' id='word_1_75' title='bbox 690 1270 747 1331; x_wconf 88' lang='lat' dir='ltr'>per</span> <span class='ocrx_word' id='word_1_76' title='bbox 762 1248 901 1332; x_wconf 83' lang='lat' dir='ltr'>gratiam</span> <span class='ocrx_word' id='word_1_77' title='bbox 918 1248 1038 1312; x_wconf 77' lang='lat' dir='ltr'>tlhristi</span> <span class='ocrx_word' id='word_1_78' title='bbox 1054 1249 1113 1312; x_wconf 84' lang='lat' dir='ltr'>Dei</span> <span class='ocrx_word' id='word_1_79' title='bbox 1129 1253 1232 1312; x_wconf 87' lang='lat' dir='ltr'>nostri</span> <span class='ocrx_word' id='word_1_80' title='bbox 1248 1256 1360 1315; x_wconf 89' lang='lat' dir='ltr'>tantae</span> 
     </span>
     <span class='ocr_line' id='line_1_10' title="bbox 47 1350 909 1435; baseline -0.002 -20"><span class='ocrx_word' id='word_1_81' title='bbox 47 1351 151 1415; x_wconf 86' lang='lat' dir='ltr'>urbis</span> <span class='ocrx_word' id='word_1_82' title='bbox 179 1352 381 1414; x_wconf 79' lang='lat' dir='ltr'>antistitem</span> <span class='ocrx_word' id='word_1_83' title='bbox 403 1350 529 1435; x_wconf 80' lang='lat' dir='ltr'>collegii</span> <span class='ocrx_word' id='word_1_84' title='bbox 552 1351 670 1413; x_wconf 92' lang='lat' dir='ltr'>unione</span> <span class='ocrx_word' id='word_1_85' title='bbox 693 1371 909 1413; x_wconf 83' lang='lat' dir='ltr'>numeramus</span> 
     </span>
    </p>

    <p class='ocr_par' dir='ltr' id='par_1_3' title="bbox 49 1451 1360 2128">
     <span class='ocr_line' id='line_1_11' title="bbox 146 1451 1360 1537; baseline 0.001 -21"><span class='ocrx_word' id='word_1_86' title='bbox 146 1453 187 1516; x_wconf 79' lang='lat'>2.</span> <span class='ocrx_word' id='word_1_87' title='bbox 234 1452 399 1515; x_wconf 79' lang='lat' dir='ltr'>Miramur</span> <span class='ocrx_word' id='word_1_88' title='bbox 421 1457 528 1516; x_wconf 86' lang='lat' dir='ltr'>autem</span> <span class='ocrx_word' id='word_1_89' title='bbox 551 1452 631 1515; x_wconf 90' lang='lat' dir='ltr'>nihil</span> <span class='ocrx_word' id='word_1_90' title='bbox 656 1473 714 1515; x_wconf 90' lang='lat' dir='ltr'>nos</span> <span class='ocrx_word' id='word_1_91' title='bbox 737 1451 776 1513; x_wconf 89' lang='lat' dir='ltr'>de</span> <span class='ocrx_word' id='word_1_92' title='bbox 798 1456 886 1515; x_wconf 88' lang='lat' dir='ltr'>statu</span> <span class='ocrx_word' id='word_1_93' title='bbox 910 1452 1148 1534; x_wconf 74' lang='lat' dir='ltr'>Alexandrinae</span> <span class='ocrx_word' id='word_1_94' title='bbox 1160 1457 1183 1537; x_wconf 80' lang='lat'>¹)</span> <span class='ocrx_word' id='word_1_95' title='bbox 1207 1454 1360 1518; x_wconf 88' lang='lat' dir='ltr'>ecclesiae</span> 
     </span>
     <span class='ocr_line' id='line_1_12' title="bbox 49 1553 1358 1638; baseline -0.001 -18"><span class='ocrx_word' id='word_1_96' title='bbox 49 1562 86 1620; x_wconf 85' lang='lat' dir='ltr'>te</span> <span class='ocrx_word' id='word_1_97' title='bbox 111 1557 326 1619; x_wconf 83' lang='lat' dir='ltr'>instruente</span> <span class='ocrx_word' id='word_1_98' title='bbox 347 1554 505 1636; x_wconf 86' lang='lat' dir='ltr'>didicisse,</span> <span class='ocrx_word' id='word_1_99' title='bbox 530 1576 624 1638; x_wconf 90' lang='lat' dir='ltr'>quem</span> <span class='ocrx_word' id='word_1_100' title='bbox 646 1576 734 1617; x_wconf 90' lang='lat' dir='ltr'>nunc</span> <span class='ocrx_word' id='word_1_101' title='bbox 756 1554 803 1617; x_wconf 91' lang='lat' dir='ltr'>ita</span> <span class='ocrx_word' id='word_1_102' title='bbox 819 1553 937 1616; x_wconf 85' lang='lat' dir='ltr'>hahere</span> <span class='ocrx_word' id='word_1_103' title='bbox 954 1575 988 1616; x_wconf 91' lang='lat' dir='ltr'>se</span> <span class='ocrx_word' id='word_1_104' title='bbox 1005 1557 1226 1638; x_wconf 80' lang='lat' dir='ltr'>comperimus,</span> <span class='ocrx_word' id='word_1_105' title='bbox 1250 1560 1286 1619; x_wconf 91' lang='lat' dir='ltr'>ut</span> <span class='ocrx_word' id='word_1_106' title='bbox 1302 1558 1358 1619; x_wconf 91' lang='lat' dir='ltr'>im-</span> 
     </span>
     <span class='ocr_line' id='line_1_13' title="bbox 51 1656 1358 1742; baseline -0.001 -22"><span class='ocrx_word' id='word_1_107' title='bbox 51 1658 157 1742; x_wconf 90' lang='lat' dir='ltr'>probi</span> <span class='ocrx_word' id='word_1_108' title='bbox 199 1677 268 1740; x_wconf 89' lang='lat' dir='ltr'>per</span> <span class='ocrx_word' id='word_1_109' title='bbox 295 1656 496 1720; x_wconf 80' lang='lat' dir='ltr'>occasionem</span> <span class='ocrx_word' id='word_1_110' title='bbox 522 1656 630 1720; x_wconf 87' lang='lat' dir='ltr'>obitus</span> <span class='ocrx_word' id='word_1_111' title='bbox 664 1659 796 1718; x_wconf 88' lang='lat' dir='ltr'>sanctae</span> <span class='ocrx_word' id='word_1_112' title='bbox 828 1656 999 1718; x_wconf 85' lang='lat' dir='ltr'>memoriae</span> <span class='ocrx_word' id='word_1_113' title='bbox 1027 1656 1186 1719; x_wconf 81' lang='lat' dir='ltr'>Timothei</span> <span class='ocrx_word' id='word_1_114' title='bbox 1216 1657 1358 1719; x_wconf 88' lang='lat' dir='ltr'>camdem</span> 
     </span>
     <span class='ocr_line' id='line_1_14' title="bbox 52 1757 1359 1840; baseline -0.001 -17"><span class='ocrx_word' id='word_1_115' title='bbox 52 1759 250 1823; x_wconf 86' lang='lat' dir='ltr'>ecclesiam</span> <span class='ocrx_word' id='word_1_116' title='bbox 277 1762 435 1822; x_wconf 88' lang='lat' dir='ltr'>conentur</span> <span class='ocrx_word' id='word_1_117' title='bbox 463 1758 580 1821; x_wconf 88' lang='lat' dir='ltr'>habero</span> <span class='ocrx_word' id='word_1_118' title='bbox 608 1758 779 1840; x_wconf 89' lang='lat' dir='ltr'>captivam.</span> <span class='ocrx_word' id='word_1_119' title='bbox 818 1757 911 1821; x_wconf 89' lang='lat' dir='ltr'>Unde</span> <span class='ocrx_word' id='word_1_120' title='bbox 939 1757 1100 1839; x_wconf 79' lang='lat' dir='ltr'>agendum</span> <span class='ocrx_word' id='word_1_121' title='bbox 1123 1763 1173 1820; x_wconf 85' lang='lat' dir='ltr'>cst</span> <span class='ocrx_word' id='word_1_122' title='bbox 1195 1759 1359 1821; x_wconf 85' lang='lat' dir='ltr'>dilectioni</span> 
     </span>
     <span class='ocr_line' id='line_1_15' title="bbox 52 1859 1358 1943; baseline -0.003 -19"><span class='ocrx_word' id='word_1_123' title='bbox 52 1868 139 1924; x_wconf 88' lang='lat' dir='ltr'>tuae</span> <span class='ocrx_word' id='word_1_124' title='bbox 175 1882 261 1924; x_wconf 90' lang='lat' dir='ltr'>curn</span> <span class='ocrx_word' id='word_1_125' title='bbox 291 1859 540 1924; x_wconf 86' lang='lat' dir='ltr'>clementissimo</span> <span class='ocrx_word' id='word_1_126' title='bbox 568 1859 724 1943; x_wconf 84' lang='lat' dir='ltr'>principe,</span> <span class='ocrx_word' id='word_1_127' title='bbox 754 1881 795 1922; x_wconf 89' lang='lat' dir='ltr'>ne</span> <span class='ocrx_word' id='word_1_128' title='bbox 819 1859 1018 1922; x_wconf 86' lang='lat' dir='ltr'>convellatur</span> <span class='ocrx_word' id='word_1_129' title='bbox 1040 1860 1099 1922; x_wconf 83' lang='lat' dir='ltr'>sub</span> <span class='ocrx_word' id='word_1_130' title='bbox 1123 1860 1191 1939; x_wconf 85' lang='lat' dir='ltr'>ejus</span> <span class='ocrx_word' id='word_1_131' title='bbox 1214 1861 1358 1942; x_wconf 88' lang='lat' dir='ltr'>imperio,</span> 
     </span>
     <span class='ocr_line' id='line_1_16' title="bbox 55 1960 1360 2047; baseline 0 -24"><span class='ocrx_word' id='word_1_132' title='bbox 55 1962 149 2047; x_wconf 88' lang='lat' dir='ltr'>quod</span> <span class='ocrx_word' id='word_1_133' title='bbox 177 1961 326 2046; x_wconf 76' lang='lat' dir='ltr'>tyranni</span> <span class='ocrx_word' id='word_1_134' title='bbox 335 1962 361 2043; x_wconf 71' lang='grc'>5)</span> <span class='ocrx_word' id='word_1_135' title='bbox 384 1962 580 2045; x_wconf 87' lang='lat' dir='ltr'>temporibus</span> <span class='ocrx_word' id='word_1_136' title='bbox 602 1961 709 2044; x_wconf 90' lang='lat' dir='ltr'>potuit</span> <span class='ocrx_word' id='word_1_137' title='bbox 737 1961 885 2024; x_wconf 89' lang='lat' dir='ltr'>obtineri.</span> <span class='ocrx_word' id='word_1_138' title='bbox 925 1961 1011 2023; x_wconf 89' lang='lat' dir='ltr'>Data</span> <span class='ocrx_word' id='word_1_139' title='bbox 1033 1960 1142 2029; x_wconf 90' lang='lat' dir='ltr'>Idibus</span> <span class='ocrx_word' id='word_1_140' title='bbox 1165 1961 1243 2023; x_wconf 81' lang='lat' dir='ltr'>dulii</span> <span class='ocrx_word' id='word_1_141' title='bbox 1268 1961 1360 2025; x_wconf 81' lang='lat' dir='ltr'>Seve-</span> 
     </span>
     <span class='ocr_line' id='line_1_17' title="bbox 58 2060 1153 2128; baseline -0.004 0"><span class='ocrx_word' id='word_1_142' title='bbox 58 2067 138 2128; x_wconf 84' lang='lat' dir='ltr'>rino</span> <span class='ocrx_word' id='word_1_143' title='bbox 165 2065 245 2127; x_wconf 77' lang='lat' dir='ltr'>viro</span> <span class='ocrx_word' id='word_1_144' title='bbox 272 2063 449 2127; x_wconf 88' lang='lat' dir='ltr'>clarissimo</span> <span class='ocrx_word' id='word_1_145' title='bbox 472 2063 612 2127; x_wconf 90' lang='lat' dir='ltr'>consule.</span> <span class='ocrx_word' id='word_1_146' title='bbox 647 2060 659 2072; x_wconf 85' lang='grc'><strong>“</strong></span> <span class='ocrx_word' id='word_1_147' title='bbox 1151 2061 1153 2064; x_wconf 71' lang='grc'>’</span> 
     </span>
    </p>
   </div>
   <div class='ocr_carea' id='block_1_3' title="bbox 10 2298 1389 5007">
    <p class='ocr_par' dir='ltr' id='par_1_4' title="bbox 10 2298 1389 5007">
     <span class='ocr_line' id='line_1_18' title="bbox 136 2298 1360 2370; baseline 0 -15"><span class='ocrx_word' id='word_1_148' title='bbox 136 2306 160 2370; x_wconf 73' lang='lat'>³]</span> <span class='ocrx_word' id='word_1_149' title='bbox 184 2302 243 2355; x_wconf 81' lang='lat' dir='ltr'>llic</span> <span class='ocrx_word' id='word_1_150' title='bbox 264 2301 418 2369; x_wconf 79' lang='lat' dir='ltr'>colligitur,</span> <span class='ocrx_word' id='word_1_151' title='bbox 436 2300 645 2366; x_wconf 71' lang='lat' dir='ltr'>calendionem,</span> <span class='ocrx_word' id='word_1_152' title='bbox 669 2299 718 2353; x_wconf 89' lang='lat' dir='ltr'>ubi</span> <span class='ocrx_word' id='word_1_153' title='bbox 736 2298 975 2368; x_wconf 80' lang='lat' dir='ltr'>Constantinopoli</span> <span class='ocrx_word' id='word_1_154' title='bbox 994 2299 1137 2353; x_wconf 88' lang='lat' dir='ltr'>ordinatus</span> <span class='ocrx_word' id='word_1_155' title='bbox 1156 2304 1209 2367; x_wconf 85' lang='lat' dir='ltr'>cst,</span> <span class='ocrx_word' id='word_1_156' title='bbox 1229 2301 1360 2356; x_wconf 86' lang='lat' dir='ltr'>continuo</span> 
     </span>
     <span class='ocr_line' id='line_1_19' title="bbox 62 2384 1360 2454; baseline -0.002 -13"><span class='ocrx_word' id='word_1_157' title='bbox 62 2387 264 2441; x_wconf 74' lang='lat' dir='ltr'>Antiochiam</span> <span class='ocrx_word' id='word_1_158' title='bbox 283 2386 471 2452; x_wconf 83' lang='lat' dir='ltr'>contendisse,</span> <span class='ocrx_word' id='word_1_159' title='bbox 491 2385 590 2439; x_wconf 88' lang='lat' dir='ltr'>deinde</span> <span class='ocrx_word' id='word_1_160' title='bbox 604 2386 787 2454; x_wconf 86' lang='lat' dir='ltr'>comprobata</span> <span class='ocrx_word' id='word_1_161' title='bbox 803 2385 831 2436; x_wconf 90' lang='lat' dir='ltr'>in</span> <span class='ocrx_word' id='word_1_162' title='bbox 846 2384 983 2438; x_wconf 76' lang='lat' dir='ltr'>Orientati</span> <span class='ocrx_word' id='word_1_163' title='bbox 996 2385 1101 2453; x_wconf 74' lang='lat' dir='ltr'>synodo</span> <span class='ocrx_word' id='word_1_164' title='bbox 1114 2387 1173 2454; x_wconf 87' lang='lat' dir='ltr'>ejus</span> <span class='ocrx_word' id='word_1_165' title='bbox 1186 2385 1360 2440; x_wconf 87' lang='lat' dir='ltr'>ordinat-ione</span> 
     </span>
     <span class='ocr_line' id='line_1_20' title="bbox 63 2468 1361 2545; baseline -0.001 -20"><span class='ocrx_word' id='word_1_166' title='bbox 63 2471 246 2542; x_wconf 73' lang='lat' dir='ltr'>synodicam</span> <span class='ocrx_word' id='word_1_167' title='bbox 271 2470 419 2540; x_wconf 88' lang='lat' dir='ltr'>epistolam</span> <span class='ocrx_word' id='word_1_168' title='bbox 442 2471 566 2538; x_wconf 87' lang='lat' dir='ltr'>ejusdem</span> <span class='ocrx_word' id='word_1_169' title='bbox 593 2470 712 2523; x_wconf 85' lang='lat' dir='ltr'>indicem</span> <span class='ocrx_word' id='word_1_170' title='bbox 734 2469 770 2522; x_wconf 90' lang='lat' dir='ltr'>ad</span> <span class='ocrx_word' id='word_1_171' title='bbox 793 2468 964 2537; x_wconf 82' lang='lat' dir='ltr'>Simplicium</span> <span class='ocrx_word' id='word_1_172' title='bbox 984 2470 1094 2545; x_wconf 24' lang='lat' dir='ltr'>‚misisse</span> <span class='ocrx_word' id='word_1_173' title='bbox 1122 2487 1172 2538; x_wconf 84' lang='lat' dir='ltr'>por</span> <span class='ocrx_word' id='word_1_174' title='bbox 1197 2476 1361 2525; x_wconf 63' lang='lat' dir='ltr'>slirartasiioa</span> 
     </span>
     <span class='ocr_line' id='line_1_21' title="bbox 64 2553 1360 2626; baseline -0.001 -15"><span class='ocrx_word' id='word_1_175' title='bbox 64 2558 202 2611; x_wconf 82' lang='lat' dir='ltr'>Orientis</span> <span class='ocrx_word' id='word_1_176' title='bbox 222 2555 399 2626; x_wconf 86' lang='lat' dir='ltr'>episcopum.</span> <span class='ocrx_word' id='word_1_177' title='bbox 435 2554 524 2619; x_wconf 84' lang='lat' dir='ltr'>Quum</span> <span class='ocrx_word' id='word_1_178' title='bbox 543 2556 639 2621; x_wconf 86' lang='lat' dir='ltr'>itaque</span> <span class='ocrx_word' id='word_1_179' title='bbox 657 2554 697 2607; x_wconf 88' lang='lat' dir='ltr'>ait</span> <span class='ocrx_word' id='word_1_180' title='bbox 715 2553 873 2623; x_wconf 82' lang='lat' dir='ltr'>Simplicius</span> <span class='ocrx_word' id='word_1_181' title='bbox 892 2553 1067 2606; x_wconf 72' lang='lat' dir='ltr'>Calendionis</span> <span class='ocrx_word' id='word_1_182' title='bbox 1086 2556 1261 2624; x_wconf 85' lang='lat' dir='ltr'>episcopatus</span> <span class='ocrx_word' id='word_1_183' title='bbox 1280 2577 1360 2610; x_wconf 72' lang='lat' dir='ltr'>caror-</span> 
     </span>
     <span class='ocr_line' id='line_1_22' title="bbox 65 2638 1360 2710; baseline -0.002 -15"><span class='ocrx_word' id='word_1_184' title='bbox 65 2648 137 2695; x_wconf 74' lang='lat' dir='ltr'>dr&#39;m</span> <span class='ocrx_word' id='word_1_185' title='bbox 159 2641 220 2694; x_wconf 81' lang='lat' dir='ltr'>sibi</span> <span class='ocrx_word' id='word_1_186' title='bbox 240 2648 328 2695; x_wconf 78' lang='lat' dir='ltr'>serias</span> <span class='ocrx_word' id='word_1_187' title='bbox 345 2640 432 2710; x_wconf 86' lang='lat' dir='ltr'>ipsius</span> <span class='ocrx_word' id='word_1_188' title='bbox 449 2640 549 2693; x_wconf 81' lang='lat' dir='ltr'>litterir</span> <span class='ocrx_word' id='word_1_189' title='bbox 568 2646 715 2701; x_wconf 83' lang='lat' dir='ltr'>indicatam,</span> <span class='ocrx_word' id='word_1_190' title='bbox 740 2638 792 2691; x_wconf 90' lang='lat' dir='ltr'>hoc</span> <span class='ocrx_word' id='word_1_191' title='bbox 811 2638 878 2690; x_wconf 89' lang='lat' dir='ltr'>dicit</span> <span class='ocrx_word' id='word_1_192' title='bbox 895 2638 992 2691; x_wconf 86' lang='lat' dir='ltr'>habita</span> <span class='ocrx_word' id='word_1_193' title='bbox 1010 2639 1118 2691; x_wconf 83' lang='lat' dir='ltr'>ratione</span> <span class='ocrx_word' id='word_1_194' title='bbox 1136 2641 1285 2708; x_wconf 78' lang='lat' dir='ltr'>temporis,</span> <span class='ocrx_word' id='word_1_195' title='bbox 1306 2658 1360 2708; x_wconf 86' lang='lat' dir='ltr'>quo</span> 
     </span>
     <span class='ocr_line' id='line_1_23' title="bbox 67 2723 1361 2795; baseline 0 -16"><span class='ocrx_word' id='word_1_196' title='bbox 67 2727 140 2780; x_wconf 81' lang='lat' dir='ltr'>sslnd</span> <span class='ocrx_word' id='word_1_197' title='bbox 160 2726 403 2795; x_wconf 84' lang='lat' dir='ltr'>eximperatoris</span> <span class='ocrx_word' id='word_1_198' title='bbox 424 2725 524 2778; x_wconf 84' lang='lat' dir='ltr'>littoris</span> <span class='ocrx_word' id='word_1_199' title='bbox 547 2724 691 2778; x_wconf 88' lang='lat' dir='ltr'>didicerat.</span> <span class='ocrx_word' id='word_1_200' title='bbox 728 2723 825 2776; x_wconf 79' lang='lat' dir='ltr'>Victor</span> <span class='ocrx_word' id='word_1_201' title='bbox 844 2723 1017 2776; x_wconf 79' lang='lat' dir='ltr'>Tuiumensis</span> <span class='ocrx_word' id='word_1_202' title='bbox 1041 2724 1075 2776; x_wconf 87' lang='lat' dir='ltr'>dc</span> <span class='ocrx_word' id='word_1_203' title='bbox 1095 2724 1270 2779; x_wconf 84' lang='lat' dir='ltr'>Calcndionis</span> <span class='ocrx_word' id='word_1_204' title='bbox 1290 2727 1361 2779; x_wconf 90' lang='lat' dir='ltr'>ordi-</span> 
     </span>
     <span class='ocr_line' id='line_1_24' title="bbox 66 2809 1357 2880; baseline 0 -15"><span class='ocrx_word' id='word_1_205' title='bbox 66 2813 194 2865; x_wconf 77' lang='lat' dir='ltr'>natione</span> <span class='ocrx_word' id='word_1_206' title='bbox 212 2811 365 2880; x_wconf 68' lang='lat' dir='ltr'>praefatus</span> <span class='ocrx_word' id='word_1_207' title='bbox 383 2809 489 2863; x_wconf 80' lang='lat' dir='ltr'>subdit:</span> <span class='ocrx_word' id='word_1_208' title='bbox 515 2813 658 2864; x_wconf 74' lang='lat' dir='ltr'>orientales</span> <span class='ocrx_word' id='word_1_209' title='bbox 676 2815 791 2877; x_wconf 78' lang='lat' dir='ltr'>episcopi</span> <span class='ocrx_word' id='word_1_210' title='bbox 808 2821 931 2877; x_wconf 80' lang='lat' dir='ltr'>tamqnam</span> <span class='ocrx_word' id='word_1_211' title='bbox 950 2815 1090 2862; x_wconf 75' lang='lat' dir='ltr'>nescientes</span> <span class='ocrx_word' id='word_1_212' title='bbox 1109 2814 1247 2863; x_wconf 79' lang='lat' dir='ltr'>Jolrnnnem</span> <span class='ocrx_word' id='word_1_213' title='bbox 1266 2832 1357 2877; x_wconf 79' lang='lat' dir='ltr'>capno·</span> 
     </span>
     <span class='ocr_line' id='line_1_25' title="bbox 67 2896 1360 2961; baseline -0.002 -11"><span class='ocrx_word' id='word_1_214' title='bbox 67 2910 157 2951; x_wconf 67' lang='lat' dir='ltr'>miti</span> <span class='ocrx_word' id='word_1_215' title='bbox 181 2901 346 2950; x_wconf 77' lang='lat' dir='ltr'>Codonntanr</span> <span class='ocrx_word' id='word_1_216' title='bbox 364 2901 442 2949; x_wconf 73' lang='lat' dir='ltr'>sidera</span> <span class='ocrx_word' id='word_1_217' title='bbox 456 2899 630 2948; x_wconf 80' lang='lat' dir='ltr'>Antioehcnac</span> <span class='ocrx_word' id='word_1_218' title='bbox 649 2899 771 2947; x_wconf 80' lang='lat' dir='ltr'>ccclesiae</span> <span class='ocrx_word' id='word_1_219' title='bbox 789 2906 972 2946; x_wconf 85' lang='lat' dir='ltr'>consecrarant</span> <span class='ocrx_word' id='word_1_220' title='bbox 990 2899 1141 2961; x_wconf 82' lang='lat' dir='ltr'>episcopam.</span> <span class='ocrx_word' id='word_1_221' title='bbox 1174 2896 1279 2958; x_wconf 75' lang='lat' dir='ltr'>Quibus</span> <span class='ocrx_word' id='word_1_222' title='bbox 1298 2912 1360 2947; x_wconf 89' lang='lat' dir='ltr'>con-</span> 
     </span>
     <span class='ocr_line' id='line_1_26' title="bbox 68 2979 1360 3049; baseline 0 -15"><span class='ocrx_word' id='word_1_223' title='bbox 68 2981 162 3034; x_wconf 68' lang='lat' dir='ltr'>norit</span> <span class='ocrx_word' id='word_1_224' title='bbox 188 2979 381 3049; x_wconf 80' lang='lat' dir='ltr'>Theophanes</span> <span class='ocrx_word' id='word_1_225' title='bbox 404 2979 421 3032; x_wconf 93' lang='lat' dir='ltr'>l.</span> <span class='ocrx_word' id='word_1_226' title='bbox 441 2997 477 3033; x_wconf 85' lang='lat' dir='ltr'>c-.:</span> <span class='ocrx_word' id='word_1_227' title='bbox 502 2984 686 3033; x_wconf 74' lang='lat' dir='ltr'>Antiochenses</span> <span class='ocrx_word' id='word_1_228' title='bbox 707 2985 877 3032; x_wconf 72' lang='lat' dir='ltr'>ordinationis</span> <span class='ocrx_word' id='word_1_229' title='bbox 898 2984 986 3044; x_wconf 74' lang='lat' dir='ltr'>frictae</span> <span class='ocrx_word' id='word_1_230' title='bbox 1004 2984 1084 3031; x_wconf 81' lang='lat' dir='ltr'>nescii</span> <span class='ocrx_word' id='word_1_231' title='bbox 1103 2984 1243 3032; x_wconf 59' lang='lat' dir='ltr'>«Iohannem</span> <span class='ocrx_word' id='word_1_232' title='bbox 1263 2987 1360 3034; x_wconf 76' lang='lat' dir='ltr'>araiaine</span> 
     </span>
     <span class='ocr_line' id='line_1_27' title="bbox 71 3068 1359 3133; baseline -0.002 -12"><span class='ocrx_word' id='word_1_233' title='bbox 71 3072 244 3121; x_wconf 74' lang='lat' dir='ltr'>Corionutm</span> <span class='ocrx_word' id='word_1_234' title='bbox 266 3070 318 3119; x_wconf 70' lang='lat' dir='ltr'>aiot</span> <span class='ocrx_word' id='word_1_235' title='bbox 336 3069 531 3133; x_wconf 81' lang='lat' dir='ltr'>praefecerant,</span> <span class='ocrx_word' id='word_1_236' title='bbox 556 3084 626 3133; x_wconf 80' lang='lat' dir='ltr'>quera</span> <span class='ocrx_word' id='word_1_237' title='bbox 648 3071 793 3132; x_wconf 81' lang='lat' dir='ltr'>episcopum</span> <span class='ocrx_word' id='word_1_238' title='bbox 817 3069 939 3116; x_wconf 79' lang='lat' dir='ltr'>Calendio</span> <span class='ocrx_word' id='word_1_239' title='bbox 961 3069 1116 3131; x_wconf 81' lang='lat' dir='ltr'>postmodam</span> <span class='ocrx_word' id='word_1_240' title='bbox 1139 3070 1162 3117; x_wconf 88' lang='lat' dir='ltr'>ia</span> <span class='ocrx_word' id='word_1_241' title='bbox 1186 3068 1248 3131; x_wconf 78' lang='lat' dir='ltr'>Tprr&#39;</span> <span class='ocrx_word' id='word_1_242' title='bbox 1267 3072 1359 3125; x_wconf 74' lang='lat' dir='ltr'>sertem,</span> 
     </span>
     <span class='ocr_line' id='line_1_28' title="bbox 70 3147 1360 3220; baseline -0.002 -16"><span class='ocrx_word' id='word_1_243' title='bbox 70 3170 142 3220; x_wconf 72' lang='lat' dir='ltr'>qm</span> <span class='ocrx_word' id='word_1_244' title='bbox 159 3162 228 3220; x_wconf 75' lang='lat' dir='ltr'>port</span> <span class='ocrx_word' id='word_1_245' title='bbox 250 3154 410 3204; x_wconf 83' lang='lat' dir='ltr'>Antiochiam</span> <span class='ocrx_word' id='word_1_246' title='bbox 426 3155 509 3217; x_wconf 85' lang='lat' dir='ltr'>prino</span> <span class='ocrx_word' id='word_1_247' title='bbox 527 3161 579 3213; x_wconf 81' lang='lat' dir='ltr'>est,</span> <span class='ocrx_word' id='word_1_248' title='bbox 597 3155 737 3206; x_wconf 83' lang='lat' dir='ltr'>transtulit.</span> <span class='ocrx_word' id='word_1_249' title='bbox 767 3148 871 3201; x_wconf 85' lang='lat' dir='ltr'>Verum</span> <span class='ocrx_word' id='word_1_250' title='bbox 890 3147 932 3200; x_wconf 88' lang='lat' dir='ltr'>his</span> <span class='ocrx_word' id='word_1_251' title='bbox 945 3152 1095 3216; x_wconf 78' lang='lat' dir='ltr'>repugnat,</span> <span class='ocrx_word' id='word_1_252' title='bbox 1116 3149 1190 3216; x_wconf 84' lang='lat' dir='ltr'>quod</span> <span class='ocrx_word' id='word_1_253' title='bbox 1204 3148 1360 3218; x_wconf 82' lang='lat' dir='ltr'>Simplicius</span> 
     </span>
     <span class='ocr_line' id='line_1_29' title="bbox 71 3232 1362 3305; baseline -0.002 -17"><span class='ocrx_word' id='word_1_254' title='bbox 71 3234 159 3305; x_wconf 72' lang='lat' dir='ltr'>epist„</span> <span class='ocrx_word' id='word_1_255' title='bbox 184 3241 218 3288; x_wconf 78' lang='lat' dir='ltr'>tt</span> <span class='ocrx_word' id='word_1_256' title='bbox 237 3251 266 3286; x_wconf 91' lang='lat' dir='ltr'>n.</span> <span class='ocrx_word' id='word_1_257' title='bbox 284 3239 301 3286; x_wconf 79' lang='lat'><strong>2</strong></span> <span class='ocrx_word' id='word_1_258' title='bbox 320 3250 353 3286; x_wconf 84' lang='lat' dir='ltr'>ex</span> <span class='ocrx_word' id='word_1_259' title='bbox 371 3234 424 3287; x_wconf 83' lang='lat' dir='ltr'>tide.</span> <span class='ocrx_word' id='word_1_260' title='bbox 437 3234 554 3287; x_wconf 84' lang='lat' dir='ltr'>Zenonis</span> <span class='ocrx_word' id='word_1_261' title='bbox 572 3233 749 3302; x_wconf 85' lang='lat' dir='ltr'>imperatoris.</span> <span class='ocrx_word' id='word_1_262' title='bbox 762 3233 870 3298; x_wconf 88' lang='lat' dir='ltr'>scribit,</span> <span class='ocrx_word' id='word_1_263' title='bbox 890 3232 1085 3286; x_wconf 81' lang='lat' dir='ltr'>Calemliouam</span> <span class='ocrx_word' id='word_1_264' title='bbox 1099 3233 1278 3286; x_wconf 80' lang='lat' dir='ltr'>Antiochenis</span> <span class='ocrx_word' id='word_1_265' title='bbox 1291 3243 1362 3301; x_wconf 66' lang='lat' dir='ltr'>:quan</span> 
     </span>
     <span class='ocr_line' id='line_1_30' title="bbox 74 3317 1360 3387; baseline -0.003 -13"><span class='ocrx_word' id='word_1_266' title='bbox 74 3324 332 3386; x_wconf 69' lang='lat' dir='ltr'>Conmndnopolin</span> <span class='ocrx_word' id='word_1_267' title='bbox 348 3325 435 3372; x_wconf 69' lang='lat' dir='ltr'>tndem</span> <span class='ocrx_word' id='word_1_268' title='bbox 453 3323 595 3387; x_wconf 80' lang='lat' dir='ltr'>petentibus</span> <span class='ocrx_word' id='word_1_269' title='bbox 613 3318 771 3372; x_wconf 87' lang='lat' dir='ltr'>ordinatum</span> <span class='ocrx_word' id='word_1_270' title='bbox 791 3334 850 3371; x_wconf 78' lang='lat' dir='ltr'>csse</span> <span class='ocrx_word' id='word_1_271' title='bbox 869 3317 1029 3371; x_wconf 69' lang='lat' dir='ltr'>anstistitem.</span> <span class='ocrx_word' id='word_1_272' title='bbox 1067 3318 1097 3370; x_wconf 86' lang='lat' dir='ltr'>Id</span> <span class='ocrx_word' id='word_1_273' title='bbox 1116 3335 1181 3371; x_wconf 83' lang='lat' dir='ltr'>vero</span> <span class='ocrx_word' id='word_1_274' title='bbox 1196 3318 1360 3386; x_wconf 81' lang='lat' dir='ltr'>Theophani</span> 
     </span>
     <span class='ocr_line' id='line_1_31' title="bbox 74 3402 1360 3472; baseline -0.002 -14"><span class='ocrx_word' id='word_1_275' title='bbox 74 3410 105 3458; x_wconf 88' lang='lat' dir='ltr'>et</span> <span class='ocrx_word' id='word_1_276' title='bbox 123 3403 242 3457; x_wconf 85' lang='lat' dir='ltr'>Victori</span> <span class='ocrx_word' id='word_1_277' title='bbox 265 3402 344 3457; x_wconf 89' lang='lat' dir='ltr'>dedit</span> <span class='ocrx_word' id='word_1_278' title='bbox 365 3404 477 3457; x_wconf 82' lang='lat' dir='ltr'>errandi</span> <span class='ocrx_word' id='word_1_279' title='bbox 499 3421 623 3467; x_wconf 87' lang='lat' dir='ltr'>causam,</span> <span class='ocrx_word' id='word_1_280' title='bbox 651 3403 726 3470; x_wconf 83' lang='lat' dir='ltr'>quod</span> <span class='ocrx_word' id='word_1_281' title='bbox 748 3403 824 3455; x_wconf 80' lang='lat' dir='ltr'>Felix</span> <span class='ocrx_word' id='word_1_282' title='bbox 846 3420 934 3472; x_wconf 87' lang='lat' dir='ltr'>papa,</span> <span class='ocrx_word' id='word_1_283' title='bbox 957 3403 1082 3455; x_wconf 79' lang='lat' dir='ltr'>Gelasins</span> <span class='ocrx_word' id='word_1_284' title='bbox 1106 3405 1134 3455; x_wconf 89' lang='lat' dir='ltr'>ct</span> <span class='ocrx_word' id='word_1_285' title='bbox 1156 3403 1303 3456; x_wconf 76' lang='lat' dir='ltr'>Liberatus</span> <span class='ocrx_word' id='word_1_286' title='bbox 1326 3404 1360 3456; x_wconf 87' lang='lat' dir='ltr'>de</span> 
     </span>
     <span class='ocr_line' id='line_1_32' title="bbox 74 3487 1361 3556; baseline -0.003 -13"><span class='ocrx_word' id='word_1_287' title='bbox 74 3489 214 3543; x_wconf 73' lang='lat' dir='ltr'>Iohanne</span> <span class='ocrx_word' id='word_1_288' title='bbox 231 3491 362 3554; x_wconf 84' lang='lat' dir='ltr'>narrant,</span> <span class='ocrx_word' id='word_1_289' title='bbox 381 3506 444 3542; x_wconf 89' lang='lat' dir='ltr'>eum</span> <span class='ocrx_word' id='word_1_290' title='bbox 461 3488 591 3543; x_wconf 75' lang='lat' dir='ltr'>ridelicet</span> <span class='ocrx_word' id='word_1_291' title='bbox 610 3506 628 3542; x_wconf 89' lang='lat' dir='ltr'>a</span> <span class='ocrx_word' id='word_1_292' title='bbox 644 3487 728 3540; x_wconf 90' lang='lat' dir='ltr'>Petro</span> <span class='ocrx_word' id='word_1_293' title='bbox 747 3487 861 3540; x_wconf 83' lang='lat' dir='ltr'>Fullone</span> <span class='ocrx_word' id='word_1_294' title='bbox 879 3487 1030 3556; x_wconf 82' lang='lat' dir='ltr'>Apamenis</span> <span class='ocrx_word' id='word_1_295' title='bbox 1050 3488 1205 3540; x_wconf 87' lang='lat' dir='ltr'>ordinatum</span> <span class='ocrx_word' id='word_1_296' title='bbox 1226 3491 1254 3541; x_wconf 86' lang='lat' dir='ltr'>ct</span> <span class='ocrx_word' id='word_1_297' title='bbox 1272 3487 1361 3541; x_wconf 86' lang='lat' dir='ltr'>abeis</span> 
     </span>
     <span class='ocr_line' id='line_1_33' title="bbox 76 3572 1360 3642; baseline -0.003 -13"><span class='ocrx_word' id='word_1_298' title='bbox 76 3575 236 3642; x_wconf 82' lang='lat' dir='ltr'>rejectum,</span> <span class='ocrx_word' id='word_1_299' title='bbox 255 3573 350 3626; x_wconf 79' lang='lat' dir='ltr'>statim</span> <span class='ocrx_word' id='word_1_300' title='bbox 368 3572 396 3626; x_wconf 92' lang='lat' dir='ltr'>in</span> <span class='ocrx_word' id='word_1_301' title='bbox 408 3574 608 3628; x_wconf 88' lang='lat' dir='ltr'>Antiochenam</span> <span class='ocrx_word' id='word_1_302' title='bbox 627 3572 773 3626; x_wconf 83' lang='lat' dir='ltr'>ecclesiam</span> <span class='ocrx_word' id='word_1_303' title='bbox 785 3573 875 3639; x_wconf 84' lang='lat' dir='ltr'>ejecto</span> <span class='ocrx_word' id='word_1_304' title='bbox 893 3572 954 3640; x_wconf 88' lang='lat' dir='ltr'>ipso</span> <span class='ocrx_word' id='word_1_305' title='bbox 967 3572 1081 3624; x_wconf 83' lang='lat' dir='ltr'>Fullone</span> <span class='ocrx_word' id='word_1_306' title='bbox 1101 3573 1246 3638; x_wconf 84' lang='lat' dir='ltr'>invasisse,</span> <span class='ocrx_word' id='word_1_307' title='bbox 1265 3590 1298 3625; x_wconf 87' lang='lat' dir='ltr'>ac</span> <span class='ocrx_word' id='word_1_308' title='bbox 1315 3574 1360 3625; x_wconf 84' lang='lat' dir='ltr'>‹le-</span> 
     </span>
     <span class='ocr_line' id='line_1_34' title="bbox 77 3656 1358 3727; baseline -0.002 -14"><span class='ocrx_word' id='word_1_309' title='bbox 77 3677 157 3713; x_wconf 84' lang='lat' dir='ltr'>mum</span> <span class='ocrx_word' id='word_1_310' title='bbox 170 3656 270 3726; x_wconf 81' lang='lat' dir='ltr'>Tyriis</span> <span class='ocrx_word' id='word_1_311' title='bbox 286 3659 457 3727; x_wconf 86' lang='lat' dir='ltr'>praefectum</span> <span class='ocrx_word' id='word_1_312' title='bbox 471 3660 506 3712; x_wconf 90' lang='lat' dir='ltr'>ab</span> <span class='ocrx_word' id='word_1_313' title='bbox 519 3658 621 3712; x_wconf 78' lang='lat' dir='ltr'>Amicio</span> <span class='ocrx_word' id='word_1_314' title='bbox 639 3657 730 3711; x_wconf 83' lang='lat' dir='ltr'>tuisse.</span> <span class='ocrx_word' id='word_1_315' title='bbox 761 3657 886 3711; x_wconf 85' lang='lat' dir='ltr'>Valesius</span> <span class='ocrx_word' id='word_1_316' title='bbox 900 3657 1012 3724; x_wconf 82' lang='lat' dir='ltr'>quidem</span> <span class='ocrx_word' id='word_1_317' title='bbox 1027 3657 1064 3715; x_wconf 78' lang='lat' dir='ltr'>tin</span> <span class='ocrx_word' id='word_1_318' title='bbox 1078 3658 1202 3711; x_wconf 83' lang='lat' dir='ltr'>rulnotat.</span> <span class='ocrx_word' id='word_1_319' title='bbox 1216 3658 1244 3709; x_wconf 90' lang='lat' dir='ltr'>in</span> <span class='ocrx_word' id='word_1_320' title='bbox 1258 3658 1358 3726; x_wconf 80' lang='lat' dir='ltr'>Evagr.</span> 
     </span>
     <span class='ocr_line' id='line_1_35' title="bbox 77 3740 1360 3811; baseline -0.001 -14"><span class='ocrx_word' id='word_1_321' title='bbox 77 3744 131 3807; x_wconf 80' lang='grc' dir='ltr'>ΠΙ,</span> <span class='ocrx_word' id='word_1_322' title='bbox 154 3749 189 3797; x_wconf 78' lang='lat' dir='ltr'>tt&gt;</span> <span class='ocrx_word' id='word_1_323' title='bbox 206 3744 237 3796; x_wconf 88' lang='lat' dir='ltr'>ct</span> <span class='ocrx_word' id='word_1_324' title='bbox 257 3740 375 3797; x_wconf 83' lang='lat' dir='ltr'>maxime</span> <span class='ocrx_word' id='word_1_325' title='bbox 392 3743 421 3796; x_wconf 94' lang='lat' dir='ltr'>in</span> <span class='ocrx_word' id='word_1_326' title='bbox 439 3743 546 3800; x_wconf 87' lang='lat' dir='ltr'>dissert.</span> <span class='ocrx_word' id='word_1_327' title='bbox 568 3743 603 3796; x_wconf 92' lang='lat' dir='ltr'>ad</span> <span class='ocrx_word' id='word_1_328' title='bbox 623 3742 677 3811; x_wconf 90' lang='lat' dir='ltr'>ejd.</span> <span class='ocrx_word' id='word_1_329' title='bbox 698 3758 742 3811; x_wconf 90' lang='lat' dir='ltr'>op.</span> <span class='ocrx_word' id='word_1_330' title='bbox 762 3742 828 3795; x_wconf 86' lang='lat' dir='ltr'>calc.</span> <span class='ocrx_word' id='word_1_331' title='bbox 848 3752 912 3810; x_wconf 76' lang='lat' dir='ltr'>pag.</span> <span class='ocrx_word' id='word_1_332' title='bbox 928 3748 987 3801; x_wconf 77' lang='lat' dir='ltr'>ism</span> <span class='ocrx_word' id='word_1_333' title='bbox 1004 3744 1076 3796; x_wconf 89' lang='lat' dir='ltr'>hunc</span> <span class='ocrx_word' id='word_1_334' title='bbox 1089 3744 1258 3808; x_wconf 84' lang='lat' dir='ltr'>Johanucm,</span> <span class='ocrx_word' id='word_1_335' title='bbox 1278 3760 1360 3809; x_wconf 60' lang='lat' dir='ltr'>(ruam</span> 
     </span>
     <span class='ocr_line' id='line_1_36' title="bbox 78 3826 1359 3898; baseline -0.002 -16"><span class='ocrx_word' id='word_1_336' title='bbox 78 3828 178 3896; x_wconf 71' lang='lat' dir='ltr'>Tyriis</span> <span class='ocrx_word' id='word_1_337' title='bbox 195 3826 336 3898; x_wconf 80' lang='lat' dir='ltr'>praefecit</span> <span class='ocrx_word' id='word_1_338' title='bbox 353 3827 482 3894; x_wconf 86' lang='lat' dir='ltr'>Aeacius,</span> <span class='ocrx_word' id='word_1_339' title='bbox 499 3843 556 3881; x_wconf 91' lang='lat' dir='ltr'>non</span> <span class='ocrx_word' id='word_1_340' title='bbox 574 3827 658 3881; x_wconf 90' lang='lat' dir='ltr'>alium</span> <span class='ocrx_word' id='word_1_341' title='bbox 678 3843 737 3881; x_wconf 86' lang='lat' dir='ltr'>esse</span> <span class='ocrx_word' id='word_1_342' title='bbox 756 3843 868 3880; x_wconf 87' lang='lat' dir='ltr'>censens</span> <span class='ocrx_word' id='word_1_343' title='bbox 888 3827 923 3879; x_wconf 91' lang='lat' dir='ltr'>ab</span> <span class='ocrx_word' id='word_1_344' title='bbox 943 3844 989 3893; x_wconf 87' lang='lat' dir='ltr'>co,</span> <span class='ocrx_word' id='word_1_345' title='bbox 1009 3845 1091 3894; x_wconf 79' lang='lat' dir='ltr'>&lt;piem</span> <span class='ocrx_word' id='word_1_346' title='bbox 1110 3828 1206 3880; x_wconf 80' lang='lat' dir='ltr'>Victor</span> <span class='ocrx_word' id='word_1_347' title='bbox 1225 3830 1253 3880; x_wconf 88' lang='lat' dir='ltr'>ct-</span> <span class='ocrx_word' id='word_1_348' title='bbox 1271 3828 1359 3880; x_wconf 75' lang='lat' dir='ltr'>&#39;l&#39;lico-</span> 
     </span>
     <span class='ocr_line' id='line_1_37' title="bbox 77 3911 1360 3984; baseline -0.003 -16"><span class='ocrx_word' id='word_1_349' title='bbox 77 3914 192 3984; x_wconf 83' lang='lat' dir='ltr'>phanes</span> <span class='ocrx_word' id='word_1_350' title='bbox 211 3911 389 3966; x_wconf 73' lang='lat' dir='ltr'>codonatum</span> <span class='ocrx_word' id='word_1_351' title='bbox 406 3916 520 3978; x_wconf 84' lang='lat' dir='ltr'>vocant,</span> <span class='ocrx_word' id='word_1_352' title='bbox 539 3913 699 3966; x_wconf 90' lang='lat' dir='ltr'>eorumdem</span> <span class='ocrx_word' id='word_1_353' title='bbox 712 3911 901 3965; x_wconf 87' lang='lat' dir='ltr'>narrationem</span> <span class='ocrx_word' id='word_1_354' title='bbox 915 3912 1042 3964; x_wconf 86' lang='lat' dir='ltr'>adhibita</span> <span class='ocrx_word' id='word_1_355' title='bbox 1055 3912 1175 3979; x_wconf 85' lang='lat' dir='ltr'>quadam</span> <span class='ocrx_word' id='word_1_356' title='bbox 1189 3913 1360 3965; x_wconf 87' lang='lat' dir='ltr'>correctione</span> 
     </span>
     <span class='ocr_line' id='line_1_38' title="bbox 77 3994 1360 4067; baseline -0.002 -16"><span class='ocrx_word' id='word_1_357' title='bbox 77 3997 220 4051; x_wconf 72' lang='lat' dir='ltr'>admittit</span> <span class='ocrx_word' id='word_1_358' title='bbox 254 3994 309 4050; x_wconf 83' lang='lat' dir='ltr'>Sed</span> <span class='ocrx_word' id='word_1_359' title='bbox 325 4013 398 4051; x_wconf 84' lang='lat' dir='ltr'>nova</span> <span class='ocrx_word' id='word_1_360' title='bbox 415 4000 475 4067; x_wconf 88' lang='lat' dir='ltr'>ejus</span> <span class='ocrx_word' id='word_1_361' title='bbox 493 3997 655 4066; x_wconf 84' lang='lat' dir='ltr'>hypothesis</span> <span class='ocrx_word' id='word_1_362' title='bbox 672 3998 755 4063; x_wconf 72' lang='lat' dir='ltr'>longe</span> <span class='ocrx_word' id='word_1_363' title='bbox 774 3995 911 4049; x_wconf 81' lang='lat' dir='ltr'>difficilius</span> <span class='ocrx_word' id='word_1_364' title='bbox 930 3997 1059 4065; x_wconf 86' lang='lat' dir='ltr'>componi</span> <span class='ocrx_word' id='word_1_365' title='bbox 1072 4014 1133 4049; x_wconf 91' lang='lat' dir='ltr'>cnm</span> <span class='ocrx_word' id='word_1_366' title='bbox 1148 3997 1280 4065; x_wconf 75' lang='lat' dir='ltr'>historica</span> <span class='ocrx_word' id='word_1_367' title='bbox 1292 3997 1360 4049; x_wconf 86' lang='lat' dir='ltr'>vori-</span> 
     </span>
     <span class='ocr_line' id='line_1_39' title="bbox 78 4080 1360 4152; baseline -0.002 -15"><span class='ocrx_word' id='word_1_368' title='bbox 78 4086 140 4137; x_wconf 73' lang='lat' dir='ltr'>tate</span> <span class='ocrx_word' id='word_1_369' title='bbox 157 4083 269 4152; x_wconf 74' lang='lat' dir='ltr'>potest.</span> <span class='ocrx_word' id='word_1_370' title='bbox 306 4080 370 4146; x_wconf 76' lang='lat' dir='ltr'>Quis</span> <span class='ocrx_word' id='word_1_371' title='bbox 388 4082 461 4135; x_wconf 89' lang='lat' dir='ltr'>enim</span> <span class='ocrx_word' id='word_1_372' title='bbox 480 4081 589 4148; x_wconf 87' lang='lat' dir='ltr'>credat,</span> <span class='ocrx_word' id='word_1_373' title='bbox 608 4082 765 4136; x_wconf 88' lang='lat' dir='ltr'>Johanncm</span> <span class='ocrx_word' id='word_1_374' title='bbox 784 4081 873 4146; x_wconf 90' lang='lat' dir='ltr'>illum,</span> <span class='ocrx_word' id='word_1_375' title='bbox 893 4098 975 4150; x_wconf 88' lang='lat' dir='ltr'>quem</span> <span class='ocrx_word' id='word_1_376' title='bbox 994 4081 1151 4149; x_wconf 78' lang='lat' dir='ltr'>Simplicius</span> <span class='ocrx_word' id='word_1_377' title='bbox 1171 4082 1250 4150; x_wconf 83' lang='lat' dir='ltr'>epist.</span> <span class='ocrx_word' id='word_1_378' title='bbox 1271 4089 1285 4134; x_wconf 84' lang='lat'>7</span> <span class='ocrx_word' id='word_1_379' title='bbox 1304 4089 1360 4135; x_wconf 87' lang='lat' dir='ltr'>n.3</span> 
     </span>
     <span class='ocr_line' id='line_1_40' title="bbox 77 4167 1360 4233; baseline -0.002 -12"><span class='ocrx_word' id='word_1_380' title='bbox 77 4172 125 4221; x_wconf 76' lang='lat' dir='ltr'>uh</span> <span class='ocrx_word' id='word_1_381' title='bbox 143 4171 312 4221; x_wconf 70' lang='lat' dir='ltr'>muman</span> <span class='ocrx_word' id='word_1_382' title='bbox 333 4188 350 4220; x_wconf 90' lang='lat' dir='ltr'>n</span> <span class='ocrx_word' id='word_1_383' title='bbox 368 4170 567 4221; x_wconf 80' lang='lat' dir='ltr'>Christianorum</span> <span class='ocrx_word' id='word_1_384' title='bbox 588 4173 716 4221; x_wconf 83' lang='lat' dir='ltr'>consortio</span> <span class='ocrx_word' id='word_1_385' title='bbox 735 4174 772 4220; x_wconf 84' lang='lat' dir='ltr'>nel</span> <span class='ocrx_word' id='word_1_386' title='bbox 793 4173 965 4233; x_wconf 79' lang='lat' dir='ltr'>appellatione</span> <span class='ocrx_word' id='word_1_387' title='bbox 988 4168 1157 4230; x_wconf 82' lang='lat' dir='ltr'>removerat,</span> <span class='ocrx_word' id='word_1_388' title='bbox 1181 4168 1230 4219; x_wconf 89' lang='lat' dir='ltr'>aut</span> <span class='ocrx_word' id='word_1_389' title='bbox 1252 4167 1288 4219; x_wconf 85' lang='lat' dir='ltr'>ab</span> <span class='ocrx_word' id='word_1_390' title='bbox 1306 4168 1360 4218; x_wconf 80' lang='lat' dir='ltr'>An·</span> 
     </span>
     <span class='ocr_line' id='line_1_41' title="bbox 46 4250 1360 4320; baseline -0.003 -13"><span class='ocrx_word' id='word_1_391' title='bbox 46 4254 53 4265; x_wconf 96' lang='grc'><strong>’</strong></span> <span class='ocrx_word' id='word_1_392' title='bbox 77 4252 224 4307; x_wconf 82' lang='lat' dir='ltr'>tiochenis</span> <span class='ocrx_word' id='word_1_393' title='bbox 244 4253 406 4320; x_wconf 83' lang='lat' dir='ltr'>cooptatmn</span> <span class='ocrx_word' id='word_1_394' title='bbox 424 4253 473 4305; x_wconf 87' lang='lat' dir='ltr'>aut</span> <span class='ocrx_word' id='word_1_395' title='bbox 494 4269 512 4305; x_wconf 88' lang='lat' dir='ltr'>a</span> <span class='ocrx_word' id='word_1_396' title='bbox 530 4251 697 4306; x_wconf 87' lang='lat' dir='ltr'>Calendionc</span> <span class='ocrx_word' id='word_1_397' title='bbox 715 4253 888 4320; x_wconf 86' lang='lat' dir='ltr'>praefectum</span> <span class='ocrx_word' id='word_1_398' title='bbox 908 4250 998 4319; x_wconf 71' lang='lat' dir='ltr'>&#39;Tyriis</span> <span class='ocrx_word' id='word_1_399' title='bbox 1017 4250 1113 4315; x_wconf 82' lang='lat' dir='ltr'>fuisse,</span> <span class='ocrx_word' id='word_1_400' title='bbox 1139 4253 1167 4303; x_wconf 90' lang='lat' dir='ltr'>ct</span> <span class='ocrx_word' id='word_1_401' title='bbox 1185 4267 1218 4301; x_wconf 88' lang='lat' dir='ltr'>eo</span> <span class='ocrx_word' id='word_1_402' title='bbox 1237 4269 1360 4319; x_wconf 88' lang='lat' dir='ltr'>praescr-</span> 
     </span>
     <span class='ocr_line' id='line_1_42' title="bbox 10 4334 1359 4406; baseline -0.002 -15"><span class='ocrx_word' id='word_1_403' title='bbox 10 4334 12 4339; x_wconf 78' lang='lat'>&#39;</span> <span class='ocrx_word' id='word_1_404' title='bbox 77 4338 129 4391; x_wconf 88' lang='lat' dir='ltr'>tim</span> <span class='ocrx_word' id='word_1_405' title='bbox 149 4340 298 4406; x_wconf 84' lang='lat' dir='ltr'>tempore,</span> <span class='ocrx_word' id='word_1_406' title='bbox 321 4352 376 4404; x_wconf 92' lang='lat' dir='ltr'>quo</span> <span class='ocrx_word' id='word_1_407' title='bbox 395 4338 424 4389; x_wconf 88' lang='lat' dir='ltr'>et</span> <span class='ocrx_word' id='word_1_408' title='bbox 442 4336 515 4390; x_wconf 83' lang='lat' dir='ltr'>Zeno</span> <span class='ocrx_word' id='word_1_409' title='bbox 533 4337 688 4406; x_wconf 88' lang='lat' dir='ltr'>imperator</span> <span class='ocrx_word' id='word_1_410' title='bbox 706 4338 734 4389; x_wconf 87' lang='lat' dir='ltr'>et</span> <span class='ocrx_word' id='word_1_411' title='bbox 752 4337 868 4388; x_wconf 83' lang='lat' dir='ltr'>Aeacius</span> <span class='ocrx_word' id='word_1_412' title='bbox 886 4352 946 4389; x_wconf 84' lang='lat' dir='ltr'>sese</span> <span class='ocrx_word' id='word_1_413' title='bbox 965 4335 1106 4403; x_wconf 81' lang='lat' dir='ltr'>Simplicio</span> <span class='ocrx_word' id='word_1_414' title='bbox 1125 4335 1250 4388; x_wconf 82' lang='lat' dir='ltr'>addictos</span> <span class='ocrx_word' id='word_1_415' title='bbox 1269 4341 1298 4387; x_wconf 83' lang='lat' dir='ltr'>et</span> <span class='ocrx_word' id='word_1_416' title='bbox 1317 4352 1359 4388; x_wconf 81' lang='lat' dir='ltr'>ca-</span> 
     </span>
     <span class='ocr_line' id='line_1_43' title="bbox 77 4420 1359 4489; baseline -0.005 -12"><span class='ocrx_word' id='word_1_417' title='bbox 77 4422 207 4477; x_wconf 72' lang='lat' dir='ltr'>tholicae</span> <span class='ocrx_word' id='word_1_418' title='bbox 230 4420 297 4473; x_wconf 84' lang='lat' dir='ltr'>fidei</span> <span class='ocrx_word' id='word_1_419' title='bbox 319 4420 457 4475; x_wconf 83' lang='lat' dir='ltr'>studiosos</span> <span class='ocrx_word' id='word_1_420' title='bbox 475 4421 651 4475; x_wconf 81' lang='lat' dir='ltr'>exhibebant.</span> <span class='ocrx_word' id='word_1_421' title='bbox 688 4421 745 4473; x_wconf 89' lang='lat' dir='ltr'>Nos</span> <span class='ocrx_word' id='word_1_422' title='bbox 768 4420 854 4489; x_wconf 79' lang='lat' dir='ltr'>igitur</span> <span class='ocrx_word' id='word_1_423' title='bbox 872 4421 975 4474; x_wconf 91' lang='lat' dir='ltr'>nullum</span> <span class='ocrx_word' id='word_1_424' title='bbox 997 4425 1149 4474; x_wconf 77' lang='lat' dir='ltr'>Codonatnm</span> <span class='ocrx_word' id='word_1_425' title='bbox 1173 4421 1255 4472; x_wconf 84' lang='lat' dir='ltr'>fiiissc</span> <span class='ocrx_word' id='word_1_426' title='bbox 1274 4420 1359 4488; x_wconf 86' lang='lat' dir='ltr'>snspi·</span> 
     </span>
     <span class='ocr_line' id='line_1_44' title="bbox 76 4494 1389 4573; baseline -0.002 -12"><span class='ocrx_word' id='word_1_427' title='bbox 76 4524 192 4571; x_wconf 66' lang='lat' dir='ltr'>mmm,</span> <span class='ocrx_word' id='word_1_428' title='bbox 210 4505 263 4559; x_wconf 68' lang='lat' dir='ltr'>ted</span> <span class='ocrx_word' id='word_1_429' title='bbox 281 4521 317 4559; x_wconf 74' lang='lat' dir='ltr'>cx</span> <span class='ocrx_word' id='word_1_430' title='bbox 334 4505 494 4559; x_wconf 77' lang='lat' dir='ltr'>confusione</span> <span class='ocrx_word' id='word_1_431' title='bbox 512 4522 621 4568; x_wconf 84' lang='lat' dir='ltr'>eorum,</span> <span class='ocrx_word' id='word_1_432' title='bbox 642 4523 713 4572; x_wconf 77' lang='lat' dir='ltr'>quat</span> <span class='ocrx_word' id='word_1_433' title='bbox 733 4505 767 4557; x_wconf 84' lang='lat' dir='ltr'>de</span> <span class='ocrx_word' id='word_1_434' title='bbox 779 4494 896 4558; x_wconf 74' lang='lat' dir='ltr'>toliaune</span> <span class='ocrx_word' id='word_1_435' title='bbox 910 4511 1189 4573; x_wconf 79' lang='lat' dir='ltr'>Constantinopolitano</span> <span class='ocrx_word' id='word_1_436' title='bbox 1203 4504 1359 4573; x_wconf 81' lang='lat' dir='ltr'>Simplicius</span> <span class='ocrx_word' id='word_1_437' title='bbox 1379 4550 1389 4558; x_wconf 85' lang='lat'><strong><em>.</em></strong></span> 
     </span>
     <span class='ocr_line' id='line_1_45' title="bbox 76 4589 1359 4660; baseline -0.003 -14"><span class='ocrx_word' id='word_1_438' title='bbox 76 4592 172 4654; x_wconf 82' lang='lat' dir='ltr'>Felix,</span> <span class='ocrx_word' id='word_1_439' title='bbox 195 4589 340 4656; x_wconf 73' lang='lat' dir='ltr'>denam,</span> <span class='ocrx_word' id='word_1_440' title='bbox 362 4589 509 4643; x_wconf 81' lang='lat' dir='ltr'>Liberatus</span> <span class='ocrx_word' id='word_1_441' title='bbox 526 4589 673 4660; x_wconf 86' lang='lat' dir='ltr'>scripsere,</span> <span class='ocrx_word' id='word_1_442' title='bbox 697 4591 845 4644; x_wconf 84' lang='lat' dir='ltr'>conflatam</span> <span class='ocrx_word' id='word_1_443' title='bbox 864 4607 922 4643; x_wconf 82' lang='lat' dir='ltr'>csse</span> <span class='ocrx_word' id='word_1_444' title='bbox 940 4590 1059 4643; x_wconf 87' lang='lat' dir='ltr'>Victoris</span> <span class='ocrx_word' id='word_1_445' title='bbox 1077 4607 1110 4644; x_wconf 88' lang='lat' dir='ltr'>ac</span> <span class='ocrx_word' id='word_1_446' title='bbox 1129 4589 1307 4658; x_wconf 86' lang='lat' dir='ltr'>Theophanis</span> <span class='ocrx_word' id='word_1_447' title='bbox 1327 4595 1359 4644; x_wconf 73' lang='lat' dir='ltr'>ne</span> 
     </span>
     <span class='ocr_line' id='line_1_46' title="bbox 74 4674 506 4732; baseline -0.005 -1"><span class='ocrx_word' id='word_1_448' title='bbox 74 4683 201 4732; x_wconf 69' lang='lat' dir='ltr'>latum</span> <span class='ocrx_word' id='word_1_449' title='bbox 221 4679 357 4731; x_wconf 76' lang='lat' dir='ltr'>Godanato</span> <span class='ocrx_word' id='word_1_450' title='bbox 373 4674 506 4729; x_wconf 71' lang='lat' dir='ltr'>sabinam.</span> 
     </span>
     <span class='ocr_line' id='line_1_47' title="bbox 147 4758 1360 4828; baseline -0.002 -13"><span class='ocrx_word' id='word_1_451' title='bbox 147 4765 172 4827; x_wconf 80' lang='lat'>⁴)</span> <span class='ocrx_word' id='word_1_452' title='bbox 189 4762 238 4815; x_wconf 85' lang='lat' dir='ltr'>lta</span> <span class='ocrx_word' id='word_1_453' title='bbox 259 4761 338 4815; x_wconf 86' lang='lat' dir='ltr'>recte</span> <span class='ocrx_word' id='word_1_454' title='bbox 356 4760 405 4824; x_wconf 65' lang='lat' dir='ltr'>(F,</span> <span class='ocrx_word' id='word_1_455' title='bbox 426 4758 498 4813; x_wconf 84' lang='lat' dir='ltr'>sicut</span> <span class='ocrx_word' id='word_1_456' title='bbox 516 4760 575 4828; x_wconf 89' lang='lat' dir='ltr'>jam</span> <span class='ocrx_word' id='word_1_457' title='bbox 598 4761 658 4815; x_wconf 82' lang='lat' dir='ltr'>ha³</span> <span class='ocrx_word' id='word_1_458' title='bbox 676 4761 852 4828; x_wconf 78' lang='lat' dir='ltr'>vulgatorum</span> <span class='ocrx_word' id='word_1_459' title='bbox 872 4766 1047 4815; x_wconf 71' lang='lat' dir='ltr'>Antiocheam</span> <span class='ocrx_word' id='word_1_460' title='bbox 1071 4777 1103 4813; x_wconf 82' lang='lat' dir='ltr'>cr</span> <span class='ocrx_word' id='word_1_461' title='bbox 1123 4761 1284 4827; x_wconf 80' lang='lat' dir='ltr'>conjectura</span> <span class='ocrx_word' id='word_1_462' title='bbox 1303 4777 1360 4814; x_wconf 89' lang='lat' dir='ltr'>cor-</span> 
     </span>
     <span class='ocr_line' id='line_1_48' title="bbox 75 4850 224 4903; baseline -0.034 0"><span class='ocrx_word' id='word_1_463' title='bbox 75 4850 224 4903; x_wconf 78' lang='lat' dir='ltr'>rexerant.</span> 
     </span>
     <span class='ocr_line' id='line_1_49' title="bbox 148 4928 1359 5007; baseline -0.001 -21"><span class='ocrx_word' id='word_1_464' title='bbox 148 4937 170 5002; x_wconf 48' lang='grc' dir='ltr'>ἓ)</span> <span class='ocrx_word' id='word_1_465' title='bbox 190 4929 320 4986; x_wconf 80' lang='lat' dir='ltr'>Basilisci</span> <span class='ocrx_word' id='word_1_466' title='bbox 338 4928 482 4996; x_wconf 78' lang='lat' dir='ltr'>videlicet,</span> <span class='ocrx_word' id='word_1_467' title='bbox 504 4948 671 5000; x_wconf 77' lang='lat' dir='ltr'>quemqnam</span> <span class='ocrx_word' id='word_1_468' title='bbox 691 4932 773 5000; x_wconf 89' lang='lat' dir='ltr'>hujus</span> <span class='ocrx_word' id='word_1_469' title='bbox 796 4933 909 5007; x_wconf 70' lang='lat' dir='ltr'>tyranni</span> <span class='ocrx_word' id='word_1_470' title='bbox 924 4928 1097 5000; x_wconf 79' lang='lat' dir='ltr'>temporibus</span> <span class='ocrx_word' id='word_1_471' title='bbox 1115 4930 1278 4985; x_wconf 80' lang='lat' dir='ltr'>Timotheus</span> <span class='ocrx_word' id='word_1_472' title='bbox 1296 4931 1359 4985; x_wconf 83' lang='lat' dir='ltr'>liae·</span> 
     </span>
    </p>
   </div>
   <div class='ocr_carea' id='block_1_4' title="bbox 0 0 1619 5506">
    <p class='ocr_par' dir='ltr' id='par_1_5' title="bbox 0 0 1619 5506">
     <span class='ocr_line' id='line_1_50' title="bbox 0 0 1619 5506; baseline 0 0"><span class='ocrx_word' id='word_1_473' title='bbox 0 0 1619 5506; x_wconf 95' lang='lat' dir='ltr'> </span> 
     </span>
    </p>
   </div>
  </div>
 </body>
</html>
