3204 5506
384 113 585 162 'rauciacus
608 114 621 160 1
644 97 1031 184 (ExcoD.VALL101·}bL.
1056 99 1169 185 xv-ur).
1343 99 1405 164 521

113 240 275 334 easdem
295 267 464 334 diaconum
491 290 582 333 suum
605 270 644 334 ad
666 270 841 355 episcopos,
871 271 925 356 qui
953 269 1155 337 Calchedona
1181 270 1312 336 fuerant
1334 292 1407 337 oon-

132 345 285 453 gii2gati.
329 369 391 448 Qui
417 372 612 455 rescribunt,
642 372 934 439 Calchedoneusem
958 374 1115 459 synodum
1142 395 1241 459 usque
1270 374 1309 438 ad
1335 397 1407 440 san-

78 501 89 543 t
147 456 278 538 blinem
311 495 379 539 esse
413 474 660 558 defendendam,
695 477 769 560 quia
802 498 867 540 non
896 476 1028 540 alteram
1056 476 1151 540 fidem
1178 476 1290 540 statuit
1311 499 1407 562 quam

162 566 285 645 immas
313 576 467 641 Nicaena.
512 577 715 642 Timotheum
742 601 817 643 vero
844 601 909 643 non
935 579 1036 643 solum
1059 580 1243 664 episcopum
1265 601 1330 643 non
1352 580 1407 644 ha-

167 654 231 759 ltu',
252 680 304 744 sed
326 680 423 744 etiam
447 679 622 747 Christiani
645 681 859 766 appellatione
881 682 1009 766 privari.
1054 682 1107 746 Fit
1129 704 1205 766 ergo
1228 681 1311 767 apud
1333 682 1407 746 Ale-

167 782 313 846 randnam
336 782 418 847 alter
438 783 624 848 Timotheus
648 784 833 867 catholicus,
861 784 1046 848 Timotheus
1068 784 1246 849 haereticus
1268 785 1408 848 mittitur

159 879 333 949 inexilium
357 885 539 969 Cersonam,
563 887 616 971 qui
638 887 726 950 locus
749 886 854 950 estin
876 886 990 951 Ponto
1034 886 1148 951 Petrus
1171 887 1266 973 fugit.

234 1005 262 1068 6.
306 1004 410 1090 Igitur
442 1006 592 1090 quamdiu
618 1005 700 1069 vixit
721 1006 894 1090 imperator
916 1005 996 1089 Leo,
1025 1007 1106 1070 vixit
1133 1007 1316 1071 Timotheus
1345 1007 1408 1091 epi·

143 1130 262 1193 scopus
285 1107 498 1173 Alexandriae
522 1132 593 1174 cum
616 1108 731 1193 quiete.
769 1109 873 1184 Quum
896 1112 1002 1173 autem
1024 1107 1197 1174 Basiliscus
1224 1111 1410 1194 occupasset

134 1210 317 1294 imperium
339 1214 399 1274 etc.
426 1213 467 1295 [u.
485 1221 502 1275 i.
520 1219 538 1275 l.
563 1236 586 1275 c.
604 1236 690 1292 usque
711 1213 757 1295 ad]
781 1210 859 1275 locis
882 1212 947 1276 suis
970 1212 1116 1275 reddidit.
1161 1212 1206 1275 Et
1226 1234 1300 1276 mox
1321 1211 1410 1276 venit

131 1310 387 1395 Alexandriam,
410 1317 489 1377 tunc
512 1313 698 1378 Timotheus
722 1314 896 1378 catholicus
918 1314 1005 1398 sugit
1026 1316 1086 1378 etc.
1113 1317 1154 1398 [u.
1177 1324 1195 1381 i.
1218 1322 1236 1377 1.
1261 1316 1312 1397 c.].

232 1432 263 1494 7.
309 1431 487 1515 Imperator
515 1434 623 1518 itaque
646 1433 731 1497 Zeno
757 1434 841 1498 redit
868 1432 907 1496 ad
930 1455 1075 1518 regnum,
1106 1433 1278 1498 Basiliscus
1306 1434 1410 1517 oppri-

124 1535 255 1598 mitur.
300 1534 393 1617 Apud
409 1534 644 1599 'Alexandriam
674 1558 796 1621 quoque
824 1536 915 1619 pulso
937 1536 1083 1600 invasore
1112 1535 1279 1623 Timotheo
1306 1535 1411 1600 Timo·

124 1637 238 1702 theus
272 1635 446 1700 catholicus
479 1638 622 1701 redditur
655 1638 817 1702 ecclcsiae.
864 1637 925 1701 Sed
957 1638 1019 1701 isto
1052 1637 1218 1702 Timotheo
1250 1637 1411 1703 haeretico

122 1742 247 1805 morte
277 1738 447 1820 damnato,
482 1739 595 1803 Petrus
624 1762 753 1805 consors
775 1741 875 1824 ipsius
904 1740 943 1803 ab
972 1740 1141 1803 haereticis
1170 1739 1336 1826 episcopus
1360 1743 1409 1805 est

122 1841 325 1907 ordinatus
370 1839 470 1916 Quem
492 1841 700 1906 nihilominus
730 1842 824 1925 dejici
843 1843 941 1926 jussit
965 1840 1255 1907 Christianissimus
1276 1841 1412 1926 impera·

120 1949 188 2010 tor
221 1945 257 2007 et
284 1942 391 2006 reduci
424 1943 627 2008 Timotheum
656 1944 857 2009 catholicum.
902 1944 1030 2008 Interea
1063 1965 1159 2028 quum
1192 1942 1322 2026 plurimi
1355 1966 1411 2008 seu

125 2044 253 2112 clerici
279 2066 334 2108 seu
355 2045 503 2109 monachi
528 2067 583 2109 seu
606 2046 777 2110 saecularis
807 2047 891 2109 ultae
915 2044 1058 2110 homines
1088 2045 1128 2108 ad
1156 2045 1411 2110 communionem

126 2144 299 2214 catholici
322 2147 460 2231 episcopi
485 2147 643 2211 Timothei
666 2148 789 2212 nollent
811 2149 939 2232 penitus
963 2147 1142 2230 convenire,
1167 2147 1299 2211 diuersis
1315 2147 1411 2212 minis

124 2249 263 2315 terruit
283 2248 447 2313 universos
471 2249 735 2315 clementissimus
757 2251 940 2334 imperator.

231 2369 262 2432 8.
300 2367 445 2453 Denique
467 2368 653 2434 Timotheus
676 2370 842 2453 episcopus
864 2370 976 2434 scribit
998 2370 1037 2433 ad
1060 2393 1178 2454 papam
1200 2369 1410 2453 Simplicium,

128 2477 173 2537 ut
202 2470 361 2534 scriberet
382 2471 567 2555 imperatori
583 2472 620 2535 de
635 2471 742 2553 Petro,
767 2473 819 2556 qui
841 2472 964 2536 latebat
985 2472 1020 2535 in
1043 2471 1262 2536 Alexandrina
1284 2472 1413 2536 ciuitate

132 2577 172 2640 et
205 2572 422 2636 insidiabatur
449 2573 627 2655 Ecclesiae,
658 2579 694 2637 ut
723 2574 762 2637 ad
789 2573 995 2659 longinquius
1023 2574 1244 2655 deportaretur
1271 2573 1410 2637 exilium.

131 2675 254 2761 Igitur
285 2696 342 2758 per
369 2675 469 2738 ferme
502 2675 677 2739 triennium
709 2676 759 2739 vel
793 2676 928 2759 amplius
965 2677 1095 2738 sanctae
1127 2677 1297 2737 memoriae
1329 2698 1413 2758 papa

135 2775 331 2860 Simplicius
360 2798 424 2840 nou
452 2777 576 2840 destItit
604 2779 741 2842 scribere
767 2778 806 2840 ad
829 2777 983 2840 Acacium
1011 2776 1209 2860 episcopum,
1239 2779 1275 2839 ut
1302 2779 1415 2858 ageret

137 2900 222 2945 oum
258 2877 463 2962 imperatore,
498 2882 530 2942 et
562 2880 652 2943 fieret
686 2879 725 2944 de
759 2878 874 2961 Petro,
910 2878 991 2962 quod
1026 2877 1210 2941 Timotheus
1245 2877 1412 2961 episcopus

138 2978 342 3068 postulabat.

234 3099 265 3162 9.
311 3099 371 3164 Sed
394 3100 627 3166 nihilomnino
650 3101 803 3185 perficere
825 3101 939 3185 potuit.

235 3218 285 3283 10.
336 3219 496 3284 Defuncto
529 3242 667 3305 namque
702 3221 764 3284 isto
799 3220 983 3303 Timotheo,
1021 3219 1187 3284 Iohannes
1223 3242 1414 3287 oeconomus

141 3321 250 3388 officii
273 3321 471 3403 candidatus,
496 3323 550 3407 qui
575 3322 681 3385 multis
703 3322 849 3386 laudibus
872 3323 1127 3406 praedicabatur,
1153 3322 1327 3387 catholicus
1350 3325 1414 3407 epi-

141 3446 264 3508 scopus
288 3446 306 3486 a
335 3423 500 3487 catholic-is
523 3428 572 3488 est
594 3425 768 3488 ordinatus.
815 3425 874 3501 Qui
897 3449 993 3511 quum
1017 3426 1055 3489 ad
1079 3426 1286 3510 apostolicam
1308 3425 1415 3490 sedem

142 3525 304 3611 synodica
331 3525 450 3610 scripta
472 3526 629 3609 misisset,
659 3529 902 3611 superveniente
924 3527 1046 3593 Uranio
1069 3527 1205 3613 quodam
1233 3528 1273 3592 ab
1296 3529 1416 3592 Acacio

141 3630 312 3695 destinato
335 3631 367 3693 et
389 3631 500 3693 contra
524 3628 707 3694 Johannem
733 3631 802 3713 jam
830 3631 1011 3714 episcopum
1035 3630 1190 3715 quaedam
1219 3631 1302 3695 falsa
1331 3631 1416 3695 dese-

140 3735 252 3813 rente,
281 3731 337 3816 qui
358 3731 454 3795 etiam
477 3731 516 3795 de
538 3733 736 3797 restItuendo
758 3732 854 3797 Petro
876 3733 1072 3797 mentionem
1094 3732 1244 3814 faciebat,
1274 3737 1352 3797 tunc
1375 3733 1416 3797 ab

139 3836 353 3922 episcopatus
376 3833 516 3916 ejusdem
538 3833 697 3899 Iohannis
721 3835 962 3899 confirmatione
988 3858 1073 3920 papa
1095 3857 1267 3920 suspensus
1291 3838 1349 3917 est,
1380 3857 1416 3899 eo

137 3937 229 4026 quod
254 3936 376 4019 scripta
405 3935 488 4020 ejus,
517 3959 598 4021 quae
625 3937 744 4000 totiens
773 3938 813 4001 ad
841 3937 995 4002 Acacium
1023 3942 1155 4021 propter
1177 3925 1416 4002 Alexandrinae

136 4039 304 4111 eeclesiae
327 4038 466 4122 quietem
488 4038 658 4121 direxerat,
681 4039 763 4104 nihil
786 4040 916 4104 omnino
938 4040 1139 4123 proficerent.

231 4161 286 4224 11.
321 4156 406 4221 Dum
427 4157 508 4222 haec
530 4162 712 4244 agerentur,
737 4161 921 4244 supervenit
943 4159 1026 4223 idem
1048 4157 1215 4223 lohannes
1238 4157 1416 4242 episcopus,

129 4267 189 4355 qui
216 4262 310 4328 sicut
333 4259 466 4324 decebat
496 4261 535 4326 ab
563 4263 738 4347 apostolica
760 4263 1021 4345 sede-susceptus
1045 4263 1103 4342 est,
1134 4261 1222 4343 cujus
1246 4260 1342 4324 etiam
1365 4261 1418 4324 ad-

126 4371 257 4437 ventus
284 4361 414 4447 plenius
437 4363 584 4428 universa
607 4365 769 4448 patefecit.
805 4363 886 4439 Quid
909 4362 1032 4426 multa?
1056 4362 1139 4427 Dum
1163 4363 1274 4428 Aeacii
1297 4362 1418 4448 scripta

103 4476 340 4563 ¹legeremus,
376 4486 456 4548 quae
479 4465 517 4529 de
539 4466 635 4531 Petro
658 4470 690 4530 et
712 4466 861 4531 Iohanne
884 4464 1096 4529 Antiochenis
1125 4465 1164 4528 ad
1187 4487 1304 4550 papam
1326 4465 1417 4530 mise·

119 4583 191 4659 rat,
220 4588 383 4638 excessus
407 4567 518 4631 Aeacii
542 4569 639 4632 etiam
661 4569 695 4632 in
718 4570 778 4633 hac
803 4589 898 4632 causa
925 4567 1132 4652 gravissimus
1155 4566 1414 4650 deprehenditur.

218 4676 279 4743 12.
332 4668 479 4753 Denique
502 4674 693 4735 memoratus
716 4671 830 4737 Petrus
858 4669 1038 4734 Johannem
1065 4670 1233 4753 quemdam
1255 4670 1416 4736 ordinavit
