3204 5506
561 360 569 369 -
638 345 807 393 arissam
834 335 882 392 rt.
1333 331 1396 395 365

26 562 31 571 ,
199 496 233 560 a.
262 497 336 563 Nec
358 498 467 562 minus
490 498 587 563 etiam
607 498 811 583 presbyteros
827 497 1053 562 ultramodum
1070 522 1160 563 suum
1176 500 1308 565 tendere
1323 522 1394 586 pro
1406 507 1500 556 11494.

42 664 62 696 ·.:
132 587 282 683 libemus,
312 622 376 665 nec
403 597 576 685 episcopali
602 600 735 685 fastigio
763 601 871 665 debita
893 601 1021 664 sibimet
1043 601 1194 665 audacter
1216 625 1393 668 assumere:
1409 569 1466 635 Vl·

64 766 69 771 .
144 715 198 792 buu
213 703 402 768 conficiendi
426 701 624 785 chrismatis,
659 724 724 765 naa
749 703 1002 787 consignationis
1023 704 1218 787 pontificalis
1241 706 1393 770 adhiben-

19 796 23 801 ’
53 839 86 897 ”÷
154 799 234 890 bell)
252 806 382 869 sibimet
404 806 544 890 arripere
566 803 764 868 facultatem.
802 803 876 868 Noa
893 809 1061 888 praesente
1077 806 1219 890 quolibet
1234 808 1392 890 antistite,

26 888 31 901 Ι
162 905 204 970 uisi
221 907 348 972 [anasse
372 907 590 992 jubeabu⁴⁹)‚
626 907 676 971 vel
704 906 858 970 orationis
887 906 936 970 vel
969 908 1105 972 actionis
1134 931 1244 973 sacrae
1279 932 1393 994 suppe-

167 1009 248 1094 1111)
265 1010 324 1074 sibi
345 1011 532 1095 praesumat
554 1030 622 1072 esse
643 1008 824 1091 lieentiam3
847 1030 949 1092 ncque
972 1010 1031 1071 sub
1047 1010 1115 1092 ejas
1143 1011 1305 1095 adspectu,
1330 1012 1392 1076 nisi

28 1180 78 1207 .—
88 1178 97 1197 -.
170 1108 282 1196 jubeatur,
298 1117 353 1177 aut
368 1111 478 1176 sedere
494 1112 679 1195 praesumat
694 1113 750 1174 aut
765 1110 960 1173 venerabilia
975 1114 1116 1175 tractare
1133 1113 1294 1196 mysteria.
1324 1112 1393 1177 Nec

174 1212 212 1278 nbi
225 1215 388 1279 meminerit
409 1214 477 1279 ulla
507 1215 632 1277 ratione
660 1213 807 1295 concedi,
842 1212 961 1298 sine-'¹¹)
990 1234 1113 1276 summo
1141 1214 1293 1296 pontifice
1320 1215 1393 1279 sub-

217 1419 240 1485 ιε)
252 1418 288 1474 la
302 1437 367 1472 mss.
385 1417 513 1489 plerique
531 1420 560 1471 et
577 1417 653 1471 editi.
683 1416 719 1469 D¹
734 1421 879 1479 adhibente,
900 1417 972 1470 unde
991 1416 1018 1470 d¹
1038 1421 1159 1472 ntlbtbere
1177 1438 1223 1471 nec
1240 1423 1337 1472 attinet
1350 1440 1391 1472 nr·

8 1490 101 1527 “⁷
177 1506 339 1569 tunttnuu
355 1509 512 1573 facultatem.
543 1501 578 1555 Fi
596 1506 754 1558 adnitentes.

30 1612 51 1622 —
104 1590 107 1595 '
219 1584 711 1659 ‘tltapleriqueomnesmsate'tiam
723 1586 906 1655 B¹F⁴F³¹H⁸).
933 1588 970 1639 At
987 1591 1012 1639 a'
1029 1586 1083 1640 cti¹
1098 1587 1127 1640 <1²
1140 1587 1168 1639 11¹
1183 1588 1212 1640 h²
1223 1587 1244 1640 p
1250 1592 1393 1655 jubeantur

37 1686 111 1738 ²5¹⁵-
178 1666 264 1729 tl'ttldit
272 1678 344 1745 uttet
355 1677 456 1744 postea
466 1686 629 1743 praesumunt
687 1679 843 1726 nteninertnt
856 1672 949 1741 sicque
962 1671 1092 1741 deinceps
1104 1674 1264 1726 constanter
1276 1689 1391 1727 numero

16 1794 25 1814 2
53 1775 91 1821 a:
177 1751 249 1823 1111111,
261 1758 306 1812 uisi
321 1758 397 1828 quod
414 1759 488 1813 infra
505 1758 533 1811 d¹
552 1756 667 1812 retinuit
684 1762 741 1825 ejus
758 1765 892 1826 praesule,
912 1756 960 1810 ubi
978 1756 1025 1810 alii
1046 1755 1115 1809 editi
1131 1759 1294 1826 praeferunt
1305 1778 1391 1813 eorum

8 1837 47 1885 {r-
60 1869 79 1897 2.
91 1892 102 1903 ,
175 1849 260 1901 neue,
286 1842 360 1908 Quae
377 1841 550 1914 presbyteris
568 1859 586 1896 a
603 1842 756 1896 canonibus
773 1842 988 1911 prohibeantur,
1011 1841 1094 1895 latius
1113 1844 1227 1912 exponit
1244 1844 1391 1897 concilium

9 1948 58 1993 ··s
104 1984 112 1989 ,,
174 1917 289 1992 ll'apttleuae
304 1929 328 1983 11
347 1945 421 1983 anno
439 1934 489 1983 619
505 1926 634 1982 habitum
653 1933 751 1997 capt.

88 2080 95 2089 .
215 2010 286 2075 utu
296 2030 359 2069 mss.
373 2028 476 2082 magno
490 2029 624 2068 consensu
642 2012 739 2080 (etiam
752 2012 784 2065 Β1
798 2011 831 2063 Fi
842 2011 882 2064 1’1η
892 2012 928 2065 Hi
940 2011 1012 2079 H¹⁵)‚
1032 2013 1078 2065 ubi
1092 2030 1133 2066 cc
1151 2019 1325 2082 supplendae:
1343 2013 1390 2066 atl-

32 2126 37 2133 ·
81 2094 96 2111 ““
169 2097 363 2161 mandandum
374 2114 492 2166 sequens
505 2097 620 2151 verbum
633 2118 696 2152 eae.
727 2097 884 2150 Hicsneune
897 2103 1005 2151 actionis
1023 2097 1134 2150 nomine
1148 2098 1271 2167 comonis
1283 2101 1312 2151 et
1330 2115 1390 2152 san·

73 2190 83 2199 “
166 2176 330 2244 muchan
346 2182 512 2251 intelligitur
531 2182 707 2247 sacrificium,
727 2182 802 2250 quod
821 2183 850 2235 ct
861 2182 996 2236 vocabulo
1010 2189 1109 2250 upenttn
1122 2183 1282 2237 enuntiatur
1300 2184 1328 2235 in
1346 2182 1389 2236 his

53 2280 60 2288 “
162 2262 243 2318 wadlii
256 2266 475 2337 Carataginensis
491 2267 516 2320 II
534 2283 593 2321 ean.
609 2275 637 2321 a:
662 2272 779 2336 Quisquis
795 2270 933 2336 'presbyter
951 2273 1090 2321 inconsulto
1108 2273 1230 2336 episeopo
1246 2274 1346 2335 npeurln
1364 2273 1389 2320 iu

43 2362 51 2373 “
154 2352 240 2417 man
257 2360 309 2408 loco
325 2359 433 2408 uoluerit
450 2356 594 2418 celebrare,
612 2359 667 2421 ipae
685 2356 778 2405 leonori
793 2371 839 2404 auo
852 2359 997 2406 contrarius
1014 2359 1124 2406 eusisttt.
1153 2352 1230 2406 Itlem
1243 2353 1389 2406 concilium

149 2430 285 2504 linpaleaee
295 2438 320 2492 II
332 2440 415 2493 vocat
431 2449 613 2492 sacromentum
632 2442 749 2505 corporis
762 2446 786 2491 et
798 2426 928 2505 snnptn'uts
942 2441 1037 2492 Clu-tall
1047 2445 1184 2505 conficere,
1204 2455 1287 2505 quum
1302 2455 1360 2491 cun.
1373 2445 1387 2492 t

143 2520 277 2576 contituit:
294 2542 374 2593 aeque
386 2543 471 2577 coram
483 2528 604 2591 episcopo
622 2528 699 2576 licere
717 2526 914 2590 presbyteratu
927 2526 1102 2590 baptisterium
1115 2528 1230 2582 tutrotre,
1249 2544 1296 2576 nee
1311 2543 1388 2591 prae·

135 2614 321 2663 metaturae
343 2612 465 2672 insontem
482 2615 580 2675 ttnpere
599 2620 642 2660 nut
659 2613 776 2675 stpnnre,
799 2627 845 2660 nec
862 2615 1022 2673 paenitentes
1039 2614 1093 2661 siste
1116 2622 1257 2677 praecepto
1275 2615 1390 2677 episcopt

128 2699 166 2747 ιη’
176 2700 342 2749 “romare
357 2712 403 2746 nec
414 2713 445 2746 eo
462 2705 598 2760 praesente
616 2703 844 2746 sacramentum
862 2699 1014 2761 corporis
1033 2706 1062 2746 et
1079 2701 1246 2762 conputatio
1264 2698 1390 2747 utristi

120 2783 290 2846 conficere,
314 2798 408 2832 necea
426 2784 613 2847 corontporttn
632 2783 749 2846 papulum
772 2783 865 2831 docere
887 2783 926 2832 vel
948 2783 1105 2832 benedicere.
1141 2776 1274 2832 Similiter
1292 2785 1389 2848 offerre

114 2871 154 2919 set
166 2884 273 2921 uma
296 2868 396 2934 quidem
415 2882 508 2929 ponem
530 2874 574 2916 out
596 2870 698 2917 calicem
716 2867 869 2916 distribuere
887 2883 973 2917 carata
991 2869 1112 2931 episeopo
1129 2870 1168 2917 oct
1180 2867 1259 2916 'tertia
1280 2868 1388 2932 presby-

11 2942 27 2962 *
107 2958 176 3009 terte
190 2949 383 3022 presbyteros
400 2947 506 3002 rurales
524 2949 603 3002 vetat
619 2947 855 3003 Neocaesariense
874 2947 1020 3001 concilium
1039 2964 1098 3001 can.
1114 2953 1153 3001 13.

173 3039 209 3107 ⁸¹)
227 3033 275 3089 Ex
297 3033 342 3088 his
362 3033 453 3088 verbis
475 3032 637 3087 Edmundus
659 3033 784 3088 Murteae
808 3032 843 3086 de
866 3031 952 3101 antiq.
973 3031 1017 3085 rit.
1039 3032 1103 3086 eccl.
1122 3035 1190 3085 tom.
1210 3033 1235 3085 11
1252 3050 1318 3103 pag.
1337 3037 1387 3088 ⁴287

12 3170 18 3194 .·
93 3124 202 3183 infert:
225 3125 343 3176 Poterat
361 3138 422 3188 erpo
438 3138 544 3172 crunnus
561 3124 682 3187 portttseae
698 3121 858 3187 presbyteris
875 3124 922 3184 jue
941 3121 1056 3183 sumendi
1072 3122 1240 3173 sutnltneonos
1257 3130 1282 3171 et
1300 3127 1386 3187 ‹tenty-

90 3220 155 3269 tm
174 3211 316 3264 σι’ὸιενε.
346 3201 402 3257 Set
418 3205 450 3257 ut
467 3202 557 3270 magis
575 3205 753 3274 perspectam
771 3201 924 3256 habeamus
938 3201 1042 3256 Gelasii
1055 3202 1235 3269 sententiam,
1254 3219 1387 3271 quaeren-

84 3300 177 3357 dam,
204 3309 284 3348 num
304 3286 405 3343 summi
426 3287 565 3358 pontificis
582 3287 724 3342 vocabulis
743 3287 903 3357 episcopam
922 3286 1075 3356 quemlibet
1095 3286 1139 3340 hic
1157 3285 1313 3355 intelligere
1332 3303 1386 3341 non

80 3383 190 3441 liceat.
238 3376 329 3431 Certe
347 3371 534 3427 Tertullianus
558 3373 592 3426 de
614 3373 693 3442 bapt.
712 3390 735 3426 c.
750 3379 794 3438 lt,
812 3373 904 3426 innoc.
919 3372 998 3441 epist.
1015 3378 1113 3425 17112
1131 3374 1161 3426 et
1177 3377 1210 3425 25
1223 3391 1248 3425 u.
1262 3379 1290 3434 n,
1314 3372 1387 3426 Zosi-

75 3486 151 3525 mus
171 3462 272 3535 epist.
290 3466 307 3512 1
323 3476 351 3512 n.
364 3465 393 3524 3,
410 3465 464 3512 tn.
478 3465 507 3524 e,
525 3465 579 3512 911.
595 3464 607 3510 l
622 3460 691 3523 ott,
715 3475 789 3512 corte.
810 3457 974 3526 Hispalense
991 3456 1017 3509 II
1035 3474 1094 3511 cau.
1109 3463 1136 3523 t,
1159 3474 1210 3511 nec
1232 3474 1288 3511 non
1305 3457 1392 3512 Hinc·

72 3570 190 3612 marus
211 3550 294 3602 tom.
309 3550 325 3597 2
342 3560 407 3613 pag.
422 3548 484 3610 718,
503 3546 534 3597 ut
551 3542 621 3615 aiios
638 3544 760 3605 taceam,
781 3542 822 3595 vel
841 3542 955 3609 docent,
978 3541 1102 3609 quemvis
1120 3543 1279 3612 episcopum
1297 3543 1386 3611 ponti-

70 3641 194 3698 fioetm
217 3631 340 3703 apicem
358 3627 474 3695 habere,
493 3628 536 3682 vel
553 3633 639 3681 summi
655 3633 799 3682 sucerdotis
816 3626 897 3679 titulo
916 3629 965 3680 aut
977 3633 1062 3681 nutant
1078 3634 1204 3695 pontificu
1217 3628 1327 3682 nomine
1340 3627 1386 3682 de·

67 3726 205 3785 want„
243 3716 286 3771 Et
305 3714 335 3768 in
352 3714 406 3770 hoa
423 3713 534 3781 quidem
553 3713 614 3767 loeo
632 3713 701 3766 nihil
719 3712 774 3778 cst,
792 3711 866 3765 unde
884 3712 938 3765 alio
952 3730 1034 3766 sensu
1047 3719 1133 3766 ¹cunni
1145 3720 1273 3782 pontificu
1284 3729 1386 3769 nomen

68 3820 244 3881 „mpure
257 3799 392 3857 (talasius
405 3798 556 3868 judicetur.
586 3797 690 3853 Verum
708 3814 741 3851 ex
760 3797 945 3864 subsequente
964 3796 1069 3850 Gelasii
1087 3797 1206 3866 epistola
1223 3804 1264 3864 25,
1282 3798 1311 3850 in
1330 3814 1386 3866 qua

64 3902 134 3957 hoc
154 3895 275 3966 ipsum
296 3884 442 3941 decretum
461 3885 633 3939 memoratur
650 3884 693 3937 his
710 3881 814 3937 verbis:
842 3886 875 3936 In
893 3893 1001 3952 utraque
1019 3882 1092 3935 illius
1108 3895 1185 3951 parte
1201 3894 1313 3944 constat,
1331 3889 1386 3938 stne

64 3987 177 4041 mi
196 3964 347 4047 panlistct'e
364 3977 518 4024 auctoritate
530 3975 661 4023 ecclesium
675 3975 772 4023 teuniter
785 3979 953 4021 constructam
967 3989 1015 4021 non
1033 3988 1110 4037 posse
1128 3974 1254 4028 datiani,
1274 3985 1385 4037 persua

65 4087 143 4127 mm
165 4055 312 4120 habebit
328 4055 430 4128 lecton
447 4054 477 4108 id
494 4053 535 4108 ibi
552 4052 663 4108 Gelasio
682 4070 740 4108 esee
757 4058 812 4109 aine
830 4059 916 4106 anemuri
931 4059 1059 4121 pontificis
1072 4062 1237 4114 attctorltnte,
1256 4052 1331 4120 qnod
1344 4057 1385 4106 est
1433 4052 1443 4063 '

64 4156 124 4213 hic
142 4158 219 4207 stne
239 4160 343 4199 emmo
359 4145 487 4209 pontifice.
517 4140 557 4193 Ac
575 4138 675 4192 deinde
692 4144 779 4191 nummi
794 4143 922 4206 pontificia
939 4136 1081 4191 vocabulis
1099 4139 1255 4191 Romanum
1272 4154 1385 4206 praesu-

63 4243 135 4298 lem
158 4226 339 4296 utrobique
355 4222 474 4294 intelligi
490 4238 546 4277 non
564 4223 702 4293 ambiget,
730 4221 777 4276 ubi
799 4219 994 4291 legeritinfra
1016 4224 1166 4292 caputet:
1194 4227 1265 4276 nobis
1287 4242 1385 4291 quoqne

62 4327 264 4399 ,defaecata
285 4321 340 4377 est,
366 4313 435 4379 quod
454 4312 548 4391 absque
569 4318 710 4376 praecepto
731 4314 801 4361 settis
823 4313 979 4376 apostoticae
1004 4314 1115 4360 nonnulli
1136 4318 1240 4360 nanetus
1263 4312 1386 4362 ecclesias

65 4418 117 4468 set
140 4404 290 4463 oratoria
312 4414 421 4449 amare
441 4404 614 4463 praesumant.
650 4391 721 4446 Hinc
739 4393 833 4446 autem
851 4392 979 4447 oboritur
997 4393 1026 4445 ct
1047 4392 1137 4447 altera
1154 4388 1295 4460 quaestio,
1319 4406 1385 4442 num

65 4498 134 4552 1100
154 4483 368 4562 praeceptum
379 4495 435 4533 nou
447 4477 580 4533 modoad
597 4477 709 4544 Iuliae,
727 4476 776 4531 sed
794 4479 823 4530 et
834 4476 951 4532 aliarum
970 4476 1114 4546 regionum
1131 4474 1311 4546 presbyteros
1323 4491 1385 4544 per-

67 4573 231 4638 tinuerit,
252 4570 292 4622 ut
309 4563 416 4620 scilicet
432 4561 462 4617 hi
480 4562 538 4617 sine
555 4566 707 4633 praecepto
726 4561 798 4617 sedis
816 4562 986 4632 apostolicae
1000 4562 1184 4616 subdiaconos
1198 4565 1226 4612 et
1239 4558 1384 4628 acolythos

70 4667 186 4721 mre
209 4663 281 4710 tum
299 4666 359 4704 non
375 4649 502 4719 possent,
520 4665 582 4702 cum
600 4647 726 4718 ejusdem
743 4649 894 4717 praecepto
913 4647 1035 4716 possent.
1069 4644 1243 4714 Quamquam
1262 4643 1306 4697 cui
1323 4660 1384 4715 pcr-

70 4747 228 4819 spicuum
248 4736 299 4794 eut
316 4735 503 4788 memoratum
521 4733 555 4788 de
573 4731 695 4787 basilicis
713 4731 772 4786 sine
790 4734 941 4802 praecepto
960 4730 1033 4785 sedis
1052 4729 1222 4799 apostolicae
1241 4746 1296 4782 non
1309 4729 1384 4785 ‹ledi-

75 4829 193 4888 andis
213 4823 373 4878 decretum
395 4817 432 4873 ati
451 4835 519 4872 unas
537 4806 634 4872 ltalia'e
656 4817 814 4887 provincias
837 4815 989 4885 pertinere,
1011 4814 1035 4866 is
1058 4813 1144 4869 ctiam
1162 4813 1236 4867 istud
1254 4813 1329 4868 aliud
1348 4813 1385 4867 ad

76 4916 213 4974 eutem
226 4904 372 4975 regiones
389 4903 516 4972 spectare
533 4921 588 4958 nou
607 4901 756 4957 dubitabit.
788 4901 816 4954 Si
835 4901 920 4956 ctiam
934 4900 1105 4969 Hispalensis
1124 4900 1149 4954 ΙΙ
1167 4896 1277 4955 concilii
1295 4902 1384 4954 cant
