3204 5506
504 311 705 361 rascrsrus
728 314 761 359 ν.
1205 298 1270 363 589

100 466 120 547 t,
143 463 270 528 divinae
293 463 558 529 sanctificationis
582 466 684 529 eidem
714 469 746 529 ct
774 466 875 529 menti
904 466 973 548 ejus
996 469 1029 529 et
1052 467 1175 551 corpori
1197 489 1269 551 pro·
1335 477 1337 481 ’

115 565 276 647 effectum,
306 566 389 629 sicut
417 567 463 630 ait
484 568 597 631 beatus
620 566 734 630 Petrus
757 568 934 651 apostolus:
963 572 1111 632 Similiter
1132 575 1270 633 mulinas
1284 552 1380 672 ¹31}ss

100 678 139 731 *oe
158 674 218 732 sint
239 674 330 747 viris,
359 679 392 731 ut
414 676 441 732 si
462 676 515 748 qui
535 691 594 733 non
622 676 752 734 credant
777 676 881 746 verbo,
914 692 974 749 per
995 676 1128 735 mcdieris
1148 692 1269 736 conver·
1289 658 1312 685 '’

100 791 142 833 em
164 777 229 833 sine
251 775 341 835 verto
362 776 532 850 lucrifiant,
563 777 790 836 considerantes
817 779 848 835 in
876 777 984 835 timore
1009 783 1124 835 castam
1147 793 1268 837 conom-

101 893 144 934 em
167 883 306 936 vestram.
346 871 449 946 Quam
472 873 497 936 si
520 895 578 957 per
599 873 854 937 familiaritatem
877 873 1032 956 suscipiat
1054 873 1267 958 conjugalem,

99 972 104 1035 ἰ
120 974 258 1057 gratiam
274 975 334 1038 sibi
350 997 408 1058 per
423 974 572 1038 affectum
595 976 737 1058 conjugii
760 975 975 1038 ministratam
997 996 1063 1038 non
1085 975 1118 1037 in
1135 997 1268 1039 vacuum

102 1078 134 1138 at
155 1078 188 1138 et
209 1076 344 1158 refutet,
378 1077 415 1139 tit
442 1077 656 1140 sanctificatio
684 1099 743 1161 por
769 1076 894 1140 fidelem
924 1077 1094 1160 conjugem
1121 1078 1268 1161 conjugis

100 1175 146 1261 lis,
170 1177 245 1240 dum
268 1177 355 1241 hisce
377 1178 479 1241 modis
502 1200 539 1242 ex
562 1178 753 1242 infidelitate
775 1180 809 1243 in
826 1178 1020 1242 consortium
1042 1179 1268 1242 sanctificatio-

100 1278 257 1342 ttrahitur.
304 1279 457 1364 Alioquin
480 1281 507 1343 si
530 1280 671 1344 oblatam
700 1281 761 1345 sibi
790 1281 929 1364 gratiam
957 1302 1016 1344 neo
1038 1302 1096 1363 per
1118 1281 1267 1344 affectum

100 1381 132 1444 ‚it
159 1380 361 1465 conjugalem
369 1433 377 1463 ,
413 1383 556 1468 quamdi)
590 1383 624 1445 in
653 1405 788 1446 vacuum
814 1386 882 1446 tam
909 1382 1037 1445 divinae
1070 1381 1267 1466 dignationis

116 1483 213 1546 etiam
235 1481 395 1546 humanae
418 1484 591 1568 singularis
615 1484 793 1548 affectionis
816 1483 933 1548 oblitus
956 1484 1105 1547 aestimat
1127 1485 1267 1547 abnuen-

116 1586 210 1668 atque
238 1585 279 1648 ob
307 1583 367 1648 hoc
396 1585 499 1669 ipsam
530 1608 654 1670 quoque
683 1587 830 1670 conjugis
853 1586 1054 1650 affectionem
1076 1587 1191 1649 nititur
1213 1586 1266 1649 ab·

100 1688 158 1748 ret
179 1687 220 1750 ab
247 1687 348 1770 ipsius
376 1688 422 1771 pii
451 1689 604 1751 consortii
631 1689 702 1773 lege
731 1688 908 1771 discedere3
944 1688 1042 1772 digne
1070 1688 1268 1771 permittitur

120 1787 252 1852 licentia
276 1788 469 1871 discedendi,
494 1791 657 1873 quianon
680 1793 729 1853 est
750 1789 805 1852 illo
829 1791 982 1874 conjugio
1005 1790 1131 1874 dignus,
1156 1812 1218 1873 quo
1233 1812 1267 1853 se

100 1889 247 1960 iudicavit
274 1889 454 1974 indignum.
506 1891 735 1976 patienterque
763 1892 848 1955 ferat
876 1891 977 1954 fidelis
1006 1892 1122 1973 conjux
1150 1890 1205 1954 illo
1232 1914 1266 1955 se

101 2012 134 2054 se
157 1991 308 2075 conjugio
316 2042 324 2073 ,
360 1992 443 2076 quod
471 1993 651 2057 tondeatur
678 2017 696 2056 a
720 1993 788 2056 Deo
796 2044 804 2075 ,
840 1994 891 2056 cui
918 1993 1002 2055 idem
1025 1993 1142 2074 conjux
1163 1992 1266 2055 fidelis

100 2092 191 2156 rendo
214 2093 474 2180 pancipalemffl)
499 2094 558 2158 Dei
586 2096 705 2159 retinet
733 2095 926 2159 castitatem.
977 2095 1090 2178 Itaque
1118 2097 1151 2156 et
1178 2093 1265 2157 adul·

100 2197 174 2257 :aret
197 2197 229 2258 et
251 2216 305 2278 eo,
338 2196 391 2279 qui
419 2197 541 2281 respuit
567 2219 634 2260 una
655 2197 813 2260 veraciter
839 2197 909 2260 fieri
937 2219 1011 2260 caro
1035 2218 1105 2260 cum
1129 2194 1265 2279 conjuge

100 2296 179 2360 ideli.
224 2295 294 2361 Nec
317 2298 466 2361 aestimet
488 2298 586 2362 fuisse
609 2300 805 2383 legitimum,
834 2298 916 2382 quod
944 2297 1101 2384 divinam)
1129 2297 1191 2364 sibi
1213 2296 1265 2360 de-

100 2398 135 2461 rit
157 2397 230 2483 lege
252 2399 410 2483 conjugii3
441 2423 478 2463 ac
502 2401 607 2483 protius
629 2401 767 2464 libenter
790 2400 944 2483 accipiat,
969 2421 1056 2482 eum,
1081 2399 1134 2483 qui
1157 2399 1265 2462 anima

100 2504 161 2563 stus
185 2522 203 2563 a
226 2500 295 2563 Deo
319 2504 378 2583 est,
403 2505 437 2564 et
458 2524 477 2564 a
499 2524 531 2565 se
555 2524 678 2587 quoque
702 2523 833 2585 corpore
855 2503 953 2565 fuisse
976 2502 1122 2564 divisum.

101 2604 130 2666 7.
167 2601 349 2666 Secundum
371 2603 456 2666 hunc
478 2604 579 2688 igitur
607 2605 735 2668 modum
759 2607 855 2667 etiam
885 2604 923 2667 de
951 2603 1064 2667 talium
1086 2602 1160 2667 filiis
1183 2603 1265 2666 acci-

100 2708 226 2786 mest,
251 2705 334 2788 quod
356 2705 422 2769 illic
446 2710 677 2789 consequenter
699 2706 862 2789 asseritur,
891 2706 947 2769 ubi
969 2706 1062 2791 ait03)
1086 2705 1263 2788 apostolus:

100 2806 158 2869 nisi
180 2805 261 2869 haec
283 2808 497 2872 sanctificatio
520 2808 605 2871 inter
619 2808 800 2891 hujusmodi
823 2808 977 2891 conjuges
992 2807 1185 2890 proveniret,
1207 2813 1266 2883 filii
1278 2797 1360 2918 ¹70¹03r

117 2911 265 2972 immundi
285 2921 392 2986 essem,
416 2923 618 2974 menesatem
642 2918 841 2975 sanctisunt.
877 2910 987 2973 Sancti
1011 2910 1087 2972 sunt
1109 2907 1195 2970 enirn
1218 2929 1263 2970 se·
1300 2908 1305 2929 '
1330 2905 1335 2915 '

101 3033 131 3072 m
154 3010 322 3094 quemdam
344 3012 472 3074 modum
499 3013 533 3075 in
558 3013 795 3095 comparatione
817 3012 955 3094 illorum,
985 3010 1038 3093 qui
1062 3032 1099 3072 ex
1122 3009 1263 3092 utrisque

100 3112 181 3175 tibus
209 3114 431 3177 immunditiae
460 3113 636 3177 diabolicae
667 3115 859 3196 mancipatis
889 3111 1179 3194 contaminatisque
1207 3132 1262 3173 na-

100 3236 134 3278 rr.
169 3214 229 3278 Isti
253 3215 338 3278 enim
361 3237 399 3279 ex
423 3237 460 3279 ca
481 3220 584 3299 parte,
608 3239 671 3300 qua
694 3216 732 3278 de
748 3218 862 3278 sancta
878 3235 974 3277 earne
988 3212 1091 3276 fidelis
1106 3212 1260 3295 parentia,

100 3315 165 3398 nplo
190 3317 265 3398 Dei,
291 3320 323 3379 et
344 3316 447 3380 Deum
470 3341 568 3381 unum
592 3319 626 3381 in
649 3339 705 3381 suo
729 3317 823 3380 corde
845 3316 1019 3401 gestantia,
1049 3314 1151 3377 exorti
1173 3318 1259 3395 sunt,

100 3414 139 3479 hil
173 3418 301 3481 divinae
335 3419 566 3483 benedictionis
600 3419 840 3503 hauserm1t⁶⁴);
877 3418 912 3481 in
939 3439 1002 3502 qua
1029 3417 1138 3500 utique
1166 3416 1261 3479 bene-

100 3541 130 3582 ne
152 3520 309 3583 sanctitas
334 3521 525 3596 continetur,
556 3522 646 3604 cujus
669 3521 858 3605 dignatione
880 3519 1043 3603 perstricti
1066 3518 1171 3582 sancti
1194 3540 1259 3582 non

100 3620 149 3685 ito
175 3626 415 3705 nuncupantur.
467 3622 529 3686 Per
562 3624 645 3686 hanc
679 3624 808 3706 quidam
842 3622 940 3685 etiam
971 3621 1260 3685 sanctificationem

110 3843 151 3896 lta
174 3842 355 3903 correximus.
381 3843 430 3897 ubi
453 3842 500 3896 alii
523 3865 600 3913 qaae,
623 3848 651 3897 a³
674 3843 894 3898 substituendum
921 3842 950 3896 in
968 3840 1094 3912 margine
1113 3843 1260 3914 adscripsit

108 4011 165 4066 Hoc
184 4016 227 4067 cst
243 4019 397 4081 spiritalem,
422 4030 478 4080 qua
496 4011 602 4067 scilicet
619 4015 702 4066 homo
720 4013 869 4083 principali
890 4016 972 4083 parte
989 4031 1039 4067 sua
1057 4016 1085 4067 et
1104 4017 1188 4083 prout
1206 4015 1257 4083 spi·

100 4097 203 4151 stDco
227 4096 373 4162 adhaeret,
401 4115 467 4151 voro
490 4097 563 4150 illius
586 4099 671 4151 cultui
694 4099 829 4152 addictus.
869 4099 974 4152 Eadem
995 4098 1128 4165 loquendi
1150 4100 1258 4154 ratione

100 4189 115 4234 4
135 4188 289 4250 principalis
309 4187 449 4248 fornicatio
472 4182 643 4251 appellatur,
673 4201 728 4252 qua
750 4185 844 4237 anima
868 4183 949 4252 pravi
972 4182 1084 4250 spiritus
1108 4183 1193 4236 cultui
1216 4191 1258 4237 est

119 4267 147 4320 et
169 4267 244 4336 apud
267 4267 419 4335 prophetas
442 4267 601 4321 idololatria
619 4268 781 4337 saepissime
801 4273 940 4335 fornicatio
957 4267 1002 4320 vel
1020 4274 1171 4321 ndreltermm
1189 4286 1257 4321 nun-

106 4436 179 4489 Infra
197 4454 222 4488 n.
235 4441 268 4488 26
286 4435 409 4489 Ecclesia
426 4454 487 4491 oum
501 4437 609 4491 Christo
628 4457 684 4492 una
702 4456 767 4492 caro
785 4437 963 4508 praedicatur
980 4442 1050 4490 sacri
1065 4443 1121 4506 lcpe
1133 4443 1254 4508 conjugii.

100 4537 122 4574 ra
140 4519 225 4574 etiam
242 4520 289 4573 hic
306 4527 385 4575 diuini
401 4538 456 4574 non
476 4528 560 4576 divina
582 4523 732 4591 legendum
751 4522 951 4587 existimamus,
971 4524 1056 4588 atque
1075 4523 1147 4575 hunc
1164 4522 1254 4576 locum

100 4604 256 4673 *lligenduln
275 4622 348 4658 csse:
368 4611 499 4674 legitimum
518 4628 567 4661 non
585 4616 698 4662 aestimet
717 4614 803 4661 eneruis
820 4627 873 4660 mem
895 4612 992 4660 domine
1013 4613 1168 4674 conjuginm,
1188 4614 1257 4677 quod

100 4695 173 4744 italis
191 4695 305 4758 eonjapii
320 4711 373 4743 crem
394 4695 446 4744 ileo
463 4704 577 4759 respuat.

105 4773 173 4828 Cum
191 4775 224 4827 G'
246 4774 373 4828 addimus
392 4782 436 4828 nil.

105 4859 138 4912 G'
159 4871 298 4920 auxerunt,
318 4858 391 4911 atriis
409 4876 494 4913 error.
