3204 5506
542 355 737 403 aersronnn
761 346 812 403 30.
837 346 887 402 31.
1288 330 1350 407 805

88 511 191 576 abore
215 532 384 591 cessamus,
409 512 444 573 ut
465 508 696 591 humilitatem,
721 531 816 592 quam
838 532 897 573 nos
916 508 1072 574 Dominus
1095 514 1204 576 noster
1229 512 1348 595 docuit,
1363 520 1398 587 (a.
1412 522 1478 587 517.)

88 613 217 694 mitati,
241 633 320 697 quae
343 611 438 676 saluti
462 634 569 674 eorum
592 611 787 676 conveniunt
808 591 1021 696 postulemus}
1044 614 1082 675 ut
1101 613 1350 696 dispensationis

88 712 158 779 nihi
184 715 333 796 creditae,
358 714 433 778 dum
456 713 641 798 agnoscitur
664 736 749 795 cura,
774 715 950 796 probentur
965 715 1081 779 officia.
1113 714 1198 789 Nam
1212 716 1350 800 repetita

88 817 148 881 ice
164 816 349 881 Ennodium
372 820 466 900 atque
481 815 691 901 Peregrinum
706 816 824 880 fratres
846 819 879 879 et
894 816 1097 901 coepiscopos
1119 822 1245 882 nostros
1261 841 1349 883 man-

88 920 155 983 lata
171 919 334 1004 legatione
351 918 537 999 direximus,
562 918 736 1000 rationem,
761 917 1016 1002 adhortationem
1040 941 1168 1003 preces,
1192 919 1349 1005 lacrymas

88 1024 282 1106 agerentes,
312 1024 347 1083 ut
375 1020 415 1083 ab
443 1020 612 1104 impiorum
642 1020 835 1105 contagione
862 1021 1019 1105 separati,
1049 1022 1089 1084 ad
1118 1043 1225 1086 veram
1254 1022 1348 1087 fidem

87 1122 203 1205 isdem,
228 1123 341 1206 quibus
358 1145 423 1205 vos,
448 1121 548 1185 modis
565 1125 596 1185 et
612 1121 787 1206 apostolica
802 1122 915 1207 scita7)
939 1145 972 1186 se
988 1124 1166 1206 conferant,
1192 1126 1248 1186 aut
1264 1128 1348 1188 certe

88 1247 144 1289 ron
173 1246 232 1288 nos
261 1225 397 1288 defuisse
425 1222 673 1308 praedicationi,
712 1224 766 1287 sed
798 1223 870 1287 illos
901 1225 1050 1308 propriae
1082 1225 1179 1289 saluti
1212 1227 1347 1291 mundus

88 1326 280 1411 agnoscas).

580 1494 760 1597 Epistola
787 1497 842 1579 31.

251 1648 463 1715 Hormisdac
486 1665 595 1732 papae
617 1648 660 1713 ad
683 1629 927 1714 Possessorern
947 1650 1165 1763 episcopum.
1359 1643 1481 1780 ffilrffi

181 1790 244 1839 Fide
262 1789 329 1838 illias
347 1789 463 1843 laudula.
482 1796 508 1837 at
526 1790 551 1838 ia
570 1805 600 1837 ea
618 1796 718 1837 crescat
735 1794 761 1836 et
778 1795 926 1837 constanter
942 1796 1101 1853 perseueret,
1120 1789 1244 1840 hortetur.

230 1921 472 2007 Hormisda¹)
496 1920 728 1985 Possessori
751 1920 948 2005 episcopo.

164 2042 326 2128 Optimam
349 2045 473 2105 vestrae
497 2040 640 2105 caritatis
664 2040 829 2104 audientes
844 2040 1045 2123 instantiam,
1070 2043 1102 2104 et
1118 2046 1346 2126 cognoscentes

88 2148 185 2210 ’ectae
208 2145 314 2230 fidei'2)
337 2143 515 2224 tramitem,
550 2164 643 2225 quern
666 2145 735 2206 sinc
764 2142 901 2225 strepitu
923 2142 1109 2226 vindicatis,
1141 2142 1209 2207 Deo
1237 2149 1346 2209 nostro

88 2247 200 2332 gratias
228 2246 297 2310 sine
326 2245 503 2309 cessatione
530 2243 754 2328 persolvimus:
788 2248 824 2307 ut
853 2247 884 2307 et
911 2244 946 2308 in
974 2266 1012 2309 ea
1039 2245 1247 2329 dispositione
1276 2269 1346 2330 per-

88 2350 189 2432 istas,
224 2350 257 2412 et
286 2347 399 2411 ceteris
422 2347 504 2431 quod
534 2356 709 2430 sequantur
736 2345 877 2410 tribuere
904 2345 1007 2429 possis
1030 2347 1220 2430 exemplum.
1279 2349 1346 2414 Ista
1399 2382 1401 2392 =

88 2454 152 2515 :unt
175 2451 258 2513 dona
282 2449 440 2532 coelestia,
464 2450 528 2513 ista
550 2453 626 2512 sunt
648 2448 774 2511 divinae
796 2447 1017 2512 retributionis
1040 2448 1169 2531 indicia,
1193 2450 1346 2516 istasunt

88 2552 137 2616 )ei
155 2551 290 2636 judicia,
314 2573 394 2635 quac
417 2553 449 2614 te
472 2573 491 2614 a
515 2550 672 2614 catholico
695 2548 896 2614 sacerdotum
911 2549 1084 2614 noluerunt
1106 2552 1248 2635 separari
1272 2575 1345 2616 eon-

88 2655 185 2719 orti0.
231 2652 339 2734 Unde,
363 2653 464 2716 frater
487 2653 664 2734 carissime,
689 2651 910 2736 praesentibus
933 2652 1099 2717 hortamur
1122 2652 1285 2738 alloquiis,
1310 2659 1345 2719 ut

88 2780 109 2821 n
133 2778 171 2819 ea
194 2756 392 2837 constantia,
423 2754 517 2839 quai)
542 2753 660 2818 electus
683 2776 726 2836 ce,
750 2775 947 2838 perseveres,
982 2756 1014 2817 et
1036 2758 1210 2839 augmenta
1231 2758 1345 2839 proba·

88 2858 194 2924 rilibus
216 2857 317 2921 initiis
340 2857 577 2920 subministres:
611 2855 686 2939 quia
715 2856 834 2920 bonum
863 2877 958 2939 opus,
989 2857 1160 2941 praecipue
1188 2858 1270 2942 quod
1304 2859 1345 2922 ad

88 2960 256 3026 loctrinam
279 2959 352 3023 fidei
374 2959 525 3042 pertinet,
549 2958 612 3022 nisi
635 2980 761 3041 semper
783 2957 928 3041 creverit,
951 2958 1078 3021 videtur
1099 2959 1256 3024 imminui.
1301 2960 1345 3023 Et

90 3064 101 3127 i
123 3061 292 3127 tribulatio
314 3061 477 3124 mundana
501 3061 689 3144 contigerit,
714 3062 791 3123 ante
813 3059 921 3124 oculos
943 3061 1103 3146 nostros)
1126 3061 1234 3125 futura
1255 3084 1346 3145 prae-

88 3165 140 3229 uia
161 3166 329 3248 ponentes,
354 3162 528 3246 apostolica
550 3184 608 3225 nos
624 3161 841 3225 admonitione
860 3161 1068 3245 consolemur,
1093 3163 1249 3226 dicentes:
1274 3168 1342 3228 Non
1355 3156 1433 3209 Rom.

89 3279 143 3332 unt
163 3271 335 3344 condicere
353 3272 509 3344 passiones
530 3271 621 3343 liujus
643 3270 785 3343 temporis
808 3270 851 3327 od
867 3267 1009 3340 suturam
1027 3270 1173 3341 plot-ium,
1198 3287 1275 3343 qaae
1297 3288 1343 3328 re·
1362 3231 1431 3288 ‘3²¹⁸'

88 3375 227 3433 *elabitur
249 3373 343 3432 nobis.
377 3366 511 3430 Meliora
526 3369 634 3429 tamen
650 3387 825 3448 speramus,
850 3365 924 3449 quia
940 3364 1036 3446 Deus,
1060 3366 1113 3449 qui
1136 3388 1193 3449 per
1215 3366 1343 3430 beatum

88 3469 256 3557 ‚postolum
278 3468 373 3533 dixit:
398 3473 456 3544 Oui
477 3490 528 3534 vos
549 3490 609 3533 aon
633 3474 744 3532 dimisit
765 3475 877 3530 tentori
896 3488 991 3546 super
1012 3474 1093 3546 quod
1108 3475 1252 3547 potesta
1274 3463 1438 3552 ipse100r-

88 3595 131 3638 irc
155 3594 214 3637 sua
235 3570 370 3655 pietate,
394 3592 472 3655 quos
494 3592 567 3633 suos
590 3569 689 3654 elegit
712 3591 796 3652 esse,
820 3572 853 3632 et
875 3568 914 3632 de
935 3567 1056 3652 laqueis
1079 3569 1341 3653 adversariorum,
1364 3537 1448 3596 Μ

141 3813 161 3879 ⁷)
180 3809 263 3879 Vulg.
282 3814 331 3863 seit
347 3814 422 3864 sedes
439 3829 479 3872 se,
504 3807 538 3862 (3¹
556 3814 604 3860 scit
623 3827 639 3860 a
655 3825 695 3870 se,
719 3806 790 3860 unde
812 3807 907 3860 nostra
926 3804 1018 3860 lectio.
1061 3811 1132 3860 Soita
1148 3805 1166 3859 i.
1181 3823 1207 3874 q.
1228 3810 1340 3862 statuta.

141 3900 163 3963 ⁸)
182 3896 248 3949 bcc
266 3894 341 3948 haud
358 3895 465 3948 temere
482 3893 527 3946 hie
545 3892 664 3947 addunt:
684 3896 752 3944 Data
771 3903 798 3944 ut
814 3912 893 3959 supro
909 3895 1020 3960 Apapito
1039 3912 1060 3945 a.
1080 3912 1102 3944 e.
1120 3912 1190 3945 cons.

94 3991 103 4036 1
144 3984 163 4050 ¹)
182 3982 326 4034 Possessor
340 3979 486 4033 Africanus
505 3977 648 4048 episcopus
665 3976 697 4043 is,
716 3978 747 4030 ut
763 3975 882 4041 videtur,
901 3975 948 4042 qui
964 3975 994 4028 in
1006 3976 1135 4046 catalogo
1148 3976 1343 4047 episcoporum

88 4065 244 4134 tarthagine
262 4082 334 4119 anno
352 4069 402 4118 484
416 4064 496 4132 jussu
513 4053 588 4132 regis
600 4061 731 4116 Hunerici
750 4061 981 4129 congregatorum
994 4061 1151 4131 appellatur
1163 4061 1296 4116 Zabensis
1314 4063 1343 4116 in

88 4149 243 4208 tauritanis
261 4148 383 4203 Sitifensi
401 4148 560 4218 episcopus,
579 4147 641 4215 jam
659 4145 900 4214 Constantinopoli
916 4161 968 4215 pro
986 4145 1107 4216 negotiis
1125 4146 1265 4202 Ecclesiae
1283 4164 1342 4202 ver·

88 4239 202 4302 abatur,
229 4253 313 4304 quum
331 4251 363 4289 eo
382 4233 501 4303 primum
519 4232 660 4286 Ennodius
679 4248 712 4286 ac
730 4229 797 4284 socii
813 4232 1007 4299 pervenerunt.
1055 4231 1113 4284 Hos
1129 4231 1176 4285 ille
1194 4231 1222 4284 in
1240 4250 1342 4302 propu-

88 4321 188 4377 nanda
206 4320 344 4374 catholica
361 4319 414 4374 fide
429 4319 587 4374 constanter
600 4318 733 4387 adjuvare
746 4331 801 4368 non
813 4316 972 4381 contentus,
992 4316 1076 4370 etiarn
1088 4315 1183 4370 libello
1195 4317 1342 4370 remeanti-

88 4424 124 4461 ·ae
146 4406 226 4471 dato,
251 4423 387 4459 sunrmum
409 4404 571 4473 pontificem
592 4402 626 4455 de
650 4401 714 4455 fidei
736 4417 801 4456 suae
824 4398 981 4454 sinceritate
1005 4400 1151 4455 certiorem
1173 4401 1250 4467 feeit3
1277 4400 1342 4456 lrinc

90 4494 141 4548 ata
158 4490 293 4560 epistolae
311 4491 393 4560 hujus
413 4488 528 4546 occasio.

140 4579 161 4645 ²)
180 4576 199 4630 b
217 4593 255 4630 cc
277 4583 351 4632 vitae.
391 4573 551 4630 tectionem
573 4574 697 4628 nostram
720 4571 754 4626 G¹
774 4573 799 4626 a¹
823 4570 913 4639 magis
934 4571 1110 4641 probandam
1132 4587 1203 4639 esse,
1226 4572 1342 4626 verbum

88 4679 191 4733 equens
209 4667 342 4715 vindicaris
360 4660 512 4714 confirmat.

141 4750 162 4817 ³)
181 4747 244 4800 Non
264 4746 422 4815 displiceret
439 4744 514 4815 quod
532 4743 607 4814 apud
624 4743 724 4796 Baron.
745 4764 794 4813 qua
812 4762 921 4796 exorsus
939 4762 978 4804 es,
1002 4740 1025 4795 si
1047 4741 1076 4795 id
1095 4758 1156 4796 curu
1175 4741 1341 4798 auctoritate

90 4833 221 4890 osuisset.

138 4922 162 4989 ⁴)
176 4919 200 4971 ,b
214 4934 248 4971 cc
265 4929 362 4972 vestros
425 4925 567 4986 apostolica
584 4936 635 4971 vos.
662 4915 727 4970 Mox
745 4921 901 4970 consolemur
917 4913 979 4968 loco
998 4919 1147 4969 consulimus
1165 4911 1339 4969 correximus.
