3204 5506
272 355 335 421 866
712 371 740 420 s.
757 369 963 419 nonursans
985 369 1101 416 aaran

143 536 258 601 (asro.)
271 526 427 610 principis
455 525 533 588 fides
561 523 730 607 splendore
759 523 915 587 catholieo
943 545 1068 608 semper
1094 523 1257 587 irradians
1284 521 1338 586 diu
1364 525 1499 609 expetitam

272 626 482 692 sacrosanctis
499 626 640 690 ecclesiis
656 626 856 689 concordiam
874 625 962 709 pacis
977 625 1130 707 restituit,
1155 647 1253 709 quam
1267 624 1408 689 omnibus
1420 627 1500 690 idun·

271 729 344 812 phis
372 729 437 793 suis
464 727 653 791 solidissime
680 728 814 791 firmatis
842 727 1050 810 invictum³)·
1055 727 1128 810 jure
1158 726 1301 792 exsultat
1327 727 1501 817 praecoluisse

271 831 431 894 vexillum.
476 830 613 914 Ideoque
641 829 767 894 illibata
788 831 913 893 vestrae
941 828 1147 913 paternitatis
1170 830 1383 894 sanctimonia
1406 853 1454 915 pro
1468 831 1502 895 in·

271 932 454 996 calamitate
483 935 579 1016 atque
606 932 818 1015 prosperitate
844 930 1001 1015 praedicti
1022 930 1144 994 domini
1171 932 1276 995 nostri
1298 932 1429 1017 Augusti
1449 938 1502 998 voa

225 1091 228 1098 .
270 1055 442 1117 precesque
470 1033 683 1118 omnipotenti
711 1032 780 1098 Deo
807 1033 919 1097 offerre
946 1032 1141 1097 indesinenti
1171 1033 1409 1098 continuatione
1432 1036 1503 1118 persi-

271 1140 352 1200 stat:
374 1139 411 1200 ut
432 1134 628 1198 ineffabilem
650 1138 813 1198 tantorum
836 1135 991 1199 bonorum
1005 1135 1154 1220 gratiam,
1178 1157 1276 1220 quarn
1297 1135 1365 1220 ipse
1384 1136 1438 1219 piis
1455 1136 1504 1218 ejus

271 1237 416 1301 sensibus
438 1237 624 1320 inspiravit,
656 1236 695 1300 ad
724 1237 852 1301 futurae
880 1258 1004 1321 quoque
1032 1236 1243 1301 beatitudinis
1265 1237 1435 1321 profectum
1452 1258 1503 1300 oon-

271 1360 396 1402 servare
419 1337 580 1421 dignetur.
617 1337 755 1401 Domino
778 1339 874 1403 etiam
893 1339 998 1423 jugali
1021 1338 1087 1402 filio
1101 1341 1209 1402 vestro
1231 1341 1265 1402 et
1287 1338 1365 1402 milri
1384 1337 1503 1422 peculiari

272 1440 395 1503 cultrici
418 1443 557 1521 vestrae,
588 1461 659 1503 cum
681 1440 803 1523 sobole,
831 1463 928 1525 quam
950 1440 1042 1505 nobis
1065 1431 1223 1505 Dominus
1245 1440 1365 1504 donare
1385 1440 1504 1525 diguatus

271 1544 336 1623 est,
361 1563 380 1604 a
402 1545 507 1605 vestro
528 1542 717 1625 pontificatu
741 1543 842 1606 oratio
864 1542 1048 1627 benigniter
1069 1541 1286 1626 impendatur,
1317 1542 1402 1625 cujus
1422 1541 1504 1605 salira

271 1643 324 1724 gio
348 1642 448 1706 divini
471 1643 590 1706 favoris
613 1644 769 1727 protectio
790 1643 885 1707 nobis
909 1643 1082 1708 clementer
1104 1643 1258 1727 adspiret.

779 1830 961 1933 Epistola
987 1831 1029 1914 71

880 1983 929 2021 seu

120 2073 154 2175 (p)
165 2068 257 2190 ffl'
383 2076 586 2145 Exemplum
608 2076 772 2146 epistolae
793 2078 953 2134 Julianae
975 2076 1116 2134 Aniciae
1137 2078 1182 2134 ad
1203 2078 1425 2135 Hormisdam.

122 2177 151 2190 ..
188 2155 206 2205 p
245 2158 261 2202 ἡ)
290 2207 583 2272 Constantinopolitanae
600 2211 625 2257 in
644 2210 685 2257 die
702 2216 807 2258 sanctae
826 2211 1021 2259 resurrectionis
1039 2211 1075 2258 ad
1091 2209 1169 2258 ubera
1187 2217 1303 2259 materna
1313 2210 1438 2258 Ecclesiae
1453 2224 1500 2257 coa

306 2301 473 2357 congregatos
492 2310 562 2349 esse,-
589 2310 618 2343 ne
639 2295 773 2358 permittat
790 2295 930 2344 Hormirdn
948 2299 1046 2358 teputoa
1063 2293 1215 2351 abscedere,
1234 2296 1316 2345 donec
1331 2311 1388 2358 pat
1404 2297 1486 2345 omnino

824 2382 928 2441 firmata
944 2381 985 2429 sit.

423 2511 592 2575 Domino
640 2510 874 2575 beatissimo
915 2512 1021 2596 patri
1064 2507 1300 2576 Hormisdae
1341 2510 1512 2594 tuliano)

516 2613 670 2676 Anicia.

356 2730 507 2795 Precibus
543 2734 666 2795 vestrae
703 2732 926 2815 beatitudinis,
966 2735 1104 2797 adventu
1137 2734 1318 2817 legatorum
1349 2731 1514 2817 principalis

272 2834 355 2897 sedis
378 2833 570 2916 apostolicae
594 2833 679 2896 elisis
702 2835 861 2899 erroribus
885 2834 1130 2917 haereticorum,
1154 2835 1188 2899 in
1211 2835 1370 2899 unitatem
1390 2834 1457 2898 fidei
1476 2855 1513 2896 ca·

270 2934 409 2998 thelicae
433 2935 653 3018 convenimus,
689 2939 877 3021 congregati
900 2937 995 3000 simul
1022 2937 1062 3001 ad
1083 2937 1183 3001 ubera
1204 2940 1353 3000 materna
1374 2934 1513 3000 Ecclesiae

271 3039 305 3100 in
327 3037 378 3100 die
398 3041 529 3102 sanetae
552 3039 802 3102 resurrectionis.
841 3038 1041 3122 Quapropter
1056 3038 1130 3103 stilo
1145 3039 1361 3103 venerationis
1376 3037 1513 3121 alloquen·

270 3144 319 3203 tes
341 3140 548 3204 sanctitatem
570 3143 719 3223 vestram,
744 3142 959 3223 admonemus,
988 3143 1024 3204 ut
1044 3140 1200 3204 intimetis
1223 3140 1391 3204 destinatis
1412 3137 1514 3202 arabis

271 3243 541 3306 reverendissimis
564 3243 656 3324 viria,
680 3243 883 3307 nullomodo
906 3242 1088 3324 abscedere,
1119 3245 1310 3326 antequam,
1343 3243 1422 3307 sicut
1441 3261 1513 3324 prae

271 3343 412 3407 videritis
435 3348 471 3407 ut
493 3348 633 3428 oportet,
664 3346 832 3409 firmentur
860 3368 897 3409 ea
920 3367 999 3429 quae
1022 3343 1103 3407 bene
1125 3344 1280 3429 disposita
1308 3348 1384 3408 sunt
1409 3341 1513 3408 abeis:

271 3448 316 3527 ut,
341 3446 515 3531 amputatis
538 3446 683 3510 omnibus
706 3447 847 3531 reliquiis
862 3446 1053 3530 transacti²)
1069 3445 1200 3528 erroris,
1225 3446 1395 3530 impendiis
1409 3447 1512 3509 vestrae

271 3547 480 3611 beatitudinis
503 3548 652 3612 roborata
675 3549 782 3613 unitas
805 3550 845 3612 ad
867 3550 1013 3613 effectum
1036 3550 1225 3633 perpetuum
1248 3546 1428 3611 deducatur.

770 3735 951 3837 Epistola
977 3735 1032 3818 72.

134 3867 257 3922 ΗΜ·
481 3888 690 3953 Hormisdae
714 3905 823 3970 papae
846 3888 889 3953 ad
913 3888 1129 3955 Germanum
1152 3891 1190 3953 et
1212 3888 1334 3954 socios

130 3943 195 3996 ‘aas
216 3941 257 3994 ril.

196 3961 214 4009 p
484 4029 523 4077 Ile
541 4044 624 4077 eornrn
642 4030 810 4078 incolumitate
828 4036 853 4077 et
870 4029 945 4078 rebus
962 4031 1040 4092 perta
1057 4030 1153 4078 certior
1166 4030 1228 4090 fleri
1244 4032 1322 4093 capit.
1520 4036 1553 4102 pl

422 4159 633 4223 llornrisda
649 4160 840 4224 Germano
863 4159 1092 4224 etJohanni
1115 4161 1332 4244 episeopis,
1357 4158 1517 4237 Feliciet

515 4263 711 4325 Dioscoro
734 4262 913 4326 diaconis
937 4265 974 4325 et
997 4261 1148 4326 lilando
1170 4262 1415 4346 presbytero.

355 4383 550 4465 Opinionunr
579 4382 746 4445 diversitas
775 4382 829 4444 diu
856 4404 914 4445 nos
942 4381 1022 4445 facit
1049 4381 1088 4444 dc
1116 4382 1329 4465 prosperitate
1351 4385 1453 4445 vestra
1478 4375 1516 4440 rel

337 4586 356 4643 ³)
377 4586 516 4640 ‘trationis
536 4587 620 4640 series
638 4587 779 4655 postulare
797 4585 907 4639 videtur
924 4592 1016 4639 invicta
1088 4592 1188 4640 vexilla.

270 4674 299 4720 tl
340 4672 358 4735 'J
375 4671 514 4740 Pompeji,
538 4673 569 4723 ut
586 4672 622 4725 ad
641 4671 719 4739 epist.
740 4677 773 4724 69
792 4673 834 4724 cst
851 4672 1028 4734 armabamur,
1048 4669 1213 4724 consobrina
1229 4672 1259 4723 et
1276 4669 1369 4722 uxoris
1386 4669 1443 4737 ejus
1458 4669 1516 4720 laa-

269 4754 369 4806 stasiae
393 4758 524 4824 cognata,
548 4757 625 4822 cujus
648 4757 821 4823 praeclarum
846 4754 986 4824 quoddam
1008 4755 1113 4808 facinus
1136 4753 1286 4822 Gregorius
1307 4753 1409 4808 Turon.
1431 4753 1473 4806 lib.
1489 4749 1517 4803 de

268 4837 337 4904 glor¹
358 4842 439 4892 mart.
460 4840 474 4892 l.
492 4842 501 4892 l
521 4859 543 4894 c.
565 4849 613 4894 103
632 4842 815 4894 commendat.

336 4927 356 4989 2)
376 4923 409 4975 G*
431 4932 542 4978 transiti.
