3204 5506
206 357 267 421 732
657 372 685 419 s.
701 368 883 418 arnnacrn
904 369 1018 416 aaran

207 527 321 589 tidueia
349 547 500 589 concessa
528 524 652 587 exstitit
679 525 781 586 mater
808 523 969 588 audaciae.
1026 523 1090 588 Sed
1117 523 1172 609 qni
1203 546 1254 588 me
1280 521 1427 590 humilitatis

205 630 299 712 purast
321 627 480 711 ignarum,
504 626 704 690 obedientem
726 625 885 708 probabit,
915 625 941 689 si
959 626 1051 710 jussa
1073 625 1263 690 consideret.
1304 625 1427 691 Praeam·

206 730 273 813 ptio
296 733 360 811 est,
389 728 416 791 si
439 728 637 791 dominorum
659 726 814 790 beneficia
835 727 948 791 famuli
974 750 1039 791 non
1069 731 1260 812 sequantur:
1285 727 1429 812 obsequium

206 830 440 895 zustimmrdnm
462 833 550 914 puto,
575 830 657 914 quod
672 830 835 913 paritums
850 829 1009 913 impendo.
1043 829 1129 894 Ecce
1146 852 1273 894 causam
1288 830 1430 914 scriptionis

207 933 343 1014 asserui,
378 932 452 1015 qnia
474 931 594 995 veritus
616 954 702 1014 sum,
736 954 777 995 ne
805 934 877 1013 post
904 934 1095 1015 imperatam
1121 931 1197 1016 styli
1227 953 1328 995 curam
1351 935 1431 996 tarem

207 1037 378 1118 praecepta
402 1053 595 1117 respuerem:
638 1033 711 1097 Huc
734 1037 884 1116 accessit,
914 1034 997 1117 quod
1019 1034 1054 1098 in
1077 1056 1175 1098 causa
1196 1033 1373 1098 venerabilis
1388 1057 1431 1097 me

206 1136 325 1199 rnoriae
347 1136 458 1216 Marii,
483 1136 558 1198 dum
580 1135 664 1219 apud
678 1135 797 1200 Urbem
820 1157 938 1219 essem,
962 1157 1051 1219 spem
1073 1136 1153 1200 meis
1175 1135 1319 1222 precibus
1337 1157 1382 1199 vos
1398 1136 1432 1198 de

206 1238 308 1301 distis.
348 1236 444 1321 (ujus
467 1237 632 1321 negotium
656 1260 727 1301 cnm
750 1241 863 1302 sancta
884 1238 1019 1302 ecclesia
1041 1242 1149 1302 vestra
1163 1238 1307 1323 legitima
1320 1238 1432 1322 pactione

206 1339 347 1403 decisum
369 1342 432 1422 est3
455 1340 509 1403 sed
532 1337 684 1403 haeredes
707 1340 774 1423 ejus
796 1362 854 1424 per
876 1363 978 1405 annos
999 1341 1154 1425 plurimos
1177 1340 1302 1405 debitos
1321 1339 1373 1403 sibi
1388 1339 1433 1402 fru-

207 1445 276 1505 ctus
305 1441 424 1505 deflent
450 1441 548 1505 fuisse
577 1441 767 1506 subtractos.
812 1441 875 1506 Pro
898 1443 1012 1527 quibus
1035 1442 1132 1507 vestri
1161 1442 1304 1506 conscius
1323 1444 1435 1526 precator

207 1542 338 1625 acced03
361 1543 436 1628 quia
459 1544 508 1606 cui
531 1565 599 1606 mos
622 1547 670 1607 est
692 1545 746 1628 pia
765 1544 889 1629 jugiter
910 1544 1028 1629 facere,
1048 1545 1139 1628 justa
1160 1565 1227 1608 non
1250 1543 1395 1627 despiciet,
1413 1545 1436 1606 et

207 1645 260 1729 qui
282 1645 420 1729 largitur
441 1645 615 1729 proprium,
639 1645 745 1709 aliena
766 1668 833 1710 non
855 1645 1033 1710 subtrahet.
1071 1646 1180 1729 Errat,
1203 1646 1258 1730 qui
1279 1645 1342 1710 Deo
1360 1643 1437 1729 prori-

207 1769 293 1810 mam
316 1746 546 1810 conscientiam
562 1747 663 1811 eredit
678 1748 849 1812 colmnodis
863 1748 1010 1812 invitari:
1033 1748 1262 1812 detrimentum
1276 1749 1323 1812 est
1337 1750 1440 1811 sancta

207 1849 376 1931 voluntati,
400 1870 466 1912 non
489 1849 638 1913 exhibere
660 1850 860 1914 beneficium.
906 1848 981 1914 Sola
1002 1850 1125 1934 putatis
1146 1850 1252 1932 lucra,
1280 1847 1442 1934 quaerelis

207 1951 246 2014 de
268 1951 462 2015 liberalitate
485 1955 676 2034 naseuntur3
698 1952 752 2035 qui
768 1951 897 2015 divitias
912 1952 987 2015 dum
1002 1951 1156 2034 tribuitis,
1179 1952 1335 2036 accipitis.
1360 1952 1445 2015 Arare

208 2056 257 2116 est
278 2053 475 2137 dispensatio
498 2057 698 2136 sanctorum,
722 2075 803 2138 quae
825 2053 873 2117 nil
895 2053 1101 2137 reservando,
1134 2053 1283 2119 universa
1309 2053 1449 2138 proprium

207 2155 331 2219 reducit
353 2156 394 2218 ad
414 2155 574 2220 meritum.
612 2155 710 2219 Nulla
732 2159 808 2219 sunt
829 2156 964 2239 potiora,
989 2177 1085 2240 quam
1106 2177 1188 2241 quae
1211 2156 1301 2221 vohis
1322 2155 1453 2221 eveniunt

208 2258 247 2321 de
269 2257 422 2341 largitate
445 2258 642 2341 compendia.
681 2256 770 2343 Ergo
792 2279 921 2322 secrnns
944 2256 1165 2342 comprehensi
1186 2258 1341 2343 superins,
1362 2256 1457 2320 haere

208 2359 300 2422 dibus
327 2359 446 2423 laboris
474 2360 605 2442 promisi
633 2362 739 2423 vostra
769 2360 1039 2444 contemplatione
1064 2360 1241 2444 jactmam:
1270 2382 1327 2423 vos
1353 2358 1462 2444 pollici·

206 2462 364 2526 tationem
385 2484 489 2526 ineam
511 2462 654 2547 benigna
676 2461 885 2545 dispositione
909 2463 1066 2546 complete
1072 2512 1082 2546 ,
1112 2466 1145 2525 et
1167 2461 1238 2526 illos
1261 2461 1394 2545 effectu,
1421 2483 1467 2525 me

207 2564 346 2627 relevate
369 2564 536 2648 colloquio.

712 2749 895 2855 Epistola
920 2750 974 2833 21.

516 2904 669 2970 Euuodii
692 2904 736 2970 ad
759 2902 1009 2985 Symmachum
1033 2922 1170 2988 papam.

486 3045 565 3094 Filios
583 3045 719 3095 Laurentii
735 3046 784 3094 viri
799 3044 910 3094 sublimis
925 3061 1011 3109 papae
1029 3045 1191 3095 commendat.
1490 3078 1513 3131 μ

360 3176 564 3241 Ennodius
587 3177 815 3262 Symmacho
837 3200 971 3262 papae.

292 3296 443 3374 Quamvis
458 3296 585 3360 sublimi
600 3297 668 3361 viro
683 3297 855 3361 Laurentio
865 3298 889 3382 ¹)
905 3298 1036 3361 assistat
1049 3319 1108 3380 pro
1123 3296 1300 3382 pignorum
1322 3320 1486 3364 commen-

209 3400 337 3464 datione
360 3399 503 3482 probitas
526 3421 594 3482 sua,
624 3402 657 3463 et
677 3399 779 3482 patris
801 3399 972 3483 pmdentia
994 3420 1107 3463 causas
1129 3398 1249 3462 sobolis
1273 3406 1484 3486 exsequatur,

208 3506 353 3565 attamen
381 3499 594 3564 sollicitudine
624 3501 760 3585 genitali
789 3502 827 3564 ad
851 3499 1008 3584 ampliora
1035 3500 1197 3585 procedit,
1231 3505 1268 3565 et
1299 3502 1357 3567 vix
1387 3505 1487 3570 credit

207 3626 265 3687 pro
287 3602 362 3667 filiis
384 3602 530 3666 sufficere
552 3602 634 3686 quod
657 3607 807 3667 meretur.
851 3602 1052 3686 Adjutricem
1073 3603 1108 3666 in
1131 3602 1396 3687 adstipulatione
1421 3629 1488 3693 ger·

208 3705 303 3769 minis
337 3704 491 3789 paginam
524 3705 649 3786 quaerit
655 3755 664 3788 ,
700 3707 731 3767 et
759 3704 941 3788 trepidante
969 3704 1139 3789 diligentia
1167 3708 1305 3789 patrum
1341 3708 1489 3774 ardorem

209 3808 325 3871 nititur
353 3829 424 3870 cnm
452 3807 660 3870 nmversitate
690 3807 810 3889 partiri.
860 3805 1026 3890 Cogitate,
1062 3806 1089 3869 si
1118 3805 1186 3869 viro
1213 3809 1347 3891 optimo
1375 3812 1489 3897 negari

209 3910 339 3973 effectus
362 3907 467 3991 potuit
490 3913 522 3971 et
543 3909 597 3991 pia
621 3911 651 3971 et
671 3908 761 3991 justa
783 3909 938 3991 poscenti.
984 3907 1121 3972 'lhibuat
1141 3906 1316 3975 Divinitas
1340 3912 1491 3979 effectum

208 4011 356 4095 precibus
372 4011 452 4092 ejus,
476 4014 508 4073 et
524 4009 610 4073 hunc
625 4010 835 4074 beatitudinis
848 4013 971 4074 vestrae
985 4009 1161 4075 nominatis
1177 4011 1364 4079 conciliare
1379 4015 1489 4102 digne

208 4116 261 4175 tur
276 4112 440 4193 affectmn,
465 4115 501 4175 nt
516 4112 621 4196 erigat
643 4112 791 4196 parvulos
814 4112 984 4194 implorata
1006 4132 1142 4175 coronae
1157 4115 1293 4180 vestrae
1310 4117 1491 4183 miseratio:

208 4217 366 4297 quatenus
389 4213 476 4277 anxii
506 4215 590 4278 circa
618 4215 703 4298 ipsos
731 4214 887 4298 genitoris
916 4217 989 4277 vota
1011 4215 1216 4296 superentur.
1267 4215 1419 4284 Domine
1439 4220 1491 4301 mi,

209 4338 311 4398 spero,
336 4318 371 4378 ut
393 4316 549 4398 promissa
571 4315 689 4378 dudimr
711 4315 896 4401 benignitas
918 4315 952 4378 in
975 4336 1013 4377 ea
1035 4318 1127 4398 parte
1143 4316 1385 4385 testimonium
1399 4300 1492 4403 ierat,

209 4416 235 4479 si
259 4417 495 4501 comprehensis
518 4418 663 4501 superins
685 4418 884 4502 geminatam
912 4416 1054 4501 impendi
1077 4416 1239 4501 gratiam,
1273 4422 1335 4507 qui
1364 4445 1426 4509 per
1446 4446 1494 4490 me

209 4523 373 4601 precatur,
397 4519 571 4604 intelligat.

280 4792 297 4857 Ι)
316 4790 357 4844 Do
375 4790 474 4846 eodem
490 4791 573 4857 hujus
591 4789 642 4843 viri
660 4788 773 4858 negotio
792 4789 933 4844 Ennodius
951 4807 1036 4859 agere
1054 4788 1166 4845 videtur
1184 4790 1273 4863 epist
1287 4795 1340 4863 Iv,
1354 4804 1396 4853 ri.
