3204 5506
561 357 757 409 uersronnn
783 349 853 409 136.
879 348 949 409 137.
1332 340 1394 410 959
1439 300 1443 309 .

120 510 307 594 hensibilia',
333 510 510 576 catholicae
532 512 607 576 fidei
629 513 879 578 correctionibus
887 513 914 598 ⁶)
938 512 1126 576 clarescant.
1172 512 1524 600 opportunissumae.)

119 615 222 700 igitur
244 614 465 679 existimantes
487 613 641 679 fraternis
662 615 780 680 litteris
810 616 950 678 vestram
977 615 1185 679 sanctitatem
1210 618 1243 679 et
1270 615 1394 679 carissi-

118 716 181 780 mis
205 715 340 801 alloqui,
365 736 530 801 rogamus,
565 719 603 780 ut
623 716 728 800 majus
751 719 784 781 et
804 715 981 781 instantius
1002 737 1061 801 pro
1083 715 1226 801 piissimo
1248 715 1394 799 principe

118 821 231 881 nostro
254 817 396 882 omnium
412 816 586 881 Dominum
600 816 704 882 Deum
726 839 817 882 orare
839 816 1028 904 dignemini.
1064 818 1201 882 Omnem
1214 817 1250 882 in
1266 816 1394 883 Christo

117 918 376 1003 fraternitatem,
411 941 491 1005 quae
515 941 587 983 cum
610 923 715 985 vestra
737 923 786 984 est
807 920 996 1004 sanctitate,
1031 941 1092 1005 ego
1121 940 1244 1004 quoque
1272 923 1305 984 et
1330 919 1394 983 mei

118 1019 294 1105 plurimum
316 1021 503 1085 salutamus.
550 1026 591 1087 Et
613 1027 678 1086 alia
698 1043 801 1087 manu.
846 1021 1019 1087 Incolumis
1041 1023 1077 1086 in
1098 1020 1236 1086 Domino
1259 1043 1315 1085 ora
1336 1042 1395 1105 pro
1461 1099 1463 1103 .

116 1122 232 1207 nobis,
256 1122 404 1187 amabilis
426 1121 495 1187 Deo
518 1126 552 1187 et
573 1123 776 1187 sanctissime
798 1123 951 1209 frater⁸)!

559 1295 564 1304 ’
617 1309 800 1413 Epistola
827 1310 905 1394 137.

302 1462 514 1529 Hormisdou
537 1479 647 1546 papae
670 1462 714 1528 ad
736 1462 925 1530 Justiumu
946 1463 1215 1546 imperatorem.
1406 1447 1534 1572 {5⁶3}ssss

74 1608 108 1657 ιο,
155 1601 349 1666 Interrogatus,
368 1619 424 1652 num
438 1603 562 1653 Christum
579 1619 664 1652 unum
683 1604 719 1652 de
737 1602 896 1652 Trinitote
914 1603 1105 1666 crucifixum
1122 1605 1241 1667 profiteri
1259 1619 1361 1654 necesse

153 1688 201 1744 sit,
220 1687 371 1750 respondet,
395 1689 431 1737 ad
451 1688 649 1751 confutationem
670 1703 785 1737 errorum
803 1688 920 1737 Nestorii
941 1696 966 1736 et
984 1687 1134 1753 Eutpcbetis
1153 1695 1215 1752 post
1236 1690 1362 1754 synodica

154 1773 262 1821 decreta
279 1779 305 1820 et
322 1772 391 1821 beati
407 1789 493 1836 papae
512 1773 607 1822 Leonis
625 1774 762 1822 constituta
781 1773 842 1822 nibil
859 1773 966 1836 amptius
988 1772 1184 1822 desiderandum
1207 1771 1244 1834 (n.
1258 1776 1271 1822 1
1286 1781 1311 1822 et
1323 1772 1361 1834 2).

156 1854 242 1916 Quare
259 1856 398 1908 odiorum
414 1857 522 1920 formam
540 1856 656 1906 breuibus
674 1858 782 1921 repetit,
801 1858 863 1922 quid
879 1858 905 1905 in
926 1856 1051 1906 Trinitate
1070 1873 1155 1920 unum,
1181 1858 1242 1922 quid
1258 1858 1363 1922 sinpulis

153 1942 274 2004 personis
289 1943 424 2004 proprium
440 1944 474 1990 sit
490 1943 523 2002 (n.
539 1939 580 2004 3)‚·
598 1943 690 1990 deinde
708 1943 831 2006 quomodo
840 1942 925 1991 Verbo
943 1943 1052 2005 propria
1070 1943 1103 1990 sit
1121 1943 1208 1991 carnis
1225 1944 1360 2006 susceptio,

154 2031 233 2090 atque
250 2027 276 2075 in
294 2026 395 2076 Christo
413 2028 468 2075 sine
486 2027 633 2086 confictione
651 2027 737 2076 unitae
756 2027 805 2075 Dei
826 2027 980 2091 dominisque
1003 2034 1121 2083 naturae,
1147 2029 1240 2076 demum
1259 2029 1321 2092 quid
1336 2028 1362 2076 in

155 2126 186 2161 eo
202 2126 332 2173 personae
351 2112 412 2176 quid
428 2111 585 2160 substantiae
597 2113 771 2174 deserendum,
791 2113 905 2175 explicat
918 2113 953 2172 (n.
963 2113 979 2160 4
991 2118 1016 2160 et
1028 2112 1064 2173 5).
1088 2112 1162 2160 Haec
1174 2113 1231 2174 jam
1243 2113 1362 2174 sufficere

178 2196 316 2255 existimat,
335 2202 361 2245 ut
376 2185 520 2260 propositis
538 2195 725 2262 quaestionibus
743 2205 768 2246 et
786 2196 921 2246 latentibus
938 2197 1038 2246 insidiis
1056 2196 1169 2247 obvietur
1188 2197 1223 2259 (n.
1237 2198 1253 2246 6
1267 2204 1292 2246 et
1304 2194 1343 2259 i).

275 2326 485 2392 Hormisda
507 2327 668 2393 Justino
691 2328 882 2413 Augusto.

211 2449 239 2510 1.
274 2445 440 2531 Interea,
465 2469 546 2531 quae
570 2447 610 2511 ad
632 2447 792 2512 unitatem
814 2446 979 2511 Ecclesiae
1001 2447 1200 2532 pertinentia
1208 2450 1243 2534 ¹),
1267 2451 1398 2532 propter

119 2570 220 2633 quarn
242 2546 328 2613 Deus
357 2549 546 2613 clementiae
575 2553 700 2615 vestrae
729 2549 827 2635 elegit
853 2549 1038 2634 imperium,
1072 2549 1108 2613 in
1134 2549 1259 2614 litteras
1288 2554 1397 2614 contu-

119 2651 218 2733 listis,
242 2648 303 2714 hoc
326 2671 459 2735 quoque,
484 2650 677 2716 venerabilis
699 2652 883 2736 imperator,
908 2674 984 2717 cura
999 2652 1084 2735 fidei,
1110 2651 1160 2716 cui
1175 2651 1398 2736 multipliciter

119 2773 179 2816 vos
202 2752 330 2816 studere
352 2751 540 2836 declaratiS,
570 2753 688 2837 adjecit
694 2804 703 2835 ,
731 2757 768 2817 ut
789 2753 966 2838 aliquomm
987 2775 1097 2838 preces
1120 2753 1330 2839 perferendae
1358 2752 1398 2818 ad

119 2853 317 2918 humilitatis
339 2876 429 2918 meae
452 2855 602 2919 notitiam
620 2855 851 2940 jungerentur,
882 2856 997 2939 quibus
1025 2854 1077 2919 vel
1104 2855 1180 2939 quid
1202 2855 1398 2940 quaestionis
1411 2862 1453 2916 ep.
1463 2851 1511 2900 129

120 2955 262 3020 oriretur
284 2977 507 3041 agnoscerem,
537 2957 587 3021 vel
614 2957 654 3020 ad
676 2956 926 3021 submovendum
947 2956 1130 3041 propositae
1154 2957 1397 3021 consultationis
1409 2931 1435 2968 n'
1448 2919 1508 2968 Μ’

121 3058 313 3142 ambiguum
335 3080 522 3142 responsum
551 3081 569 3122 a
592 3081 643 3122 me
665 3058 833 3144 religiosae
861 3058 1015 3122 scientiae
1039 3060 1232 3123 conveniens
1254 3058 1398 3124 reddere-

119 3163 187 3224 tur.
232 3158 312 3244 Legi
335 3160 442 3224 0muia
465 3160 679 3225 sollicitudine
702 3183 765 3244 qua
787 3160 935 3244 decebat3
958 3165 990 3224 et
1012 3159 1089 3224 licet
1111 3160 1149 3224 ad
1170 3161 1315 3244 responsi
1331 3161 1397 3245 ple-

120 3260 305 3326 nitudinem
327 3261 474 3326 sufficere
496 3262 664 3346 potuisset,
689 3262 717 3325 si
737 3261 794 3325 illa
816 3264 945 3325 tantum
967 3283 1047 3346 quae
1070 3263 1121 3347 αἳ)
1139 3262 1299 3326 veteribus
1322 3266 1400 3327 sunt

120 3363 258 3428 definita
280 3363 504 3446 rescriberem,
528 3368 637 3428 tamen
659 3368 696 3427 ut
717 3363 859 3448 religiosi
881 3363 1038 3447 propositi
1059 3363 1157 3428 vestri
1178 3386 1399 3430 remunerarer

120 3465 286 3548 affectum,
310 3486 376 3529 non
399 3465 653 3530 subtrahendum
675 3465 794 3531 credidi
810 3465 872 3529 mei
888 3487 1011 3549 quoque
1029 3466 1184 3529 sermonis
1200 3466 1395 3551 obsequium.

210 3567 240 3631 2.
281 3566 363 3642 Quid
393 3568 479 3631 enim
506 3571 571 3651 est,
599 3568 682 3653 quod
713 3567 950 3652 emergentibus
977 3566 1119 3632 Nestorii
1147 3572 1180 3632 et
1207 3567 1397 3654 Eutychetis

119 3670 257 3736 venenis
280 3672 417 3753 paterna
439 3670 561 3734 omitt't
582 3669 778 3735 instructio?
818 3668 905 3734 Pene
927 3690 1040 3734 ornnes
1063 3670 1246 3754 impietates
1263 3693 1335 3735 cum
1349 3671 1398 3734 in·

193 3894 214 3957 ⁶)
233 3890 266 3945 (³¹
281 3891 306 3944 a¹
327 3896 501 3948 correctionis.
538 3891 600 3945 Non
619 3891 792 3957 dubitamus,
811 3892 877 3960 quin
895 3890 1037 3961 scripserit
1047 3890 1197 3962 interpres,
1217 3893 1249 3945 ut
1260 3893 1353 3946 exstat
1370 3891 1399 3945 in

121 3981 149 4031 0⁰
168 3991 239 4043 seq,
257 3979 463 4030 correctionibus.
504 3973 562 4029 Sed
584 3993 717 4045 graecum
736 3984 800 4039 ταῖς
818 3979 968 4039 παιδείαις
988 3977 1076 4030 latinio
1093 3977 1180 4031 verbo
1203 3982 1399 4032 institutionibus

120 4059 228 4116 rect-ius
240 4059 414 4115 reddidisset.
445 4059 540 4114 Simile
558 4060 619 4129 ejus
636 4063 783 4130 peccatum
801 4061 881 4131 epist.
896 4070 941 4117 131
962 4080 988 4116 n.
1003 4068 1019 4114 2
1032 4068 1061 4115 et
1075 4070 1090 4116 3
1108 4061 1274 4116 notavimus.
1288 4093 1321 4102 -
1332 4062 1398 4116 Mox

121 4149 169 4201 ed.
189 4151 314 4215 alloquiis.

193 4232 216 4297 ⁷)
235 4227 353 4284 Clarius:
376 4235 423 4285 boc
445 4235 523 4299 ipitur
545 4237 687 4287 conducere
710 4238 937 4290 existimantes
963 4245 1002 4300 ut,
1024 4232 1068 4287 vel
1091 4237 1156 4287 banc
1178 4239 1256 4302 ipitur
1277 4236 1399 4288 babentes
1461 4223 1465 4228 ’

121 4322 354 4386 opportunitatem,
374 4336 424 4384 qua
440 4320 567 4382 fraternis
585 4329 611 4371 et
628 4323 727 4385 apertis
745 4321 860 4386 apicibus
872 4330 981 4372 vestram
992 4324 1154 4373 sanctitatem
1166 4325 1335 4388 alloquamur,
1354 4340 1399 4374 ro·

118 4419 223 4473 pomus,
241 4410 268 4452 ut
286 4407 365 4470 magu
382 4421 414 4454 ac
431 4408 510 4470 mapis
526 4422 575 4469 pro
593 4407 706 4470 piissimo
725 4414 773 4456 etc.

195 4487 215 4553 ⁸)
234 4485 277 4540 lta
295 4484 338 4541 (3¹.
375 4484 425 4539 Ed.
443 4493 599 4540 sanctissime·
616 4499 702 4556 pater.
743 4487 780 4540 Et
796 4488 859 4558 ipsa
877 4489 990 4557 quidem
1008 4488 1127 4560 epistola
1144 4496 1301 4544 sanctissimo
1317 4494 1401 4557 fratri

120 4587 181 4628 non
198 4577 270 4640 patri
286 4569 458 4638 inscribitur,
481 4573 509 4626 et
532 4588 617 4642 supra
634 4570 768 4626 Johannis
787 4572 831 4627 eui
847 4573 1020 4644 Epiphanius
1037 4574 1168 4630 successit
1191 4575 1270 4646 epist.
1290 4581 1338 4630 109
1356 4574 1399 4628 his

120 4655 219 4713 verbis
236 4656 306 4710 item
324 4655 474 4711 clauditur:
495 4659 547 4710 Ora
564 4677 614 4725 pro
633 4662 705 4712 nobis
722 4665 879 4713 sanctissime
895 4665 990 4727 frater.

122 4749 174 4798 137
212 4743 232 4811 ¹)
250 4740 279 4794 h'
299 4743 322 4796 θ’
345 4747 487 4810 pectinent,
516 4741 549 4796 0¹
572 4749 693 4812 pertinet.
732 4742 798 4797 Mox
820 4747 847 4798 c⁷
869 4762 925 4814 seq.
950 4750 1013 4800 baec
1035 4765 1132 4816 quoque
1154 4746 1184 4799 et
1206 4745 1295 4802 omitt.
1320 4767 1397 4804 meae.

120 4827 233 4886 Deinde
251 4827 273 4880 i²
291 4832 483 4882 consultationis
501 4832 624 4885 accubitum,
677 4871 680 4876 .

193 4916 215 4984 ²)
233 4911 323 4967 JOc¹
339 4915 364 4967 0²
375 4912 397 4965 i²
415 4917 446 4966 ab
464 4918 610 4967 auctoribus
628 4927 693 4972 scint.
