3204 5506
272 372 293 435 6
420 386 553 435 neuma
576 385 728 434 rancura
752 387 788 434 ru
812 387 936 434 ututur
959 386 1148 436 rrrsrouas
1173 377 1212 434 15
1229 370 1307 455 (16),
1332 377 1382 433 17.

357 548 386 605 3.
432 548 550 622 lienique
572 547 645 623 qued
668 556 759 605 textus
780 550 965 604 recensionem
987 549 1093 611 attinet,
1117 556 1195 604 notas
1217 538 1367 603 Goustantii
1388 547 1537 604 secundum

270 637 359 708 ptura
376 637 461 691 trium
473 636 693 706 praedictarum
709 636 906 692 collectionum
922 637 1057 706 exempla
1077 635 1250 708 compositas,
1268 649 1317 689 nec
1332 648 1388 689 non
1405 631 1538 689 editiones

272 719 365 776 llansii
379 718 450 791 (cum
471 718 634 774 variantibus
655 735 695 776 ea
710 712 840 792 codiee¹l
855 720 974 776 lucano
992 718 1056 792 129)
1079 727 1105 775 ct
1126 717 1193 793 Lupi
1215 735 1255 775 ex
1276 719 1375 775 codice
1399 718 1539 774 vaticano

272 803 450 860 adhibuimus.
482 803 534 878 lpsi
557 802 710 860 earumdem
730 804 921 861 collectionum
937 804 1101 860 corrtulimus
1117 804 1272 859 vaticanum
1287 802 1380 866 5845,
1402 804 1540 858 Sessoriu-

272 906 336 946 num
351 888 437 951 Llilll,
456 888 656 946 vallicellanum
679 889 735 952 15,
757 888 900 946 vaticanos
919 889 1009 952 1331,
1033 889 1095 947 630
1110 896 1137 945 01
1155 888 1245 946 1340.
1264 919 1301 929 -
1325 887 1431 944 Titulos
1450 895 1539 943 autem

273 992 304 1031 ex
321 974 482 1032 collectione
498 973 624 1030 lladriani
639 975 840 1049 exscripsimus,
858 976 959 1031 omisso
976 983 1065 1031 tamen
1089 974 1136 1031 VI.
1153 975 1348 1046 Praeceptum
1364 975 1467 1030 Hilari
1481 976 1540 1045 cpi·

272 1064 355 1134 scopi
368 1061 570 1118 adAseanium
584 1062 619 1117 eie
635 1061 735 1117 eadem
751 1077 853 1131 causa,
871 1061 971 1134 quippe
987 1059 1061 1133 quod
1077 1076 1139 1116 mon
1155 1076 1272 1133 sequeus
1288 1058 1403 1133 epistola
1417 1059 1456 1117 16
1473 1067 1524 1114 cst.

594 1194 632 1254 In
653 1192 758 1255 Hilari
780 1192 942 1271 epistelam
962 1192 996 1252 17
1017 1189 1219 1273 („Dieince“).

194 1325 265 1393 {liri}
361 1314 431 1372 llaec
446 1316 560 1389 epistola
576 1316 731 1391 llionysium
747 1314 879 1391 Exiguum
894 1323 922 1371 et
938 1314 1099 1371 lladrianum
1119 1315 1205 1390 sugit,
1227 1315 1274 1371 sed
1295 1317 1323 1371 iu
1346 1313 1462 1389 llispana
1485 1314 1541 1370 col·

272 1402 389 1458 lectione
414 1400 532 1476 indeque
558 1403 585 1457 in
607 1401 751 1458 isidoriana
778 1409 911 1457 asservata
933 1409 984 1456 est.
1026 1399 1063 1456 lia
1090 1400 1223 1472 eiusmodi
1250 1398 1446 1474 exemplaribus
1469 1399 1541 1455 iorte

272 1487 362 1543 lmuslt
383 1485 472 1543 editor
491 1485 639 1551 Romanus,
669 1488 715 1561 qui
738 1487 827 1543 solum
848 1502 887 1543 ex
908 1489 1116 1558 manuscriptis
1142 1503 1199 1542 cam
1227 1503 1257 1541 se
1278 1486 1429 1559 producere
1454 1492 1539 1541 uetat.

272 1571 357 1627 l‘orro
380 1573 536 1628 transmissa
552 1572 603 1627 luit
624 1570 656 1627 ab
673 1571 762 1628 llilaro
785 1589 837 1628 una
858 1588 918 1627 cum
940 1572 1081 1645 superiore
1102 1587 1151 1646 per
1172 1570 1295 1627 eumdem
1312 1569 1455 1642 Trajauum
1477 1568 1542 1625 sub·

273 1655 423 1713 diaconum.

807 1823 1001 1833 ———

736 1994 888 2069 Monite
915 1974 1077 2088 praevie

541 2167 584 2238 in
611 2164 840 2260 Simplicii
866 2189 1009 2260 papae
1037 2166 1272 2261 epistolas

558 2385 596 2446 Iu
611 2385 759 2464 Simplicii
775 2385 936 2464 epistolam
952 2387 968 2447 l
991 2382 1142 2466 („Relutio
1157 2383 1255 2467 ncs“).

139 2519 187 2585 put,
204 2517 263 2587 tat]
359 2508 429 2564 llaec
449 2509 564 2583 epistola
586 2507 660 2564 abest
682 2526 696 2562 a
717 2509 820 2564 sincera
836 2507 954 2581 Dionysii
970 2506 1065 2584 lisigni
1086 2509 1260 2572 collectione,
1282 2525 1361 2583 quarn
1381 2511 1545 2584 exemplaria

273 2593 449 2651 bibliothecae
465 2593 563 2667 liegiae
578 2592 735 2649 Parisiensis
752 2601 778 2649 et
791 2593 944 2650 Vaticanum
958 2593 1040 2651 5845
1055 2594 1200 2668 praehent;
1218 2593 1296 2650 deest
1311 2597 1391 2650 etiarn
1408 2597 1434 2650 in
1448 2597 1544 2652 sirnili·

272 2679 322 2735 bus
344 2677 480 2735 codicibus
502 2677 645 2734 llarberino
668 2678 760 2741 2888,
788 2678 914 2734 vaticano
938 2678 1018 2735 1342
1042 2689 1069 2735 et
1089 2679 1262 2737 Vallicellauo
1284 2680 1341 2736 16.
1378 2681 1430 2737 Sed
1453 2683 1481 2737 iu
1503 2699 1544 2745 ea,

273 2781 353 2839 quarn
374 2763 522 2820 lladrianus
539 2763 549 2818 1
567 2764 662 2820 Garolo
684 2763 780 2838 llagno
803 2763 916 2827 obtulit,
939 2763 1090 2829 exhibetur,
1114 2765 1232 2840 indeque
1252 2763 1415 2822 isidorianae
1438 2768 1544 2823 inserta

273 2850 324 2905 luit
344 2850 393 2905 bac
413 2865 517 2906 summa
539 2850 591 2923 ipsi
617 2847 746 2924 praelixa:
778 2849 822 2905 Dc
848 2853 1003 2906 remotione
1025 2851 1179 2907 Gaudentii
1204 2851 1401 2908 ordinationes
1422 2853 1546 2909 illicitus

269 2938 493 3008 praesumentis.
535 2933 608 3002 Quae
629 2950 712 3008 porro
734 2950 837 2989 summa
857 2951 872 2988 a
892 2933 1020 3009 Simplicii
1047 2943 1137 2992 mente
1157 2936 1241 3010 longe
1268 2935 1414 3010 discrepat.
1446 2935 1546 3012 Neque

272 3022 343 3077 euim
358 3021 402 3077 hie
417 3027 572 3077 removetur
587 3018 762 3083 Gaudentius,
778 3018 826 3074 scd
842 3019 900 3075 sola
917 3019 1057 3076 ordinandi
1071 3028 1207 3095 potestate
1222 3022 1339 3077 exuitur.
1367 3021 1422 3078 Nec
1433 3020 1546 3078 felicius

272 3123 286 3160 a
302 3104 407 3162 Labbeo
423 3113 450 3161 et
465 3103 643 3181 sequentibus
658 3105 834 3162 conciliorum
855 3104 1004 3161 editoribus
1026 3122 1058 3162 er
1074 3104 1192 3163 liemana
1214 3105 1331 3162 editione
1346 3105 1545 3164 substitutum:

273 3193 499 3249 Gaudentius...
524 3192 558 3248 eb
578 3192 696 3249 illicitas
717 3192 913 3247 ordinationes
931 3191 1036 3263 factas
1057 3198 1175 3248 mun'ere
1197 3193 1375 3248 sacerdotati
1389 3199 1416 3248 et
1434 3197 1549 3266 triptici

270 3284 357 3350 parte
373 3279 515 3333 redituum
538 3279 680 3334 ecclesiae
693 3279 845 3348 priuatum
866 3292 948 3350 quum
970 3293 1020 3332 nec
1040 3277 1191 3332 chrismatis
1207 3275 1368 3333 conficiendi
1390 3294 1441 3333 nec
1455 3276 1548 3352 bapti·

273 3370 347 3418 zatus
363 3361 514 3437 inungendi
529 3362 622 3418 aliisve
637 3363 759 3436 privetur
774 3359 958 3417 functionibus
980 3360 1203 3426 sacerdotalibus,
1222 3361 1270 3417 scd
1286 3361 1352 3425 sola,
1372 3370 1400 3417 ut
1416 3360 1546 3428 diximus,

273 3445 414 3503 ordinandi
431 3456 457 3503 et
473 3446 668 3503 ecclesiasticos
684 3445 787 3502 reditus
803 3445 1005 3503 administrandi
1017 3453 1166 3520 potestate:
1182 3446 1209 3502 id
1225 3447 1297 3519 quod
1311 3463 1370 3502 eum
1382 3446 1547 3506 doctissimo

273 3531 446 3588 villemontie
461 3533 489 3588 in
504 3532 610 3606 synode
626 3532 727 3588 iactum
745 3547 805 3589 esse
820 3531 964 3594 credimus,
981 3530 1131 3589 Gaudentio
1147 3533 1224 3606 prius
1236 3531 1313 3603 juata
1329 3548 1446 3589 canones
1459 3534 1548 3591 citato

273 3625 301 3673 et
315 3616 416 3673 audito.

503 3750 541 3812 In
561 3748 712 3829 Simplicii
734 3749 882 3828 epistolae
903 3749 993 3810 2-7
1014 3751 1216 3832 („Quantum“
1238 3747 1316 3831 etc).

190 3882 262 3953 pala]
301 3865 304 3871 ’
360 3870 431 3929 llaec
445 3881 473 3928 et
489 3873 608 3947 quinque
629 3880 774 3946 sequentes
796 3874 926 3948 epistolae
941 3875 1057 3947 primum
1073 3875 1099 3929 iu
1115 3872 1233 3929 Romana
1248 3871 1367 3929 editione
1383 3889 1415 3928 ca
1431 3882 1545 3933 vetusto

275 3959 415 4015 vaticanae
431 3957 609 4014 bibliothecae
630 3959 777 4033 exemplari
797 3957 891 4030 (Vatic.
909 3958 991 4015 3787
1012 3958 1181 4015 collectionis
1197 3957 1348 4030 Avellanae)
1369 3959 1543 4018 00001691

272 4042 407 4118 prodiere.
438 4042 493 4100 llos
515 4060 559 4101 eas
581 4043 613 4100 arl
635 4044 756 4100 eiusdem
781 4042 949 4100 collectionis
973 4045 1128 4119 primarium
1151 4043 1271 4101 codicem
1287 4043 1440 4100 Vaticanum
1456 4043 1543 4104 4961

273 4130 490 4205 recognovimus.

565 4262 773 4341 1118111011οΗ
795 4262 958 4340 epistolam
980 4260 1000 4321 8
1022 4258 1242 4344 (‚,Guperem“).

188 4393 259 4463 plut]
357 4384 428 4441 llaec
443 4385 550 4459 quidem
566 4385 680 4461 epistola
695 4387 722 4442 iu
738 4384 907 4441 collectionis
919 4385 1060 4441 Atellanae
1075 4384 1213 4441 codicibus
1229 4393 1256 4441 et
1272 4383 1367 4441 caindo
1380 4385 1407 4439 in
1420 4384 1544 4444 editione

271 4469 389 4527 liemaua
406 4471 514 4529 Zenoni
532 4474 659 4545 Aacpusto
679 4469 844 4535 inscribitur,
865 4470 892 4526 in
914 4470 1006 4527 codice
1027 4470 1189 4527 virdunensi
1210 4479 1299 4527 autom
1319 4469 1467 4528 Basilisco
1484 4475 1543 4530 Au·

270 4562 363 4630 pasto.
395 4555 469 4613 llane
483 4555 628 4614 secundam
645 4557 849 4630 inscriptionem
865 4572 953 4611 vcmm
968 4573 1037 4619 esse,
1060 4556 1212 4612 luculenter
1227 4555 1376 4630 probarunt
1390 4554 1491 4631 Papius
1508 4558 1541 4613 ad

271 4658 333 4697 auu.
351 4639 413 4698 466
434 4659 461 4697 u.
481 4642 517 4698 11
542 4650 570 4697 ct
585 4641 774 4699 ‘lillemoutius
793 4643 820 4698 in
836 4642 914 4697 vitam
932 4642 1018 4697 Aeacii
1034 4648 1091 4698 not.
1105 4640 1132 4705 2,
1150 4659 1218 4716 quos
1235 4641 1341 4697 videsis.

339 4821 359 4883 ¹)
377 4818 514 4886 Equidem
536 4820 673 4890 surspieor,
701 4821 773 4874 lume
797 4821 920 4875 codicem
947 4821 1001 4874 hoc
1023 4822 1084 4875 loco
1107 4821 1196 4875 solum
1218 4836 1270 4889 per
1292 4836 1414 4875 errorem
1438 4821 1540 4877 calami

271 4892 399 4941 Lucanum
413 4894 462 4940 129
480 4886 542 4953 diei,
567 4907 627 4943 esse
645 4905 743 4943 revera
761 4894 889 4942 barranum
902 4896 953 4942 125
975 4889 1111 4943 aldunsio
1124 4889 1193 4943 alius
1206 4888 1364 4958 saepissime
1383 4889 1536 4944 laudatum.

272 4953 353 5010 Certe
371 4970 423 5024 pro
441 4955 488 5009 illo
507 4956 605 5011 codem
624 4956 695 5027 siglo
715 4957 781 5024 tscil.
800 4957 859 5023 11¹0)
878 4958 949 5011 utar.
