3204 5506
573 374 766 423 aersronnn
790 365 935 423 67—70.
1324 357 1387 422 865

366 526 512 591 misdae
549 528 886 613 archiepiscopo¹)
920 526 1147 592 universali
1179 525 1515 607 Ecclesiacmma.)

366 627 622 715 Pompejus2).

206 747 335 812 Sanctis
362 747 570 812 beatitudinis
597 752 721 813 vestrae
753 749 900 833 precibus
933 749 1162 832 omnipotentis
1190 748 1251 813 Dei
1285 750 1387 833 pietas

118 853 254 913 exorata
275 852 386 913 tantae
408 837 501 912 nobis
523 850 597 915 fidei
618 851 796 935 principem
819 852 998 915 condonare
1022 851 1156 936 dignata
1175 857 1233 934 est,
1257 853 1294 915 ut
1316 851 1388 914 reli-

118 951 312 1035 giosissimis
336 951 523 1015 clementiae
546 952 615 1035 ejus
637 953 759 1016 meritis
781 953 1014 1037 redintegratio
1036 953 1125 1037 pacis
1141 952 1387 1036 ecclesiasticae,

119 1074 204 1136 qnae
226 1053 308 1117 votis
330 1054 472 1117 omnium
495 1053 635 1118 fidelium
657 1054 862 1137 poscebatur,
890 1055 963 1136 jure
990 1053 1138 1118 videatur
1165 1077 1233 1118 esse
1257 1054 1389 1137 collata3
1423 1085 1428 1094 ·

119 1155 156 1217 in
173 1154 265 1237 cujus
287 1155 373 1239 regis
395 1159 553 1239 proventu
575 1155 765 1220 solidissima
780 1155 980 1240 principatus
996 1156 1043 1219 sui
1059 1156 1270 1220 fundamenta
1285 1157 1390 1221 sancti

122 1254 263 1338 Spiritus
285 1256 471 1339 operatione
494 1257 677 1339 constituit,
711 1279 792 1341 qnae
819 1259 947 1322 tantum
975 1258 1071 1323 robur
1099 1258 1248 1322 obtinent
1269 1257 1390 1322 stabili-

122 1358 203 1421 tatis
231 1357 387 1441 invictae,
427 1361 583 1443 quantum
612 1359 747 1422 actionis
782 1359 972 1424 excellentia
1002 1360 1098 1423 unica
1132 1363 1165 1423 et
1194 1358 1390 1423 admirabilis

124 1459 323 1522 aestimatur.
379 1460 425 1524 nt
454 1460 526 1524 ideo
553 1461 759 1524 reverendam
790 1462 889 1524 vestri
922 1462 1126 1546 pontificatus
1159 1460 1391 1525 beatitudinem

125 1560 215 1625 cultu
236 1561 466 1645 reciprocantis
488 1562 619 1646 alloquii
635 1562 811 1626 salutantes
827 1584 1031 1647 quaesumus,
1056 1565 1093 1627 ut
1106 1563 1211 1647 magis
1225 1564 1392 1648 magisque

124 1684 184 1746 pro
201 1662 439 1727 clementissimi
462 1667 556 1748 atque
578 1663 779 1728 invictissimi
803 1663 923 1728 domini
945 1666 1047 1729 nostri
1062 1665 1217 1750 principis
1236 1666 1393 1749 prosperi-

123 1767 194 1828 tate
223 1785 313 1828 orare
341 1765 535 1849 dignemini,
570 1768 726 1851 quatenus
754 1765 925 1830 ineffabilis
955 1767 1184 1851 omnipotentis
1206 1766 1267 1830 Dei
1290 1767 1392 1850 pietas

124 1887 185 1928 sua
208 1864 307 1947 dona,
343 1865 376 1930 in
399 1867 513 1950 quibus
536 1868 634 1931 etiam
655 1867 779 1931 fructus
807 1872 931 1932 vestrae
960 1868 1199 1952 agricolationis
1228 1869 1391 1948 exuberat,

123 1967 222 2048 justis
244 1968 370 2051 gratiae
392 1969 603 2051 opitulatione
626 1969 798 2032 custodiat:
821 1969 913 2032 nobis
935 1991 1058 2054 quoque
1080 1970 1154 2033 filiis
1170 1970 1284 2033 vestris
1302 1970 1393 2053 spiri-

124 2068 208 2130 tuali
231 2068 320 2132 vobis
344 2069 573 2153 conglutinatis
598 2071 729 2152 affectu,
760 2092 839 2154 quos
861 2069 956 2154 hujus
979 2071 1083 2155 operis
1110 2072 1247 2135 maxime
1270 2093 1394 2154 semper

125 2170 309 2233 sollicitudo
340 2171 545 2254 constrinxit,
584 2173 788 2256 suffragatrix
817 2172 1002 2236 intercessio
1030 2173 1261 2237 sanctimoniae
1290 2173 1394 2255 ponti-

124 2271 230 2336 ficalis
253 2271 392 2337 assistat.

640 2460 820 2564 Epistola
846 2462 893 2545 70

738 2613 786 2650 seu

302 2706 504 2774 Exemplum
526 2706 689 2774 epistolae
710 2707 912 2764 Anastasiae
934 2709 978 2764 ad
1000 2707 1227 2765 Hormisdam.
1394 2699 1537 2841 gqpssgiql)

164 2837 350 2902 Imperatorem
367 2839 527 2888 concordiam
545 2841 617 2902 poris
635 2840 749 2889 ecclesiis
765 2842 921 2895 restituisse,-
939 2846 964 2888 ut
981 2856 1031 2904 pro
1049 2842 1115 2889 illiue
1132 2844 1221 2895 salute.
1238 2856 1287 2905 pro
1305 2856 1362 2890 con-

269 2923 346 2986 jupe‚
364 2939 414 2987 pro
432 2923 530 2981 sobole,
547 2940 597 2987 pro
614 2939 642 2973 ae
660 2926 718 2988 ipsa
733 2941 826 2988 preces
845 2925 983 2974 llormiada
1001 2927 1038 2974 cd
1054 2925 1133 2974 Deam
1148 2926 1252 2989 sundal.

286 3054 448 3119 Domino
478 3059 616 3120 sancto
648 3059 687 3120 et
718 3057 948 3121 beatissimo
979 3058 1086 3140 patri
1116 3060 1270 3140 patrum
1301 3057 1397 3122 Hor-

376 3158 522 3221 misdae
572 3157 871 3242 archiepiscopo
920 3157 1143 3223 universali
1189 3159 1397 3223 Ecclesiae

378 3259 645 3344 Anastasia¹).

217 3377 328 3441 Divini
349 3378 521 3462 muneris²)
544 3378 686 3442 illuxisse
709 3378 800 3442 nobis
822 3380 960 3462 gratiam
975 3380 1090 3444 merito
1105 3380 1300 3463 profitemur,
1325 3403 1398 3464 apo-

130 3479 270 3545 stolatus
286 3479 383 3543 vestri
405 3480 617 3544 reverentiam
638 3481 673 3544 in
695 3484 807 3544 sancto
831 3481 922 3544 corde
944 3483 1048 3546 nostri
1070 3485 1179 3545 tenere
1202 3482 1398 3565 memoriam,

130 3581 279 3666 paginali
302 3582 477 3645 assertione
499 3586 679 3646 noscentes.
713 3581 828 3647 Veraci
844 3604 981 3667 namque
997 3606 1053 3667 spe
1070 3584 1268 3667 confidimus
1293 3607 1398 3667 super-

131 3705 195 3748 nae
229 3683 463 3747 misericordiae
495 3684 757 3767 propitiationem
789 3685 828 3747 de
860 3684 1038 3767 pontificali
1069 3686 1296 3750 intercessione
1328 3686 1400 3749 sub-

132 3786 263 3867 sistere,
298 3784 424 3848 domine
452 3785 633 3849 beatissime
662 3789 695 3850 et
722 3786 897 3870 apostolico
925 3785 1045 3850 honore
1068 3787 1268 3872 suscipiende
1290 3789 1400 3871 pater!

132 3885 311 3970 Pervigiles
335 3889 510 3950 vestrarum
538 3889 719 3951 orationum
747 3888 898 3952 excubiae
927 3892 960 3952 et
981 3889 1127 3952 miranda
1149 3888 1401 3953 victoriosissimi

134 4061 437 4068 ...w—...m

133 4165 168 4213 69
205 4161 224 4226 ¹)
243 4159 286 4212 Ita
307 4158 351 4212 hic
375 4165 404 4211 ut
427 4159 506 4228 epist.
530 4166 562 4213 70
588 4159 673 4213 latine
696 4159 806 4212 videtur
828 4176 1002 4226 conversum,
1030 4160 1105 4228 quod
1133 4176 1233 4228 graece
1260 4160 1403 4214 serebatur

133 4237 350 4315 ἆρχιεπισκόπῳ
362 4242 561 4315 οἰκουμενικῴ.
593 4244 633 4297 De
646 4243 744 4297 cadem
762 4243 899 4298 locutione
917 4260 988 4310 cquae
1002 4245 1039 4297 ad
1051 4245 1185 4314 epistolae
1198 4253 1230 4300 39
1247 4244 1403 4314 inscriptio·

134 4346 200 4383 nem
219 4329 368 4382 observata
385 4331 460 4394 silut,
480 4330 583 4398 repete.

202 4416 224 4480 ²)
242 4413 268 4466 Ie
290 4416 351 4467 erat
369 4412 509 4466 Anastasii
531 4413 648 4482 Augusti
672 4429 705 4466 ex
728 4430 822 4473 sorore
845 4429 943 4483 nepos,
966 4414 1043 4482 cqjus
1067 4417 1097 4468 ut
1121 4417 1150 4468 et
1173 4415 1287 4484 Hypatii
1310 4416 1404 4468 fratris

133 4497 231 4553 infelix
250 4497 339 4551 exitus
357 4516 374 4551 a
392 4498 527 4566 Procopio
551 4498 585 4551 dc
607 4498 681 4551 bello
701 4498 811 4552 Persico
829 4499 855 4563 l,
874 4505 907 4552 ‘24
925 4498 1097 4552 describitur.
1134 4499 1269 4562 Quocirca
1286 4497 1403 4566 Cyrillus

133 4584 164 4638 in
181 4584 241 4637 vita
259 4601 278 4635 e.
299 4582 389 4636 Sabae
409 4599 471 4635 eum
493 4583 671 4652 imperatoris
690 4582 885 4636 consobrinum
901 4585 990 4637 vocat.
1025 4583 1147 4637 Uxorem
1164 4584 1289 4637 habebat
1306 4583 1404 4636 codem

135 4668 239 4738 Cyrillo
258 4670 330 4722 teste
347 4668 523 4721 Anastasiam
542 4669 690 4736 cognatam
707 4666 846 4732 Julianae,
866 4685 937 4735 quac
955 4667 1041 4737 ipsius
1054 4667 1180 4736 Pompeji
1193 4667 1358 4722 consobrino
1376 4667 1405 4720 in

134 4754 199 4808 hist,
220 4752 332 4806 miscell.
353 4752 400 4806 lib.
421 4758 452 4806 16
470 4753 634 4822 appellatur.
676 4797 680 4806 .

133 4847 168 4896 70
207 4842 225 4905 ¹)
246 4837 385 4906 l’ompoji,
404 4838 481 4907 cujus
499 4841 540 4891 est
558 4839 683 4906 superior
702 4838 832 4907 epistola,
850 4840 882 4891 ut
898 4839 928 4891 in
946 4856 1008 4892 cam
1026 4839 1242 4905 observavimus,
1261 4854 1336 4892 uxor.

204 4923 422 4991 ἵ)Ε(1.Ιηηιίηιέ,
442 4939 559 4992 moxque
579 4923 612 4976 G¹
626 4925 652 4977 a¹
673 4930 821 4992 confiditur,
841 4923 939 4977 deinde
958 4923 1001 4977 cd.
1021 4936 1204 4992 exspectatam.

170 5027 328 5066 seraronas
343 5026 446 5062 nonas.
461 5027 573 5062 eonrrr.
591 5012 613 5066 1.
773 5013 785 5040 '
1163 5017 1203 5074 55
