3204 5506
584 385 776 435 nrisronan
800 375 850 434 63.
875 375 926 434 64.
1112 445 1115 453 Ι
1331 373 1392 439 857

119 559 180 622 pro
203 539 296 603 nobis
326 537 468 602 elaboret
495 540 606 604 oratio.
658 540 709 604 Ita
738 541 824 606 enim
851 544 939 606 totus
966 563 1000 606 se
1028 542 1237 608 ecclesiastici
1266 545 1391 629 negotii
1403 555 1432 622 (a
1450 555 1520 623 sla.)

118 642 199 706 tulit
221 644 371 724 eventuS,
400 645 436 705 ut
458 641 597 707 dubitari
619 664 686 707 non
707 643 809 728 possit
830 644 917 708 beati
939 644 1029 709 Petri
1051 667 1109 730 per
1130 645 1259 731 singula
1281 669 1392 731 prove·

120 744 209 809 nisse
232 743 436 808 miraculum:
464 745 709 830 primumquod
732 749 857 811 tantum
879 747 915 812 in
937 747 1031 832 ipsis,
1061 748 1114 832 qui
1138 749 1297 833 dignitate
1319 750 1392 814 fun-

119 850 260 932 guntur,
290 846 470 911 invenimus
491 847 656 932 religionis
686 849 845 932 ardorem,
875 853 912 913 ut
933 848 1133 935 Vitalianus,
1166 851 1337 935 Pompejus
1360 857 1393 917 et

119 948 327 1014 Justinianus
349 950 442 1013 nobis
457 954 662 1015 occurrerent
676 951 710 1014 in
726 951 834 1016 decem
849 952 1001 1035 millibus,
1025 956 1058 1016 et
1072 953 1111 1016 de
1127 953 1267 1017 adventu
1281 958 1392 1019 nostro

121 1074 196 1117 cum
219 1054 325 1116 vestra
348 1052 527 1136 gratiarum
549 1054 675 1117 actione
698 1051 828 1139 gloriari
856 1076 922 1118 non
945 1055 1179 1120 arbitrarentur
1207 1056 1392 1142 indignnm3
1437 1069 1439 1072 ⁴

121 1154 240 1219 deinde
261 1154 343 1238 quod
366 1158 459 1219 tanta
480 1155 544 1219 fuit
566 1156 663 1220 etiam
684 1156 720 1221 in
741 1155 834 1240 plebe
856 1155 997 1247 devotio,
1022 1161 1058 1222 ut
1080 1180 1154 1242 pars
1176 1159 1315 1223 maxima
1337 1183 1392 1244 po·

120 1256 271 1343 pulcrum
294 1279 365 1321 cum
388 1258 485 1322 cereis
508 1258 602 1323 simul
625 1261 657 1323 et
678 1258 825 1322 laudibus
848 1259 963 1323 vestris
984 1263 1130 1325 nostrum
1145 1262 1393 1345 praestolaretur

122 1358 307 1424 adventum.
353 1358 418 1424 Sub
445 1359 506 1424 hac
534 1361 642 1446 itaque
672 1361 857 1425 celebritate
891 1361 1030 1426 secunda
1062 1362 1144 1426 feria
1176 1363 1393 1430 hebdomadae

120 1463 254 1548 majoris
277 1461 591 1546 Constantinopolim
613 1464 748 1547 sospites
770 1463 950 1549 hilaresque
965 1465 1180 1549 convenimus
1204 1469 1393 1553 posteroque

121 1565 174 1629 die
196 1564 341 1649 piissimo
363 1564 502 1649 principi
524 1565 737 1650 praesentati,
768 1569 861 1630 tanto
889 1567 957 1650 ejus
979 1567 1112 1631 relevati
1135 1590 1242 1651 sumus
1265 1570 1391 1655 affectu,

120 1670 158 1731 ut
181 1667 209 1730 si
231 1666 295 1730 alia
316 1667 447 1749 rjnime
469 1667 712 1751 praecederent,
737 1670 804 1733 sola
827 1668 920 1733 nobis
936 1670 976 1733 ad
992 1669 1141 1733 solatium
1155 1671 1292 1754 piissimi
1306 1673 1393 1756 prin-

121 1770 204 1854 cipis
227 1769 334 1854 gratia
356 1769 547 1853 suffecisset3
584 1769 640 1834 sed
662 1771 859 1836 orationibus
883 1773 996 1836 vestris
1024 1775 1148 1856 majora
1175 1778 1283 1839 secuta
1306 1779 1392 1839 sunt.

120 1871 209 1936 Nam
232 1893 268 1936 eo
291 1872 341 1935 die
364 1871 422 1936 sub
445 1875 576 1936 senatus
601 1873 708 1937 cuncti
730 1874 914 1957 praesentia
942 1873 1083 1960 episcopi
1111 1897 1235 1961 quoque
1257 1881 1394 1962 quatuor

120 1973 311 2055 adfuerunt,
346 1996 423 2059 quos
446 1974 612 2039 Johannes
635 1974 1011 2060 Constantinopolitanus
1040 1977 1175 2041 antistes
1206 2001 1263 2062 pro
1291 1981 1393 2064 partis

120 2098 199 2141 suae
221 2077 406 2141 defensione
429 2078 660 2161 transmiserat,
685 2079 798 2163 quibus
821 2080 1016 2163 apostolicae
1032 2080 1115 2144 sedis
1130 2080 1273 2145 libellum
1289 2085 1393 2148 osten-

120 2179 243 2264 dimus,
268 2181 436 2264 omniaque
459 2181 493 2244 in
516 2203 552 2245 eo
569 2182 695 2266 recta¹)
719 2182 937 2266 canonicaque
960 2204 1027 2246 esse
1050 2183 1265 2268 probavimus.

207 2282 238 2346 2.
277 2281 441 2346 Postremo
463 2283 577 2368 quinta
598 2284 696 2367 feria,
727 2284 788 2349 hoc
812 2284 916 2348 estin
941 2306 1040 2349 coena
1063 2284 1208 2370 Domini,
1239 2287 1279 2352 ad
1306 2287 1393 2372 pala-

119 2385 203 2450 tium
226 2385 261 2449 in
284 2385 428 2470 generali
452 2389 611 2450 conventu
634 2387 722 2451 venit
745 2387 928 2472 episcopus,
963 2391 995 2451 et
1022 2387 1162 2472 perlecto
1189 2388 1297 2454 libello
1321 2413 1394 2455 con·

119 2488 266 2553 sentiens
295 2509 367 2552 oum
394 2511 518 2553 summa
545 2488 712 2553 devotione
736 2490 935 2574 subscripsit.
981 2489 1058 2566 duis
1081 2490 1235 2576 explicet,
1273 2495 1393 2577 quanta

120 2591 188 2655 illic
211 2591 367 2675 principis
389 2592 511 2675 pariter
534 2613 570 2655 ao
593 2598 723 2656 senatus
751 2593 877 2657 laetitia
906 2592 1020 2676 fucrit,
1056 2615 1134 2677 quas
1162 2593 1208 2658 ibi
1235 2594 1394 2679 lacrymas

119 2693 242 2778 gaudia
269 2694 468 2778 pepererint,
503 2716 581 2778 quas
604 2718 696 2759 voces
720 2695 769 2759 vel
792 2696 825 2759 in
849 2694 975 2759 laudem
997 2695 1153 2780 principis
1180 2696 1230 2760 vel
1253 2699 1287 2761 in
1311 2699 1394 2762 sedis

120 2799 259 2878 vestrae,
283 2797 380 2860 totius
405 2800 513 2860 coetus
536 2801 569 2860 et
591 2797 667 2861 cleri
689 2798 780 2861 favor
793 2796 931 2879 emisit?
965 2797 1128 2882 Explicari
1144 2798 1223 2863 haee
1238 2800 1394 2865 relatione

120 2919 188 2963 non
219 2901 369 2983 possunt,
408 2899 462 2963 sed
497 2899 744 2963 considerationi
778 2904 902 2963 vestrae
934 2900 1144 2985 portitorique
1172 2902 1392 2987 relinquimnS,

120 3000 206 3086 quod
230 3000 334 3085 eloqui
356 3021 421 3064 non
443 3001 595 3065 valemus.
631 3003 661 3065 A
684 3002 804 3086 palatio
826 3003 860 3065 in
884 3002 1051 3067 ecclesiam
1074 3026 1198 3068 summa
1221 3027 1291 3068 cum
1315 3006 1394 3069 celc-

120 3103 242 3167 britate
265 3103 478 3187 pervenimuS,
502 3107 538 3167 ut
559 3104 632 3168 fidei
656 3105 896 3188 animorumque
914 3095 1116 3168 concordiam
1132 3107 1294 3170 sollemnis
1312 3129 1394 3172 com-

120 3205 319 3289 munionis²)
343 3228 464 3291 quoque
488 3206 656 3271 celebritas
679 3207 853 3270 roboraret.
892 3206 955 3271 Vix
971 3207 1056 3270 credi
1072 3212 1190 3291 potest,
1215 3188 1285 3292 quis
1300 3209 1394 3274 fletus

120 3308 330 3390 laetantium,
361 3330 441 3392 quae
469 3310 669 3372 immensitas
696 3310 795 3373 fuerit
823 3309 1057 3394 exundatioque
1085 3310 1289 3394 populorum:
1324 3312 1394 3396 ipsa

120 3432 214 3474 suam
236 3410 394 3474 laetitiam
416 3413 511 3474 turba
533 3412 719 3475 mirabatur.
764 3411 833 3475 Nec
856 3412 995 3475 dubitari
1017 3416 1158 3497 poterat,
1188 3436 1318 3477 manum
1341 3416 1393 3478 ad-

119 3513 223 3577 fuisse
247 3512 430 3597 coelestem,
455 3537 535 3598 quae
557 3515 655 3578 talem
678 3515 795 3577 mundo
819 3514 954 3578 eontulit
976 3515 1143 3577 unitatem.
1176 3514 1288 3579 Aeacii
1304 3539 1393 3600 prae-

120 3616 312 3679 varicatoris
336 3616 600 3681 anathematizati
622 3640 739 3680 nomen
763 3617 801 3681 de
824 3616 984 3700 diptychis
1013 3616 1254 3700 ecclesiasticis,
1285 3620 1337 3682 sed
1362 3624 1395 3683 et

120 3722 302 3784 ceterorum
325 3718 561 3802 cpiscoporum,
596 3720 744 3803 quicum
773 3721 806 3782 in
831 3719 1052 3783 communione
1080 3720 1181 3783 secuti
1209 3723 1301 3803 sunt,
1335 3721 1414 3808 sub'

118 3824 234 3885 nostro
258 3825 430 3905 conspectu
454 3822 672 3905 significamus
696 3844 811 3885 erasos,
856 3821 1020 3884 Anastasii
1050 3843 1174 3905 quoque
1197 3844 1235 3885 ac
1256 3822 1393 3887 Zenonis

118 3923 256 3988 nomina
279 3923 426 3986 similiter
448 3924 488 3986 ab
512 3924 621 3987 altaris
644 3925 833 3988 recitatione
856 3924 1013 3988 submota.
1048 3923 1115 3986 Pax
1132 3926 1181 3987 est
1196 3925 1393 3988 orationibus

117 4025 238 4091 vestris
267 4023 521 4089 Christianorum
554 4027 714 4089 mentibus
748 4025 887 4089 reddita:
921 4048 985 4088 una
1018 4026 1116 4089 totins
1151 4029 1199 4090 est
1229 4025 1393 4090 Ecclesiae

117 4128 250 4209 anima,
281 4150 346 4190 una
367 4128 507 4211 laetitia;
541 4127 625 4191 solus
648 4128 738 4212 luget
760 4128 893 4191 humani
921 4127 1049 4212 generis
1072 4128 1238 4210 inimicus,
1269 4132 1393 4193 vestrae

116 4230 228 4315 precis
252 4231 490 4314 expugnatione
514 4230 652 4293 collisus.

208 4332 240 4395 3.
279 4330 393 4413 Orate,
429 4335 466 4395 ut
499 4332 737 4396 Antiochenam
770 4353 893 4415 quoquc
930 4332 1043 4395 similis
1079 4332 1217 4396 felicitas
1255 4332 1394 4396 illustret

116 4429 309 4516 ecelesiam,
344 4433 382 4497 de
412 4433 502 4517 cujus
530 4435 675 4499 antistite
704 4434 807 4498 adhuc
841 4437 998 4497 tractatus
1033 4437 1147 4497 nutare
1183 4434 1393 4519 conspicitur3

115 4534 274 4621 qnoniam
303 4535 388 4599 inter
416 4536 540 4599 diversa
568 4540 643 4600 vcta
671 4536 860 4620 populorum
892 4536 930 4599 de
963 4557 1118 4619 personae
1146 4536 1300 4600 electione
1327 4559 1392 4600 non

117 4640 263 4704 constat.
299 4637 464 4702 Credimus
487 4640 613 4720 tamen,
637 4639 720 4722 quod
742 4638 890 4722 precibus
905 4637 1115 4702 beatitudinis
1130 4641 1254 4703 vestrae
1269 4638 1308 4702 de
1324 4638 1393 4722 ipsa

328 4796 428 4803 -—--—

115 4883 152 4930 64
192 4877 212 4943 ¹)
232 4873 265 4927 G¹
281 4877 306 4927 a¹
326 4886 396 4928 recte
415 4882 537 4929 canonice
555 4895 622 4943 esse,
642 4877 671 4930 et
687 4876 800 4931 inferius
817 4885 955 4945 perlectam
972 4880 1087 4930 libellam.

190 4962 212 5030 ²)
232 4959 276 5012 lta
294 4960 326 5012 G'
342 4964 378 5014 ab
415 4961 457 5015 Al.
476 4961 565 5015 omitt.
584 4967 773 5028 continuationis,
791 4979 910 5031 moxque
928 4966 1067 5020 mirabitur.
