3204 5506
220 336 264 401 50
589 353 725 400 nonius
747 351 899 399 essuvm
922 352 957 399 nx
982 350 1119 400 sunnon

222 518 449 571 commemoratis
463 515 498 570 de
512 515 558 570 liis
572 516 768 586 apostolorum
783 514 943 570 canonibus
955 518 1071 585 penitus
1083 516 1174 569 tacuit
1182 536 1190 575 ,·
1204 513 1317 569 sednec
1328 515 1409 569 inter
1420 530 1490 585 apo·

222 601 335 673 crppltu
352 616 387 656 cu
402 603 484 657 misit.
521 598 595 654 Unde
611 600 699 654 minus
715 600 811 654 mirum
827 607 886 662 est,
909 598 1000 654 eadem
1016 598 1210 659 additamenta,
1231 596 1294 653 licet
1315 614 1329 653 a
1348 597 1493 672 plerisque

221 683 345 740 omnibus
361 685 458 741 Gelasii
474 685 588 740 vetustis
604 682 742 740 codicibus
758 682 859 744 absint,
883 685 910 739 in
926 683 1013 740 editos
1031 683 1113 738 libros
1127 683 1275 739 transiisse.
1306 682 1335 738 ld
1349 683 1425 738 enim
1440 699 1494 738 mu

221 771 313 824 venire
328 769 415 833 solet,
433 778 463 827 ut
479 769 552 844 quod
567 770 672 825 auctius
687 771 822 825 iuvenitur
836 770 863 824 in
879 767 968 831 libris,
985 768 1037 825 boc
1051 769 1185 842 integrius
1201 776 1320 842 putetur.
1342 766 1411 824 lnde
1426 783 1493 823 nero

220 854 336 909 duorum
352 854 524 911 decretorum
539 852 650 911 diversis
667 853 833 929 temporibus
854 853 989 910 editorum
1004 863 1066 909 nata
1081 852 1220 915 conlusio,
1241 870 1272 908 ac
1291 852 1326 908 de
1347 852 1492 908 Gelasimo

220 937 357 995 dubitandi
374 942 480 996 occasio
495 940 565 997 data.
596 939 818 996 Prudentioribus
834 940 905 994 enim
920 937 986 995 viris
1001 954 1161 1013 persuasum
1176 938 1241 1001 luit,
1264 940 1290 993 in
1307 937 1408 993 Gelasii
1425 945 1493 994 tem·

220 1040 286 1097 pora
302 1041 356 1081 non
371 1027 515 1083 convenire
530 1025 685 1089 decretum,
707 1026 734 1081 in
755 1041 810 1098 qno
826 1024 1124 1099 Constantinopolitano
1140 1023 1261 1097 synodus
1277 1024 1348 1079 inter
1363 1039 1492 1080 oecume-

218 1110 291 1164 nicas
311 1119 477 1167 numeratur.

304 1195 334 1251 9.
356 1195 456 1269 Nempe
472 1197 592 1270 quamvis
607 1196 633 1251 in
647 1194 858 1251 Calchedonensi
874 1194 989 1251 concilio
1005 1193 1084 1250 acub
1100 1192 1192 1266 (llard.
1203 1192 1266 1249 coll.
1279 1209 1357 1250 conc.
1372 1193 1404 1256 ll,
1417 1191 1491 1265 net)

220 1277 281 1335 fidei
297 1277 448 1336 definitioni
464 1282 596 1337 insertum
618 1282 654 1336 sit
669 1278 983 1354 Constantinopolitanae
998 1278 1094 1353 synodi
1110 1277 1277 1353 symbolum,
1292 1279 1382 1335 serius
1398 1286 1489 1334 tamen

218 1363 330 1420 Romani
351 1365 490 1439 praesules
512 1367 580 1422 banc
602 1364 735 1439 synodum
755 1367 828 1421 inter
849 1365 1034 1422 oecumenicas
1057 1364 1219 1421 babuerunt.
1254 1363 1403 1420 Lucentius
1425 1380 1489 1438 apo·

219 1448 331 1506 stolicae
352 1450 425 1506 sedis
447 1450 555 1525 legatus
576 1451 603 1506 in
615 1449 739 1507 'concilio
761 1450 973 1507 Calchedonensi
995 1458 1047 1507 act.
1063 1450 1102 1508 16
1123 1448 1215 1522 (llard.
1230 1449 1248 1505 l.
1266 1466 1289 1505 c.
1305 1449 1342 1512 ll,
1361 1447 1437 1521 635)
1457 1465 1490 1504 ex

219 1533 316 1590 leonis
332 1535 457 1592 mandato
473 1535 667 1611 expostulavit,
689 1534 763 1608 quod
784 1543 978 1593 trecentorum
999 1537 1095 1592 decem
1117 1541 1223 1592 etacio
1238 1535 1490 1591 constitutionibus

215 1623 392 1691 postpositis,
415 1628 528 1678 centum
543 1625 768 1695 quinquaqinta,
790 1625 841 1695 qui
859 1625 888 1678 in
909 1622 1055 1694 synodicis
1075 1621 1235 1678 canonibus
1255 1637 1311 1677 non
1331 1620 1489 1688 debentur,

218 1696 388 1762 mentionem
404 1713 514 1762 tantum
527 1707 635 1779 secisse
649 1713 819 1763 irascuntur.
855 1705 914 1781 lpse
929 1705 984 1761 Leo
1006 1705 1076 1762 idem
1097 1705 1239 1761 concilium
1261 1721 1311 1760 nec
1324 1703 1426 1779 synodi
1441 1720 1491 1760 no·

218 1790 290 1845 mine
304 1789 406 1847 donare
422 1790 558 1866 dignatur.
587 1791 626 1848 lta
647 1792 747 1865 quippe
767 1791 800 1847 de
815 1791 862 1847 illo
884 1791 916 1847 ad
932 1790 1087 1847 Anatolium
1111 1791 1190 1865 epist.
1205 1790 1265 1847 tos
1281 1788 1332 1847 αὖ
1348 1788 1489 1864 loquitur:

217 1875 409 1933 Persuasioni
427 1880 501 1933 enim
521 1884 590 1935 tune
610 1880 639 1933 in
654 1879 733 1934 nullo
750 1880 870 1949 penitus
884 1879 1070 1950 suffraqatur
1085 1877 1271 1949 quorumdam
1286 1878 1490 1948 episcoporum

217 1966 285 2016 ante
299 1965 470 2035 serapium,
488 1969 519 2018 ut
528 1964 647 2034 jactos,
669 1978 762 2018 annos
779 1961 864 2033 sacta
881 1965 1057 2033 conscriptio
1063 1985 1073 2025 ,·
1087 1969 1115 2017 ct
1130 1962 1209 2035 epist.
1219 1960 1280 2018 105
1291 1959 1359 2016 c.2:
1376 1959 1491 2032 Super·

217 2045 282 2102 bum
293 2049 378 2103 ninds
389 2054 432 2104 est
444 2055 472 2104 et
482 2049 700 2104 immoderatum
715 2088 761 2118 ...,
776 2055 808 2103 ut
819 2048 1024 2104 uenerabilium
1035 2044 1491 2118 potrum(llicaenorum)decretu

216 2133 382 2202 adeuntur,
399 2134 588 2206 quorumdum
603 2136 804 2205 episcoporum
827 2131 1074 2205 (Constantinopoli
1089 2128 1329 2205 congregatorum)
1343 2130 1491 2203 proferre

217 2232 402 2288 consensum,
418 2221 468 2275 eui
482 2225 521 2274 tot
536 2235 680 2275 annorum
695 2221 787 2274 series
800 2221 915 2290 nepam‘t
930 2220 1075 2291 effectum.
1101 2215 1204 2272 lnbcias
1221 2232 1274 2271 non
1291 2232 1333 2279 eo,
1350 2217 1420 2272 baec
1434 2232 1489 2272 ma

217 2302 286 2357 xime
301 2301 333 2356 ad
346 2319 486 2365 cainonem,
501 2320 556 2377 quo
568 2301 685 2359 secunda
697 2302 776 2358 sedes
788 2303 880 2376 regiae
892 2303 1006 2359 civitatis
1018 2302 1147 2377 episeopo
1159 2299 1366 2363 concedebatur,
1378 2300 1487 2358 reterri.

216 2386 251 2442 dt
266 2402 349 2459 quum
364 2386 410 2442 illa
425 2386 547 2461 synodus
568 2404 738 2462 nequaquam
759 2388 930 2444 oecumenica
945 2403 1037 2461 perse
1053 2386 1151 2450 luerit,
1175 2393 1271 2460 utpote
1289 2387 1333 2441 cui
1354 2401 1388 2442 ex
1411 2385 1489 2443 Occi·

216 2469 298 2526 dente
313 2472 468 2528 interlucrit
484 2488 578 2537 nemo,
601 2489 680 2528 nenio
701 2470 765 2528 inde
786 2471 817 2527 ad
840 2488 897 2528 eam
913 2480 1024 2528 vocatus
1045 2473 1096 2534 sit,
1118 2471 1290 2528 oecumenica
1304 2470 1421 2528 evadere
1435 2471 1488 2527 nisi

203 2557 373 2628 ‘acceptione
388 2573 443 2612 non
458 2558 558 2631 potuit.
586 2550 735 2625 Quominus
750 2566 841 2613 autem
856 2556 888 2612 ab
900 2555 1114 2613 occidentalibus
1131 2557 1306 2630 acciperetur,
1323 2573 1377 2612 non
1390 2571 1487 2631 parum

216 2638 323 2696 obstitit
345 2658 408 2698 mox
422 2641 511 2699 dictus
534 2659 630 2699 canon.
672 2641 752 2698 Certe
768 2650 827 2697 toto
843 2641 890 2698 illo
905 2643 1009 2717 spatio,
1032 2641 1106 2716 quod
1127 2641 1158 2698 ab
1174 2643 1231 2716 ipsa
1246 2639 1352 2715 synodo
1367 2641 1403 2697 ad
1418 2641 1489 2698 beo-

216 2741 277 2780 nem
292 2729 425 2790 excurrit,
441 2727 494 2784 boc
508 2736 551 2783 est
566 2728 607 2786 60
629 2743 774 2790 annorum,
796 2735 931 2801 acceptam
947 2744 1004 2783 eam
1020 2743 1074 2783 non
1090 2726 1183 2788 tuisse,
1206 2725 1288 2797 hujus
1303 2743 1389 2801 papae
1404 2725 1488 2784 verba

215 2811 336 2884 proxime
352 2811 431 2868 allata
445 2813 510 2868 satis
526 2812 654 2868 indicant.
700 2810 804 2868 Abhinc
819 2821 908 2869 autem
923 2812 955 2868 ad
972 2811 1068 2868 Gelasii
1084 2821 1205 2886 tempora
1219 2810 1355 2868 llomanos
1370 2813 1445 2869 inter
1458 2820 1489 2869 et

215 2896 305 2970 regiae
329 2895 402 2953 urbis
419 2899 554 2955 antistites
570 2914 600 2954 ea
615 2899 794 2954 intercessere
810 2899 934 2972 negotia,
956 2914 1025 2972 quae
1045 2897 1108 2954 illos
1128 2896 1160 2952 ab
1183 2896 1275 2953 eadem
1290 2897 1399 2970 synodo
1414 2898 1488 2954 inter

215 2982 399 3038 oecumenicas
415 2983 585 3057 suscipienda
599 2999 655 3039 non
669 2984 758 3038 minus
774 2990 929 3040 avocarunt.
974 2985 1009 3038 tt
1030 2981 1187 3038 Hormisdae
1208 2998 1274 3038 aeuo
1294 2991 1399 3039 mutata
1420 2991 1486 3040 sunt

214 3074 345 3140 tempora.
377 3067 453 3125 Tunc
475 3068 545 3125 enim
561 3067 852 3143 constantinopolitani
867 3069 1001 3125 antistites
1016 3069 1043 3123 in
1059 3069 1173 3142 gratiam
1188 3084 1248 3123 cum
1264 3066 1392 3124 Romanis
1408 3058 1500 3143 prae-⁷

214 3150 318 3207 sulibns
334 3151 452 3218 rediere,
473 3152 625 3228 exindeque
646 3153 688 3209 bis
709 3154 788 3209 etiam
809 3153 938 3209 familiare
953 3150 1018 3216 luit‘,
1040 3161 1158 3226 quatuor
1172 3151 1305 3226 synodos,
1329 3154 1402 3210 inter
1417 3170 1486 3229 quas

213 3244 255 3291 est
270 3236 578 3313 Constantinopolitano,
594 3240 665 3313 paris
681 3239 850 3295 auctoritatis
866 3237 1002 3312 profiteri,
1024 3239 1077 3294 boc
1092 3237 1229 3294 dumtaxat
1243 3236 1363 3294 adhibito
1380 3248 1488 3314 tempe·

213 3331 349 3386 ramento,
371 3340 426 3397 quo
448 3325 607 3379 nominatim
628 3323 741 3398 vigilius
763 3325 842 3380 etiam
864 3323 947 3397 longe
968 3331 1064 3397 postea
1085 3322 1192 3397 epist.3
1214 3321 1268 3380 n.3
1290 3339 1356 3379 usus
1373 3333 1432 3390 est,
1454 3332 1487 3381 ut
1530 3388 1533 3405 Ι

213 3414 317 3463 tantum
333 3424 402 3481 quac
417 3410 444 3464 in
459 3408 512 3465 illis
527 3411 563 3465 de
577 3410 635 3482 fide
649 3406 759 3465 delinita
774 3418 852 3470 sunt,
867 3410 1006 3483 suscipere
1027 3425 1057 3464 se
1080 3415 1257 3465 testarentur:
1274 3424 1307 3464 ne
1322 3408 1429 3466 scilieet
1444 3426 1486 3474 ea,

201 3507 282 3565 ,quae
297 3493 388 3567 regiae
404 3491 464 3549 urbi
479 3493 804 3567 aConstantiuopolitana
819 3501 846 3549 et
861 3493 1074 3550 Calchedonensi
1089 3510 1216 3550 concessa
1231 3502 1309 3557 sunt,
1326 3493 1487 3552 riderentur

212 3574 382 3634 confirmare.
424 3576 473 3645 Qui
489 3579 575 3653 igitur
590 3579 769 3634 additamenta
785 3579 910 3654 superius
925 3587 1017 3635 notata
1031 3580 1059 3634 in
1075 3578 1215 3635 Gelasiano
1228 3578 1339 3636 decreto
1354 3579 1487 3655 legebant

212 3677 263 3716 nec
277 3661 484 3736 suspicabantur
498 3663 606 3720 aliunde
621 3664 731 3726 adscita,
748 3663 809 3721 inde
824 3680 880 3720 non
890 3665 1025 3721 immerito
1041 3663 1244 3726 inducebantur,
1262 3672 1291 3720 ut
1307 3673 1398 3722 totum
1414 3683 1485 3741 opus

213 3745 318 3803 Gelasio
334 3747 527 3819 abjudicarent.
559 3749 594 3804 dt
610 3748 653 3805 ubi
670 3751 866 3823 compererint,
890 3765 922 3806 ex
944 3750 1039 3824 viginti
1055 3748 1212 3824 etamplius
1228 3749 1365 3806 veteribus
1381 3751 1486 3809 codici·

211 3829 276 3894 bus,
300 3850 369 3906 qnos
386 3835 610 3908 recognovimus,
632 3851 662 3890 ea
683 3835 725 3889 vix
746 3836 773 3890 in
795 3833 881 3890 tribus
904 3836 1001 3908 partim
1022 3836 1049 3889 in
1065 3837 1186 3909 margine
1200 3837 1298 3909 partim
1312 3837 1339 3890 in
1355 3844 1436 3893 textu
1451 3853 1488 3894 ex
1526 3834 1533 3847 ‘

212 3914 370 3975 Hormisdae
385 3917 582 3994 exemplaribus
597 3927 724 3992 excerpta
739 3918 809 3994 legi,
825 3919 935 3976 eosdem
950 3929 1147 3994 praeconcepta
1162 3921 1290 3994 opinione
1305 3919 1385 3977 facile
1401 3920 1488 3980 absti-

211 4009 288 4058 turos
307 4020 399 4078 spero.

297 4089 347 4147 10.
378 4089 449 4145 Alias
465 4090 573 4147 levioris
588 4092 718 4147 momenti
734 4091 889 4154 varietates,
906 4107 975 4164 quac
991 4092 1061 4147 intor
1075 4092 1180 4147 sincera
1196 4090 1293 4147 Gelasii
1310 4089 1487 4151 Hormisdae·

211 4189 263 4247 que
279 4174 438 4250 exemplaria
455 4184 616 4239 occurrunt,
637 4177 664 4231 in
684 4175 876 4250 marginalibus
897 4177 970 4232 notis
985 4175 1103 4232 irnlicare
1118 4177 1183 4233 satis
1199 4176 1291 4234 luerit.
1330 4173 1381 4234 Eas
1398 4181 1487 4237 minio

210 4257 349 4316 distinctas
366 4262 464 4335 cuique
480 4278 534 4317 uuo
550 4262 650 4317 intuitu
670 4262 827 4334 conspicere
846 4262 910 4318 licet
925 4260 996 4335 apud
1010 4262 1118 4317 lustum
1134 4259 1330 4325 llontaninum,
1351 4266 1402 4338 qni
1422 4267 1488 4340 qttl·

210 4342 271 4399 dem
287 4346 313 4401 in
325 4346 472 4420 appendice
486 4348 638 4421 antiquitat.
656 4345 784 4402 llortens.
801 4363 863 4421 pag.
872 4346 934 4405 317
951 4355 978 4402 ct
991 4345 1148 4403 Hormisdae
1163 4347 1302 4404 demotum
1314 4365 1328 4403 a
1341 4347 1488 4409 Chillletio

210 4428 349 4503 vulgatum
366 4439 393 4487 et
408 4430 577 4489 Gelasianum
594 4448 609 4487 e
624 4431 750 4487 Vaticano
767 4431 911 4505 exemplari
927 4448 1030 4488 summa
1045 4430 1185 4507 diligentia
1201 4449 1360 4507 expressum
1376 4434 1488 4493 duabus

209 4512 342 4570 columnis
365 4519 584 4590 repraesentavit.
613 4516 648 4572 lis
664 4534 742 4580 vero,
766 4533 834 4590 quae
855 4516 887 4572 ad
904 4515 1072 4573 Hormisdam
1093 4527 1120 4574 et
1136 4534 1204 4593 quae
1219 4517 1251 4573 ad
1268 4518 1406 4577 Gelasium
1422 4539 1489 4597 per·

209 4599 304 4663 tinent,
322 4599 456 4658 distinctis
467 4601 523 4672 jam
538 4604 640 4659 certius
663 4611 783 4676 apparet,
800 4601 872 4675 quod
889 4602 1013 4658 nonnulli
1027 4602 1278 4667 erantsubodorati,
1294 4603 1342 4660 sed
1354 4605 1487 4679 probare,

209 4685 335 4756 quamdiu
351 4685 395 4741 illa
411 4697 488 4742 crant
499 4688 628 4750 confusa,
644 4703 700 4742 non
713 4686 849 4743 valebant:
866 4686 935 4747 idem
947 4687 1054 4745 seilicet
1065 4687 1205 4745 decretum
1218 4705 1233 4743 a
1245 4688 1351 4745 Gelasio
1364 4693 1488 4765 primum

208 4767 324 4830 editum.
346 4786 376 4824 ac
397 4772 571 4844 postmodum
595 4771 627 4830 ab
644 4771 786 4828 llormisda
808 4790 869 4830 eum
890 4775 1043 4830 accessione
1059 4773 1189 4830 nonnulla
1204 4772 1395 4834 confirmatum
1411 4794 1487 4835 esse.

210 4850 340 4919 Quocirca
356 4854 439 4929 Pugio
454 4866 482 4913 et
497 4860 659 4914 assentimus
677 4858 810 4914 Gelasium
825 4858 928 4915 dccrcti
949 4859 982 4915 de
1003 4858 1083 4915 libris·
1098 4868 1235 4933 parentem
1257 4877 1318 4916 esse
1338 4865 1487 4927 asserenti.
