3204 5506
172 349 234 415 140
654 365 682 412 s.
699 361 823 410 arnam
845 360 959 408 aaran

62 534 156 584 area.
171 521 253 607 quod
277 521 306 585 ei
327 519 535 584 sollicitudini
559 519 719 583 intentrun
741 520 773 581 te
796 538 864 581 esse
887 536 1056 601 cognosco,
1085 519 1121 580 ut
1149 513 1375 580 custodiendis
1397 538 1455 600 pa·

170 628 335 688 ternorum
363 644 521 687 canonum
550 621 669 706 regulis
696 619 823 684 studere
850 640 901 682 me
925 618 1045 702 cupias.
1091 616 1160 694 Quo
1182 616 1345 683 desiderio
1368 617 1456 683 nihil

172 725 298 809 concipi
326 724 483 789 salubrius
511 725 628 807 potest,
658 724 810 807 quamut
831 720 866 785 in
889 742 954 784 uua
975 719 1131 803 Ecclesia,
1160 721 1210 786 cui
1233 722 1369 805 oportet
1391 743 1456 785 nec

86 819 156 888 Eph.
170 828 313 892 maculae.
335 826 486 911 aliquid
477 847 581 889 messe
608 845 667 888 nec
690 844 799 907 rugae,
823 845 888 887 una
910 823 953 887 sit
973 824 1008 887 in
1030 823 1177 887 omnibus
1202 822 1454 910 observantia')

86 893 157 954 ω’
150 928 369 1014 disciplinae.
415 928 473 994 Curi
501 928 528 992 si
553 925 672 1010 aliquid
700 925 887 990 eruditionis
910 928 965 989 aut
994 925 1233 1010 correctionis⁷)
1262 923 1454 990 addendum

171 1037 230 1116 est,
253 1033 430 1097 rectissime
451 1051 509 1114 per
531 1033 601 1093 vest
602 1050 671 1092 ram
693 1028 895 1113 diligentiam
918 1027 1062 1092 consulet
1048 1030 1111 1110 tur,
1135 1049 1162 1090 s1
1154 1027 1466 1111 quemadmodum·

172 1157 205 1199 es
228 1134 380 1219 dignatus
409 1132 558 1213 scribere,
587 1135 654 1194 tam
683 1131 841 1195 instructa
869 1130 907 1193 ad
937 1151 995 1194 nos
1023 1129 1122 1194 fuerit
1148 1150 1287 1213 persona
1309 1129 1452 1215 directe,

170 1259 251 1321 quae
284 1235 525 1319 inquisitionem
557 1236 702 1297 nostram
738 1232 835 1317 plene'
868 1254 906 1296 ex
941 1231 1088 1295 ommibus
1131 1232 1233 1316 possit
1270 1232 1452 1299 instruere.

172 1338 353 1423 Spondeo⁸)
370 1337 466 1419 enim,
491 1339 645 1420 quantum
661 1334 768 1419 gratia
782 1333 843 1398 Dei
859 1333 958 1398 donat
979 1336 1015 1397 ut
1037 1332 1222 1418 spondeam,
1244 1333 1308 1400 hoc
1332 1357 1387 1400 me
1410 1335 1454 1401 ad

172 1440 384 1504 rmiverselem
412 1437 612 1503 sacerdotum
633 1437 765 1502 Domini
798 1434 998 1501 concordiam
1026 1436 1237 1521 provisurum,
1268 1439 1307 1500 ut
1335 1458 1453 1502 omnes

171 1565 238 1607 non
261 1564 317 1606 sua
341 1543 481 1606 audeant
502 1563 662 1625 quaerere,
687 1539 742 1604 sed
765 1561 845 1622 quae
867 1542 945 1602 sunt
967 1537 1089 1604 Christi
1110 1538 1262 1604 studeant
1285 1538 1450 1605 obtinere.

173 1645 258 1711 Deus
281 1648 313 1709 te
336 1644 528 1709 incolumem
550 1638 719 1725 custodiat,
743 1641 844 1705 frater
860 1640 1033 1724 carissime.

685 1827 866 1932 Epistola
892 1828 925 1911 7.

392 1985 513 2052 Hilari
537 1938 647 2068 papae
670 1983 714 2049 ad
736 1981 929 2049 Leontium
952 1979 1214 2049 arelatensem.

514 2115 612 2184 Monet,
631 2130 658 2174 ut
674 2125 823 2174 relationem
840 2124 872 2173 de
890 2122 987 2173 Heme
1004 2123 1095 2173 mittat.

322 2259 599 2325 Dilectissimo
621 2257 741 2322 fratri
763 2255 929 2321 Leontio
952 2254 1116 2321 Hilarus
1138 2278 1251 2341 papa.

258 2384 285 2446 1.
324 2381 478 2444 Miramur
499 2378 738 2443 fraternitatem
759 2378 847 2440 tuam
869 2376 916 2440 ita
937 2375 1019 2461 legis
1035 2375 1210 2441 catholicae
1224 2377 1450 2444 immemorem

170 2506 255 2566 esse,
290 2486 326 2546 ut
348 2504 490 2566 quaeque
500 2481 524 2565 ¹)
552 2481 661 2564 iniqua
691 2482 722 2543 et
752 2482 863 2544 eontra
892 2481 1020 2562 patrum
1048 2482 1229 2544 nostrorum
1256 2483 1385 2547 statuta
1412 2482 1451 2547 in

170 2584 348 2669 provincia,
383 2605 465 2667 quae
487 2583 527 2647 ad
555 2581 774 2646 monarchiam
796 2585 884 2646 tuam
905 2581 1057 2664 pertinet,
1086 2581 1113 2645 si
1135 2581 1203 2665 ipse
1226 2585 1376 2649 autnon
1398 2584 1451 2650 vis

171 2691 227 2751 aut
248 2708 314 2751 uon
335 2689 437 2769 potes,
461 2684 559 2749 etiam
579 2706 640 2749 nee
663 2706 720 2748 nos
743 2683 898 2748 silentiit
898 2683 1170 2748 uitaciturnitate
1189 2685 1363 2768 permittas
1379 2709 1452 2753 eor·

171 2789 286 2873 rigere.
326 2786 488 2871 Siquidem
509 2786 640 2871 quodet
608 2809 787 2851 ennuore
811 2786 1029 2871 eognovimus,
1052 2808 1069 2850 e
1070 2789 1253 2870 tquantum
1269 2787 1452 2875 diligenter

171 2914 190 2954 a
218 2881 352 2954 diacono
379 2888 544 2972 Johanne,
576 2889 630 2973 qui
659 2912 677 2952 a
704 2889 877 2974 magnifico
906 2888 973 2952 viro
1000 2888 1066 2952 filie
1096 2891 1206 2954 nostre
1227 2889 1449 2977 Fritherieo²)

169 2992 286 3057 litteris
309 2992 374 3056 suis
396 2991 488 3055 nobis
510 2990 691 3056 insinuatus
708 2994 766 3074 est,
791 2990 1021 3074 requisivimus,
1038 2991 1121 3075 quod
1137 2991 1338 3075 iniquissima
1353 3016 1450 3060 imur·

170 3096 301 3180 petione
323 3095 452 3180 quidam
466 3093 636 3178 Hermes³)
657 3095 877 3178 episcopatum
900 3094 1039 3158 civitatis
1054 3092 1274 3159 Narbonensis
1297 3116 1449 3163 exsecra·

171 3198 227 3263 bili
249 3198 430 3263 temeritate
451 3197 710 3281 praesumpserit.
744 3196 846 3271 Quam
868 3218 935 3260 rem
957 3196 1107 3261 decuerat
1129 3197 1338 3263 sanctitatem
1353 3201 1449 3265 tuem

170 3303 207 3364 ut
229 3301 320 3364 nobis
342 3300 377 3363 in
400 3300 535 3383 vestigio
560 3298 728 3363 indicaret.

255 3402 286 3466 2.
324 3402 393 3477 Qua
416 3401 454 3464 de
476 3422 521 3482 re,
546 3400 646 3464 frater
669 3400 841 3483 carissime,
864 3422 1041 3483 monemuS,
1064 3403 1101 3466 ut
1122 3402 1149 3465 si
1171 3401 1248 3466 fides
1270 3401 1449 3470 adhibetur

168 3504 311 3590 assertis,
336 3502 476 3587 seposita
498 3501 701 3566 excusatione
728 3502 768 3566 ad
790 3489 849 3566 nos
870 3506 937 3566 tam
960 3505 1033 3567 tuae
1056 3503 1236 3568 dilectionis
1258 3525 1356 3588 quam
1377 3507 1447 3573 fra-

170 3609 255 3669 trum
283 3608 479 3689 nostrorrun,
509 3607 565 3667 aut
591 3625 648 3688 per
677 3604 865 3688 portitorem
893 3604 1072 3669 litterarum
1102 3609 1157 3669 aut
1182 3627 1357 3690 perquem
1379 3609 1448 3694 ipsi

170 3707 343 3792 elegeritis,
368 3706 582 3790 sulrseriptam
604 3729 755 3771 manuum
778 3711 954 3771 vestrarum
977 3707 1165 3773 relationem
1192 3709 1447 3778 transmittatis:

169 3813 207 3874 ut
227 3808 311 3894 quod
333 3807 464 3873 definire
476 3809 643 3894 possimus,
666 3811 843 3876 recurrenti
863 3810 985 3896 pagina
999 3811 1128 3895 possitis
1144 3832 1329 3898 agnoscere.
1353 3812 1448 3880 Deus

237 4086 258 4149 θ)
277 4082 320 4137 Ita
338 4099 415 4148 mss.;
435 4082 461 4136 ιιι
473 4098 550 4151 seqq.
569 4085 720 4137 observatio.

237 4171 258 4235 ⁷)
276 4168 320 4222 Ita
337 4168 370 4221 h⁸
382 4167 415 4221 L⁴
428 4169 471 4232 e⁸;
489 4166 537 4222 alii
554 4173 734 4237 correptionis.

237 4257 258 4321 ⁸)
276 4253 309 4307 Ιι8
320 4253 385 4307 L⁴b
403 4258 540 4321 expendes
613 4261 781 4322 respondeam,
800 4271 833 4307 ex
855 4271 944 4323 prava
962 4252 1094 4308 dictantis
1111 4253 1348 4323 pronuntiatione.

239 4340 257 4402 ¹)
277 4338 338 4392 ιιιΙι8
355 4349 382 4391 ut
399 4359 464 4407 quae
483 4343 576 4408 iniquo,
599 4354 718 4407 moxque
735 4339 768 4392 L³
783 4345 916 4407 pertinuit.
952 4338 1004 4392 Hie
1025 4338 1164 4392 notandus
1185 4338 1260 4393 vocis
1277 4347 1448 4399 racundiae

170 4441 235 4476 usus
253 4423 290 4477 ad
306 4421 517 4492 sisprificandum
544 4422 668 4491 regimen
695 4422 916 4478 ecclesiasticum.
955 4421 1043 4488 Quam
1067 4423 1166 4478 eodem
1189 4439 1271 4478 sensu
1294 4429 1450 4497 usurparit

170 4507 321 4576 Gregorius
334 4507 499 4563 Turonensis
518 4506 552 4562 de
571 4507 633 4562 vitis
650 4511 763 4578 patrum
782 4516 830 4562 cl
849 4526 875 4561 ιι.
889 4514 917 4574 2,
935 4508 983 4562 ubi
993 4508 1155 4581 Lupicinum
1173 4526 1256 4579 super
1267 4512 1449 4570 monueris

169 4596 337 4647 tironos-etium
356 4591 506 4646 obtinuisse
524 4594 627 4648 narrat.
658 4595 701 4648 lta
718 4597 747 4648 et
763 4594 791 4647 in
809 4594 868 4648 vita
885 4613 905 4647 s.
919 4594 1037 4648 ltomani
1050 4594 1161 4650 abbatis
1172 4593 1298 4649 durensis
1310 4594 1449 4654 decessor

169 4676 278 4732 Leontii
296 4676 416 4731 Hilarius
435 4677 558 4748 carpitur
576 4681 607 4732 ut
624 4683 759 4734 indebitam
776 4683 825 4733 sior·
839 4700 889 4748 per
908 4685 1004 4734 Gallius
1022 4685 1152 4734 vindicans
1169 4684 1350 4737 monarchiam.

236 4765 258 4830 ²)
276 4761 344 4817 editi
362 4766 504 4826 meraco,
523 4782 586 4818 mss.
606 4768 749 4819 Fm'rterae'co
767 4766 817 4819 aut
834 4769 997 4821 Frtttterr'ce.

238 4850 258 4913 ³)
276 4847 353 4901 Idem
371 4847 481 4902 videtur
499 4848 521 4902 is
533 4849 649 4903 Hermes
660 4848 833 4916 Biterrensis,
851 4850 899 4920 qui
911 4849 1120 4906 archidiaconus
1131 4850 1239 4906 Rustici
1249 4851 1449 4913 Narbonensis

168 4932 197 4988 iu
214 4933 298 4988 Leon.
318 4933 397 5004 epist.
413 4939 461 4988 167
480 4952 505 4989 ιι.
521 4940 534 4988 1
553 4937 724 4990 memoratur
743 4939 810 5005 (0¹¹).
