3204 5506
578 378 786 427 amararum
808 379 937 427 111—1v.
1347 368 1386 433 il
1574 409 1587 438 .

172 541 265 597 sementia
277 539 326 603 bis,
343 539 428 595 semel
442 539 544 595 seilicet
560 555 586 593 u.
597 539 635 596 18
648 547 675 595 et
690 540 787 595 iterum
802 540 877 596 aaa
894 540 1035 596 referatur.
1058 540 1110 596 Sed
1122 542 1188 598 baec
1203 541 1315 600 forsitan
1331 562 1386 601 nou

170 624 242 682 dude
252 625 423 699 contigerint,
443 640 523 698 quam
544 623 617 696 quod
638 623 704 680 haec
724 626 875 681 testimonia
896 625 1041 699 colligendi
1056 641 1120 682 cura
1135 627 1246 683 diversis
1262 628 1386 703 delegata

169 713 202 771 sit,
212 719 273 784 atque
287 726 318 766 eo
334 708 437 778 ordine,
456 724 510 782 quo
526 710 641 783 quisque
654 726 669 765 a
682 725 712 765 se
727 709 840 766 collecta
854 710 962 774 retulit,
985 709 1117 767 collocata
1131 713 1194 767 sint.
1227 713 1282 768 Nec
1297 721 1387 770 taeen-

168 794 220 857 dun,
236 793 298 868 quod
312 792 448 849 Ambrosii
463 792 542 849 verba
557 811 612 850 non
629 796 738 868 propria
753 794 800 850 sed
815 812 965 869 synonyma
980 795 1169 858 exhibeantur;
1191 797 1258 853 adeo
1280 806 1310 853 ut
1330 815 1385 854 uon

167 896 188 934 en
202 880 289 953 proprio
308 878 383 935 laute
404 880 500 934 hausta
519 878 568 935 sed
588 896 621 934 ea
642 881 745 953 graecis
766 880 860 936 rivulis
882 889 988 954 accepta
1010 879 1122 936 diceres.
1160 881 1236 938 eddo
1260 890 1288 937 et
1309 881 1385 945 illud,

164 963 256 1038 pleraque
269 963 310 1020 illa
326 965 482 1021 testimonia
496 965 597 1038 pariter
611 980 627 1019 a
642 963 815 1020 'lheodoreto
831 967 858 1021 in
871 965 956 1020 tribus
968 964 1083 1039 dialogis
1095 964 1221 1039 prolerri,
1237 966 1285 1021 sed
1297 984 1385 1042 neque

164 1050 225 1104 onnia
235 1065 313 1123 neque
327 1048 424 1105 eodem
440 1049 534 1105 ordine
549 1048 581 1104 ab
597 1065 630 1104 eo
645 1051 853 1122 repraesentari,
880 1051 961 1105 immo
981 1051 1099 1124 plurium
1117 1067 1186 1124 quae
1201 1051 1233 1106 ab
1248 1053 1308 1124 ipso
1323 1069 1385 1125 pro·

162 1132 252 1190 lermtur
264 1134 302 1191 tel
317 1151 373 1191 non
387 1134 459 1190 idem
475 1151 535 1190 esse
549 1134 653 1189 initium
670 1133 712 1189 vel
723 1151 778 1190 non
790 1134 913 1191 eumdem
925 1133 1019 1191 linem:
1042 1135 1108 1191 adeo
1125 1144 1155 1191 ut
1170 1135 1304 1192 Gelasium
1320 1137 1386 1192 haec

163 1216 228 1275 abillo
241 1227 384 1275 mutuatum
400 1235 460 1275 esse
476 1219 575 1275 nemini
589 1227 664 1275 certo
680 1217 798 1289 judicare
814 1220 900 1276 liceat.
937 1218 1118 1293 Undecumque
1141 1228 1230 1276 auteur
1250 1220 1295 1275 illa
1310 1238 1385 1276 acce·

161 1304 299 1375 petitorio
320 1303 402 1360 latina
417 1320 576 1378 graecorum
592 1305 807 1360 testimoniorum
824 1304 978 1368 translatio,
1000 1306 1172 1378 antiquorum
1189 1321 1265 1360 more
1281 1304 1385 1361 litterae

161 1390 257 1451 mador,
272 1389 410 1446 nonnullis
425 1391 452 1444 in
468 1388 534 1445 loeis
550 1387 663 1445 obscura
678 1398 724 1445 aut
739 1392 818 1445 etiam
834 1390 998 1463 ascriptoris
1011 1397 1100 1445 mente
1113 1389 1259 1455 alienaest.
1284 1389 1384 1446 Obsco·
1488 1395 1491 1402 '

160 1472 385 1549 dnmmaugebant,
402 1490 470 1547 quae
485 1473 652 1530 indentidem
667 1472 840 1531 librariorum
862 1475 1003 1530 oscitantia
1025 1473 1066 1529 vel
1082 1482 1209 1548 corrupta
1224 1473 1266 1530 vel
1288 1477 1386 1530 omissa

159 1555 243 1614 iuuant.
271 1557 441 1634 Quapropter
461 1558 592 1615 consultis
614 1557 735 1615 lontibus
756 1561 859 1635 graecis
881 1561 917 1615 ita
932 1557 1101 1615 librariorum
1117 1559 1265 1615 emaculare
1279 1559 1384 1615 studui-

157 1656 200 1696 mus
207 1643 298 1707 menda
314 1653 345 1700 ut
359 1652 450 1700 cetera
466 1660 520 1717 quo
535 1652 613 1718 pacto
626 1643 786 1718 corrigenda
797 1646 860 1708 sint,
876 1644 992 1700 iudicare
1004 1645 1069 1700 satis
1082 1643 1268 1700 habuerimus:
1285 1644 1384 1718 duplex

74 1717 76 1727 '
156 1726 241 1784 titanios
257 1728 470 1791 incommodum,
492 1745 526 1784 ue
547 1730 672 1785 nimirum
693 1738 739 1784 aut
760 1737 879 1785 mutetur
898 1729 994 1792 lectio,
1017 1745 1085 1803 quae
1107 1728 1204 1784 Gelasii
1225 1731 1384 1785 auctoritate

153 1811 241 1876 nitatur,
255 1822 300 1870 aut
310 1815 349 1870 sic
358 1813 404 1869 illa
416 1815 572 1878 retineatur,
589 1822 620 1870 ut
631 1817 804 1888 antiquorum
816 1815 888 1871 diota
898 1814 929 1871 ab
942 1831 974 1870 eo
986 1813 1091 1870 laudata
1106 1814 1215 1870 lectoris
1230 1814 1384 1887 intelligen-

151 1897 199 1953 tiam
213 1898 319 1973 logiam.

358 2019 398 2075 In
420 2015 537 2076 Gelesii
557 2032 657 2093 papea
677 2018 846 2077 motemm
866 2015 910 2077 IV
931 2009 1012 2095 („lle
1023 2011 1149 2098 so'rte‘⁴).

215 2120 239 2175 l.
266 2120 343 2176 Anno
361 2118 442 2177 1535
457 2119 548 2177 Jacobi
563 2121 666 2177 ilerlini
682 2138 764 2195 opera
776 2123 847 2177 inter
863 2119 959 2176 Gelasii
976 2120 1082 2175 decreta
1097 2120 1236 2194 vulgatus,
1259 2119 1383 2193 deinceps
1395 2121 1443 2187 [ι’.
1455 2116 1515 2188 Ed]

135 2212 186 2259 tum
206 2206 230 2259 in
251 2203 426 2261 conciliorum
447 2205 651 2262 collectionibus
669 2215 726 2262 tum
740 2208 767 2262 in
783 2206 899 2262 Romana
915 2203 1112 2280 pontificiarum
1133 2205 1307 2279 epistolarum
1329 2203 1383 2259 odi·

131 2292 202 2345 done
215 2289 333 2346 eumdem
349 2289 438 2346 locum
454 2289 578 2347 obtinuit.
610 2291 758 2348 Novissime
773 2308 837 2347 vero
853 2297 869 2344 a
883 2289 1024 2345 paschasio
1041 2286 1187 2357 Quosnello
1209 2299 1236 2346 et
1257 2288 1381 2345 iratribus

127 2374 270 2430 balleriniis
284 2377 311 2431 in
327 2392 360 2431 eo
375 2391 507 2431 anonam
522 2376 623 2440 codice,
639 2376 767 2451 quemad
783 2376 881 2432 calcem
897 2392 1010 2448 operum
1025 2373 1123 2430 leonis
1139 2373 1289 2437 ediderunt,
1305 2392 1329 2429 o.
1342 2374 1381 2430 47

126 2476 235 2515 recusam
251 2459 308 2515 luit.
332 2458 385 2515 Sed
401 2460 553 2517 tironiense
568 2461 711 2536 exemplar,
729 2478 783 2536 quo
799 2459 844 2516 illo
857 2477 921 2515 usus
934 2468 984 2523 est.
1001 2475 1084 2534 quum
1096 2458 1155 2514 aliis
1168 2461 1312 2534 inscriptis
1324 2468 1381 2515 tuan

123 2545 235 2600 maxime
252 2546 278 2601 in
298 2545 351 2601 hoc
369 2544 493 2601 secundis
514 2547 584 2602 curis
605 2546 784 2602 adulteratum
800 2546 890 2619 potius
906 2561 1016 2601 censere
1031 2545 1109 2600 liceat
1125 2562 1203 2618 quam
1219 2554 1379 2601 correctum.

122 2629 150 2686 ln
165 2646 202 2685 eo
218 2646 270 2685 uno
285 2629 357 2686 hune
372 2647 434 2704 prae
449 2647 479 2686 se
493 2630 546 2687 lert
560 2631 683 2687 titulum:
700 2630 811 2688 Gelasii
821 2646 920 2702 popae
934 2631 1075 2686 mirabilis
1088 2632 1244 2702 disputatio
1259 2631 1294 2686 de
1309 2648 1381 2686 aaa·

121 2717 257 2772 thematis
270 2718 382 2772 nuculo
397 2719 427 2772 in
442 2718 580 2772 Aconum
598 2725 625 2772 et
640 2717 770 2786 Petrum,
793 2731 877 2789 quum
896 2717 924 2770 in
945 2724 1062 2789 quatuor
1084 2714 1218 2770 veteribus
1233 2714 1380 2774 codicibus.

120 2818 193 2875 quos
213 2801 433 2874 recognovimus,
454 2809 484 2857 ut
504 2809 531 2857 et
552 2802 579 2856 in
601 2800 724 2857 omnibus
744 2798 906 2856 editionibus
928 2808 1038 2874 excepta
1059 2798 1208 2867 Quosnelli,
1236 2808 1327 2857 lomus
1347 2803 1382 2856 de

119 2885 315 2943 anatdemotis
329 2889 441 2942 vinculo
457 2883 626 2942 inscribatur.
666 2887 744 2943 Tomi
762 2902 871 2958 quoque
886 2887 994 2941 nornine
1010 2893 1150 2940 tractatum
1166 2885 1288 2941 eumdem
1304 2885 1381 2940 Nico·

119 2971 179 3027 laus
194 2970 204 3024 l
218 2970 324 3044 epist.8
341 2970 373 3025 ad
388 2969 540 3026 Michaelem
556 2972 620 3045 imp.
636 2971 727 3027 donat.

208 3055 236 3112 2.
259 3054 342 3127 liujus
358 3063 446 3111 autem
460 3056 534 3111 vocis
550 3056 620 3130 apud
636 3065 739 3113 veteres
755 3073 810 3111 uon
825 3072 877 3111 una
889 3064 931 3111 est
943 3057 1021 3111 ratio.
1043 3055 1167 3128 Plerique
1180 3064 1266 3111 tannen
1279 3062 1381 3111 tomum

118 3142 214 3198 dixere
228 3140 357 3213 synodale
372 3139 510 3197 decretum
525 3157 574 3197 seu
590 3140 739 3215 epistolam,
755 3142 783 3196 in
798 3159 850 3214 qua
872 3140 953 3203 tides,
975 3157 1053 3214 quam
1069 3140 1189 3213 proliteri
1206 3142 1320 3213 quisquo
1335 3140 1380 3195 de·

118 3225 199 3288 beat,
220 3234 268 3280 aut
288 3242 356 3299 quae
377 3225 408 3280 ad
430 3223 509 3281 fidem
524 3227 676 3300 pertineant
691 3234 873 3300 exponuntur.
896 3224 934 3281 Eo
950 3234 1028 3299 paeto
1044 3224 1113 3299 apud
1131 3225 1302 3280 athanasium
1318 3242 1380 3280 nov.

117 3312 186 3367 edit.
205 3308 299 3366 tom.4
314 3328 376 3385 pag.
385 3310 447 3367 tao
461 3311 566 3367 concilii
581 3310 751 3367 Alexandrini
765 3310 893 3384 synodica
914 3317 1004 3366 tomus
1019 3313 1058 3366 ad
1071 3311 1276 3366 Antiochenses
1290 3311 1381 3384 appel·

118 3396 203 3452 latur.
225 3394 264 3450 lta
278 3403 305 3451 et
319 3395 462 3451 concilium
477 3395 803 3470 Constantinopolitanum
818 3394 937 3452 scribens
953 3395 986 3450 ad
1003 3395 1142 3451 llanrasum
1159 3393 1272 3467 (Damasi
1287 3411 1330 3469 ep.
1341 3396 1379 3451 13

118 3481 188 3552 nd)
203 3468 315 3551 τόμον
330 3488 406 3536 vocat
417 3480 599 3537 Antiochense
614 3481 710 3555 synodi
720 3498 790 3537 anno
803 3482 937 3554 superiori
952 3479 1100 3536 celebratae
1112 3480 1267 3554 epistolam:
1284 3487 1311 3535 et
1323 3481 1380 3553 ipsa

119 3565 224 3622 flammi
238 3564 271 3619 ad
282 3564 403 3638 lllyaicos
418 3564 543 3638 synodica
559 3567 638 3640 epist.
647 3565 675 3628 4,
692 3575 722 3622 ut
737 3565 1023 3630 observavitValesius,
1036 3565 1067 3620 ab
1079 3565 1174 3621 eodern
1185 3565 1299 3621 coneilio
1311 3565 1380 3620 Con·

118 3649 361 3723 stamtinopolitano
382 3650 472 3706 cani>
497 3655 563 3707 tomi
576 3650 706 3707 vocabulo
721 3652 888 3725 designatur.
929 3651 1013 3706 Neruo
1034 3652 1131 3715 nescit,
1155 3659 1257 3707 tornum
1277 3651 1380 3707 Leonis

119 3734 255 3791 celebrem
271 3735 351 3807 bajus
366 3733 502 3809 pontilicis
517 3735 549 3791 ad
564 3735 715 3792 Flavianum
731 3736 870 3811 epistolam
886 3737 1033 3810 nuncupari
1048 3736 1146 3792 solere.
1177 3735 1283 3792 Ceteras
1300 3737 1377 3791 etiam

120 3836 288 3876 summorum
304 3819 461 3894 pontificum
477 3819 624 3876 decretales
639 3821 767 3895 epistolas
783 3821 873 3876 eadem
889 3820 1066 3895 appellatione
1079 3820 1204 3895 gaudere.
1221 3821 1377 3877 lliuemarus

120 3904 261 3961 bearnensis
276 3906 354 3978 epist.
368 3905 408 3962 35
424 3904 457 3960 ad
472 3904 641 3962 llinemarum
655 3904 861 3962 laudunensem
876 3904 997 3962 scribens
1013 3923 1075 3979 pag.
1084 3905 1145 3963 604
1160 3908 1248 3962 innuit
1264 3907 1304 3961 lais
1320 3923 1378 3960 ver-

121 3989 176 4047 bis:
190 3990 321 4047 Gelenius
333 4008 415 4063 papa
431 3992 603 4048 venerabilis
618 3998 645 4047 et
659 3998 780 4048 sanetus
795 4007 891 4048 omnes
905 3992 1067 4047 decretales
1080 3992 1217 4063 epistolas
1230 3991 1377 4048 uenerabi-

122 4078 190 4132 liter
208 4079 309 4133 sanxit
331 4078 546 4148 suscipiendas,·
570 4092 625 4133 nec
648 4093 698 4133 eas
724 4078 926 4135 venerabiliter
946 4079 1081 4148 suscipit,
1107 4078 1174 4132 licet
1194 4078 1233 4132 ad
1253 4084 1377 4132 tomum

123 4167 212 4234 eaput
231 4163 361 4232 inclinet,
395 4165 445 4235 qui
468 4165 509 4219 eis
534 4180 591 4219 non
616 4163 723 4226 obedit,·
754 4163 805 4218 nisi
825 4162 896 4217 lorte
922 4168 1024 4218 tomum
1049 4159 1084 4215 ibi
1111 4160 1152 4215 vel
1178 4168 1261 4216 totam
1286 4160 1378 4215 decre-

124 4245 214 4302 tabum
242 4245 347 4302 illarum
372 4246 586 4320 complexionem
611 4247 653 4302 vel
681 4249 770 4321 ipsum
790 4247 885 4302 Gelasii
907 4246 1045 4303 decretum
1071 4245 1214 4319 intelligat.
1260 4245 1296 4301 lle
1317 4243 1378 4300 lidei

123 4331 291 4405 expositione
315 4331 437 4406 loquitur
463 4331 574 4388 monus
596 4331 735 4388 Seleueius
763 4333 906 4406 episeopus
932 4333 959 4387 in
985 4332 1050 4388 actis
1076 4330 1378 4405 constantinopolitanis

124 4414 289 4472 Calchedone
317 4416 424 4473 relectis
454 4418 539 4473 aotl
571 4416 615 4473 ubi
641 4418 690 4473 ait:
730 4420 811 4491 Repo
840 4433 908 4474 nero
937 4424 1061 4473 nestram
1090 4419 1273 4472 sanctitatem
1301 4417 1378 4472 laune

125 4509 224 4557 lom
251 4508 278 4557 et
302 4504 332 4557 in
360 4500 502 4559 Orientem
527 4504 665 4576 diripere,
699 4511 726 4559 et
746 4505 873 4559 liberare
893 4519 946 4559 nos
965 4521 983 4558 a
1001 4503 1202 4575 blasphemiis;
1224 4510 1251 4558 et
1271 4505 1297 4557 si
1316 4504 1380 4575 quis

124 4601 180 4643 non
203 4586 408 4659 subscripserit
433 4591 462 4644 in
486 4590 540 4646 leoc
562 4594 664 4658 tomo,
691 4592 727 4644 sit
747 4589 828 4645 nolis
849 4590 1003 4644 alienus.
1033 4587 1159 4644 Similiter
1175 4586 1266 4643 clerici
1280 4585 1378 4642 ibidem

124 4672 286 4727 mortulam
304 4674 373 4744 fidei
391 4671 423 4728 ab
437 4672 557 4747 Eutyche
578 4675 643 4747 ipsis
666 4672 882 4729 subscribendam
906 4673 1032 4729 (lineolam
1048 4680 1150 4729 tomum
1165 4681 1260 4729 vocant
1287 4670 1377 4746 (ilerd.

124 4756 182 4813 lc
196 4755 227 4818 11.
246 4756 324 4828 154).
369 4757 435 4814 lteru
455 4757 625 4815 liecesviutlri
646 4760 718 4831 regis
739 4758 878 4832 epistolam
900 4758 1023 4814 'loletani
1044 4757 1098 4812 Vlll
1120 4757 1225 4814 concilii
1246 4766 1336 4832 patres
1351 4758 1378 4811 in

124 4843 262 4915 peooermo
276 4841 367 4914 (llard.
384 4842 402 4897 l.
419 4862 442 4899 e.
460 4831 500 4907 lll.
517 4842 589 4914 953)
605 4851 707 4900 tomum
721 4844 864 4918 appellant.
898 4842 1048 4916 dliqumido
1070 4860 1132 4899 vero
1148 4851 1239 4901 tomus
1254 4843 1322 4898 idem
1338 4850 1379 4898 est

125 4926 196 5001 qnod
209 4936 365 5002 excerptum
381 4945 429 4985 seu
446 4930 522 5003 quasi
536 4945 569 4984 en
584 4930 692 5004 integro
710 4945 792 5004 opere
807 4939 909 4985 sectum
926 4929 1115 4985 testimonium.
1147 4929 1215 4985 lline
1229 4926 1378 4983 Alexander
