3204 5506
255 327 297 390 32
622 343 757 389 nemra
780 342 931 388 rnanvra
955 343 991 388 rs
1013 342 1154 391 canaan

256 521 344 559 marus
359 511 525 577 sequuntur,
547 502 732 576 praeferimus.
769 501 816 558 Ubi
833 520 897 558 reru
916 502 986 576 apud
1007 502 1074 558 abas
1094 519 1227 558 canonum
1242 502 1435 576 compilatores
1452 502 1525 558 iudi·

255 597 339 644 catam
355 588 441 644 lector
455 587 582 651 ollendet,
598 589 684 661 primo
700 587 762 644 inde
777 587 981 651 admonebitur,
1002 588 1092 643 ollerri
1107 586 1157 643 sibi
1173 588 1304 662 epistolae
1320 589 1401 658 hujus
1416 589 1526 662 capitu·

255 674 311 728 lum
326 674 368 729 rel
382 691 415 729 er
430 673 573 729 lsidoriana
589 672 630 728 rel
645 682 719 729 certe
733 690 767 728 ex
782 673 898 746 llispana
913 672 1076 729 collectione
1091 673 1265 747 descriptum,
1292 672 1390 728 deinde
1404 672 1525 728 arduum

255 760 280 815 ei
300 776 354 814 noo
375 760 427 814 erit
447 758 558 814 alteram
579 757 650 813 illam
672 758 830 814 divisionem
851 758 883 813 ad
899 767 1019 814 nostram
1035 757 1193 814 divisionem
1210 775 1345 814 reuocare.
1383 757 1434 813 Ubi
1450 759 1527 813 enim

254 852 361 899 sextum
377 842 540 906 laudabitur,
559 844 586 899 in
602 850 699 917 quarto
715 861 730 899 e
746 844 846 899 nostris
863 843 1045 917 quaerendum
1061 844 1121 904 erit,
1138 842 1183 898 ubi
1198 845 1356 917 septimum,
1378 845 1406 898 in
1423 844 1528 917 quinto

213 982 219 991 ,
254 930 420 990 invenietur,
442 936 470 984 et
490 930 529 983 sic
550 927 675 1001 deinceps
696 927 728 983 ad
745 927 835 984 linem.
867 928 974 998 ttajorts
989 930 1060 984 enim
1076 930 1206 984 momenti
1220 931 1273 984 erit
1288 928 1423 989 recolere,
1448 926 1528 1002 quod

256 1013 469 1069 observavimus:
489 1013 630 1086 epistolam
645 1014 722 1068 istam
738 1015 825 1086 primo
841 1013 873 1068 ad
889 1013 1017 1088 quasdam
1032 1013 1123 1069 ltaliae
1139 1015 1290 1087 provincias
1305 1015 1436 1086 scriptam
1453 1028 1529 1075 asse,

255 1098 377 1173 adeoque
393 1098 521 1154 nonnulla
536 1100 685 1161 continere,
703 1115 771 1171 quae
785 1101 905 1172 regionis
922 1099 1003 1170 bajus
1018 1101 1208 1172 episcoporum
1218 1101 1326 1173 propria
1337 1107 1410 1160 sunt,
1429 1114 1529 1172 quam·

256 1185 294 1239 ris
310 1184 394 1239 multa
409 1185 447 1238 eis
462 1183 577 1239 admixta
592 1185 646 1238 sint
661 1183 769 1239 decreta
784 1184 933 1257 generalia,
956 1201 1025 1259 quae
1046 1183 1079 1239 ad
1100 1200 1193 1239 omncs
1215 1184 1340 1240 ecclesias
1356 1199 1445 1257 aeque
1462 1200 1531 1257 per·

257 1271 369 1325 tineant.

467 1403 504 1463 In
526 1401 641 1462 euladi
658 1417 760 1478 papae
782 1401 946 1479 epistolam
966 1401 1001 1461 15
1023 1398 1304 1482 (‚‚Pratabititus“).

122 1540 170 1605 [at
182 1536 243 1606 Ea]
342 1525 370 1579 1.
401 1522 553 1580 Constituto
568 1522 702 1599 subnexa,
726 1522 931 1597 quacLabbeus
948 1524 1133 1592 caudicibus,
1152 1531 1181 1579 ut
1197 1523 1326 1596 loquitur,
1346 1526 1405 1596 fide
1428 1525 1530 1597 dignis

255 1609 288 1664 ad
301 1609 399 1665 calcem
413 1617 574 1665 tractatuum
586 1608 747 1679 Gelasiijam
759 1608 888 1670 ediderat,
904 1610 931 1664 in
943 1607 1049 1664 duobus
1061 1610 1229 1682 perantiquis
1242 1607 1411 1664 Colbertinae
1424 1607 1528 1664 biblio·

255 1695 348 1750 tbecae
365 1694 569 1768 exemplaribus
586 1710 641 1749 uno
657 1694 760 1749 scilicet
775 1701 832 1749 aot.
844 1693 904 1750 784
917 1692 1126 1768 Langobardicis
1142 1693 1340 1749 characteribus
1356 1702 1469 1749 exarato
1498 1703 1529 1749 et

254 1779 340 1835 altero
357 1779 504 1836 11013368
527 1778 559 1834 ab
582 1780 656 1835 annis
677 1778 772 1834 saltem
793 1778 856 1836 800
871 1777 1016 1851 descripto,
1036 1774 1119 1855 [sicat
1134 1781 1161 1834 in
1176 1776 1284 1835 Lucano
1300 1779 1349 1840 88.
1373 1777 1527 1835 barberino

255 1864 346 1926 2888.
363 1863 534 1920 Vallicellano
550 1864 597 1921 Ab
613 1866 682 1920 etin
698 1864 825 1919 l'aticano
838 1863 930 1927 5845,
946 1865 988 1919 rix
1004 1865 1114 1919 rrrluoris
1131 1865 1297 1937 antiquitatis
1313 1863 1463 1925 codicibus,
1480 1880 1528 1920 re·

238 1950 406 2023 pariuntur.
438 1949 467 2004 lu
483 1947 607 2004 omnibus
624 1950 655 2004 iis
672 1957 785 2022 excepto
804 1942 912 2024 ultimo]
930 1951 1066 2023 proximae
1082 1947 1179 2004 Gelasii
1200 1949 1330 2022 epistolae
1351 1966 1412 2005 cum
1429 1949 1525 2012 titulo,

255 2051 334 2109 quern
350 2033 474 2102 duximus
490 2033 659 2098 serrandum,
675 2033 865 2105 subjiciuntur.
895 2033 1048 2089 l‘ormulam
1063 2032 1190 2089 enlribent
1206 2035 1230 2088 ei
1246 2034 1365 2098 decreto,
1382 2033 1459 2108 quod
1474 2035 1526 2090 du·

255 2121 387 2176 stinianus
403 2121 550 2193 imperator
561 2118 664 2175 Nouell.
680 2118 739 2175 123
756 2119 840 2192 cap.l
858 2120 1048 2193 episcoporum
1064 2119 1190 2175 electioni
1204 2121 1338 2192 praemitti
1350 2118 1439 2190 jubet,
1456 2136 1526 2176 con·

253 2215 416 2261 sentaneam.
448 2203 511 2260 Eam
526 2206 699 2261 contexuisse
718 2203 823 2259 rirletar
839 2204 970 2266 Gelasius,
988 2205 1032 2278 qui
1049 2206 1077 2260 in
1094 2205 1282 2278 manuscriptis
1298 2213 1325 2259 et
1341 2206 1368 2260 in
1384 2204 1479 2261 lronte
1496 2213 1525 2261 et

255 2290 287 2345 ad
309 2289 408 2346 calcem
423 2288 593 2353 adscribitur,
610 2297 640 2345 ut
655 2289 836 2352 decretorum,
853 2291 964 2363 quaein
980 2289 1094 2363 epistola
1109 2291 1242 2362 superiori
1258 2299 1390 2353 sanxerat,
1407 2306 1524 2346 exsecu-

255 2376 323 2431 tioni
337 2376 513 2448 prospiceret.
544 2373 645 2429 Exinde
662 2373 738 2429 lluxit
754 2390 826 2436 nuos,
842 2373 937 2428 saltem
953 2374 979 2428 in
995 2373 1082 2437 ltalia,
1099 2383 1129 2429 ut
1145 2376 1273 2449 episcopo
1289 2376 1387 2448 cuique
1404 2376 1431 2430 in
1446 2375 1523 2431 ordi·

255 2461 363 2515 natione
378 2476 435 2522 sua,
454 2461 492 2514 uti
508 2476 557 2514 nos
573 2459 654 2514 docet
669 2459 778 2520 titulus,
802 2458 954 2513 traderetur
978 2453 1064 2533 [unde
1080 2468 1108 2515 et
1123 2461 1151 2514 in
1167 2458 1264 2515 librum
1279 2459 1406 2515 diurnum
1422 2459 1523 2516 Roma·

255 2561 352 2600 uorum
373 2542 531 2617 pontibcmn
553 2542 652 2617 caplll
674 2543 741 2599 titll
764 2542 847 2598 relata
863 2537 930 2618 est].
977 2542 1050 2598 llanc
1071 2551 1144 2600 certe
1166 2543 1388 2600 consuetudinem
1411 2544 1522 2602 Gelasio

254 2629 434 2684 recentiorem
450 2645 505 2684 non
520 2645 581 2684 csse
596 2627 765 2701 subsequens
782 2627 942 2700 epistolalb
958 2626 1135 2684 confirmabit.
1159 2628 1199 2683 bd
1214 2629 1334 2685 camdem
1350 2628 1523 2687 hauddubie

254 2715 373 2787 respexit
389 2713 536 2787 Gregorius
544 2713 562 2783 l,
580 2730 664 2788 quum
678 2712 712 2767 ad
728 2713 872 2786 Augustini
888 2714 1130 2786 interrogationem
1145 2713 1286 2787 respondit
1301 2714 1390 2788 (epist.
1400 2714 1442 2779 xl,
1456 2713 1521 2787 64);

255 2799 319 2855 Mos
336 2807 431 2855 autem
445 2800 522 2854 sedis
544 2802 720 2871 apostoticae
735 2806 785 2867 est,
809 2800 949 2854 ordinatis
961 2802 1105 2870 episcopis
1118 2807 1307 2871 pracceptum
1331 2802 1463 2870 tradere,
1489 2809 1521 2857 ut

254 2885 289 2939 de
299 2888 377 2940 omni
390 2886 538 2957 stipendio,
556 2886 632 2957 quod
645 2886 766 2952 accedit,
784 2890 910 2955 quatuor
922 2886 990 2955 fieri
1003 2885 1126 2940 debeant
1139 2888 1299 2956 portiones.
1322 2883 1354 2940 Et
1370 2886 1392 2940 is
1409 2885 1521 2960 quidem

254 2986 321 3043 papa
336 2970 485 3025 iohannem
501 2970 657 3042 episcopum
677 2967 838 3025 eLissitana
853 2969 967 3031 civitate,
992 2985 1060 3041 quae
1082 2967 1114 3024 ab
1133 2968 1257 3025 hostibus
1273 2978 1350 3043 capta
1365 2969 1468 3034 luerat,
1493 2972 1521 3026 iu

254 3054 446 3130 squillacinum
462 3053 636 3119 transferens,
653 3062 741 3110 totum
757 3053 910 3109 Gelasianae
926 3052 1007 3124 bajas
1023 3054 1154 3110 lormulae
1170 3064 1246 3127 capot
1260 3054 1270 3108 l
1283 3056 1307 3110 ei
1323 3063 1446 3128 repetere
1462 3073 1521 3112 non

255 3140 355 3196 omittit
371 3138 497 3213 (epistll,
514 3138 579 3211 37).
600 3139 664 3196 licet
683 3138 802 3195 eamdem
823 3138 875 3212 ipsi
895 3139 923 3193 in
944 3139 1028 3212 prima
1051 3138 1234 3204 ordinatione,
1259 3141 1296 3195 uti
1311 3157 1396 3214 prope
1412 3148 1521 3198 certam

254 3225 368 3287 videtur,
381 3225 436 3296 jam
452 3223 614 3280 tradidisset.
652 3223 777 3296 Ejusdem
799 3240 908 3297 quoque
929 3223 1059 3279 lormolae
1084 3223 1171 3280 verbis
1187 3224 1334 3299 Gregorius
1347 3223 1368 3278 ll
1389 3225 1521 3283 bonifacii

255 3309 407 3384 bloguatini
429 3310 548 3384 episcopi
569 3309 780 3370 ordinationem,
814 3309 852 3363 uti
874 3309 951 3363 testis
972 3317 1014 3364 est
1037 3326 1104 3382 quae
1125 3308 1195 3383 apud
1211 3310 1334 3365 eunnlem
1350 3310 1520 3368 Bonilacium

255 3403 342 3451 exstat
360 3395 475 3469 epistola
488 3393 548 3451 154
564 3393 696 3466 (edGiles
713 3413 754 3467 ep.
769 3390 828 3464 10).
845 3395 1016 3449 renuntiarit.
1047 3393 1129 3449 lmmo
1145 3411 1214 3449 anno
1228 3394 1289 3452 978
1306 3413 1387 3468 quum
1403 3395 1521 3471 Stepha-

256 3497 306 3535 nus
317 3478 466 3550 bajacensis
482 3479 610 3535 ecclesiae
625 3479 731 3553 praesul
748 3477 850 3534 electus
866 3486 937 3533 esset
953 3487 1034 3553 atque
1050 3479 1198 3543 ordinatus,
1215 3479 1361 3536 Gerbertus
1374 3480 1520 3538 conlirma-

256 3565 337 3620 tionis
349 3563 407 3635 ejus
419 3564 556 3620 decretum
570 3563 602 3618 ad
614 3564 714 3619 clerum
727 3571 755 3619 et
767 3562 1071 3637 populnmllajaeensern
1088 3566 1158 3621 misit
1174 3565 1215 3620 bis
1231 3564 1317 3621 verbis
1327 3559 1363 3638 ¹):
1379 3566 1519 3625 Fratrem

249 3652 316 3721 jum
337 3657 364 3706 ct
385 3652 586 3722 coepiscopum
605 3657 733 3705 nostrum
750 3648 927 3720 Stephanum
950 3651 1026 3705 uobis
1041 3651 1235 3706 ordinavimus
1250 3654 1444 3725 sacerdotem,
1470 3658 1522 3711 cui

255 3736 383 3791 dedimus
396 3739 425 3790 in
442 3736 592 3804 mundatis,
610 3750 646 3790 ne
664 3751 790 3807 unquam
811 3734 1018 3790 ordinationem
1030 3744 1201 3807 praesumat
1218 3738 1360 3807 illicitam,
1383 3746 1412 3794 ct
1427 3748 1518 3796 cetera

255 3835 287 3874 ea
304 3818 395 3876 eadem
411 3819 508 3875 delasii
523 3818 638 3874 lormula
653 3836 788 3893 expressa.

340 3903 369 3960 2.
385 3903 524 3959 llationem
540 3921 612 3967 vcro,
629 3922 677 3960 cur
690 3905 718 3960 in
732 3903 778 3960 illa
791 3903 906 3959 lormula
921 3905 1062 3978 peculiaris
1079 3905 1190 3963 delllris
1206 3906 1237 3962 ad
1251 3906 1448 3966 ordinationem
1461 3927 1519 3967 non

254 3989 413 4063 recipiendis
429 3989 529 4045 mentio
545 3987 599 4052 liat,
615 3991 718 4045 monito
740 3991 767 4045 in
783 3990 970 4062 epistolam13
989 3990 1084 4047 Felicis
1097 3991 1118 4045 ll
1134 3992 1188 4048 n.2
1201 3991 1256 4062 jam
1268 3994 1419 4067 attigimus:
1436 3997 1517 4053 nimi·

254 4092 313 4130 rum
321 4073 408 4131 Felice
416 4074 437 4129 ll
453 4072 580 4148 pontiliee
592 4076 715 4149 contigit,
733 4074 826 4129 utlllri
837 4073 929 4148 plures
942 4076 1140 4132 diralienserlci
1153 4077 1314 4134 etlluucrici
1325 4081 1520 4152 persecutione

255 4161 389 4234 exagitati,
398 4158 560 4233 baptismum
572 4160 668 4216 iterato
679 4160 855 4233 susciperent,
872 4178 902 4216 ae
911 4160 1007 4217 deinde
1020 4163 1104 4216 varias
1116 4163 1143 4218 ln
1155 4165 1281 4237 regiones
1297 4163 1421 4237 dispersi,
1436 4169 1520 4224 etiam

254 4243 608 4306 sacrosambirentordiaes,
626 4243 1276 4323 tarnetsiecclcsiusticaelegesdenuobaptizatos,
1291 4249 1518 4322 quemadmodum

255 4337 282 4383 ct
298 4330 448 4386 haereticos
464 4338 510 4385 aut
525 4329 556 4385 ab
573 4330 675 4386 haeresi
692 4330 838 4392 vernentes,
855 4348 869 4384 a
884 4330 956 4386 clero
973 4331 1108 4388 arcebant.
1138 4332 1208 4390 llaec
1222 4347 1311 4389 autem
1327 4333 1467 4408 disciplina
1483 4355 1519 4394 ne

255 4416 345 4487 quavis
361 4417 465 4471 ratione
482 4423 673 4478 temeraretur,
696 4430 779 4489 quum
795 4414 915 4470 Gelasius
932 4415 1012 4471 Felici
1033 4418 1154 4491 proxime
1170 4421 1361 4482 successisset,
1383 4412 1520 4478 formulae

255 4499 384 4555 ordinatis
411 4502 544 4573 episcopis
569 4499 712 4556 tradendae
733 4499 894 4573 praedictam
925 4500 958 4556 de
979 4501 1049 4556 Alcis
1070 4502 1216 4559 clausulam
1237 4503 1407 4560 inserendam
1428 4505 1518 4564 duxit.

255 4581 332 4650 Quod
347 4586 370 4640 si
384 4586 420 4640 ita
437 4593 492 4646 est,
507 4587 613 4659 inquiet
627 4585 738 4659 aliquis,
760 4584 854 4639 saltem
870 4583 975 4641 sublata
990 4603 1070 4642 causa
1085 4591 1217 4644 removeri
1233 4589 1325 4646 debuit
1343 4599 1370 4645 et
1384 4591 1519 4650 clausula.

255 4668 303 4724 lliu
318 4677 406 4725 tamen
418 4675 524 4725 retenta
541 4679 593 4727 est.
614 4669 676 4725 Eam
692 4671 762 4725 enirn
778 4687 833 4726 non
849 4671 929 4726 modo
945 4673 972 4726 in
985 4673 1107 4746 epistola,
1125 4691 1176 4748 qua
1188 4674 1353 4750 Gregoriusl
1364 4675 1519 4734 iohannem

254 4900 289 4954 ed
310 4834 342 4954 td
359 4831 420 4886 Hae
433 4832 551 4953 quidem
563 4831 693 4886 Gerberta'
705 4830 828 4900 Capuam
847 4832 957 4890 litterae
975 4835 1106 4903 leguntur
1123 4836 1198 4916 apud
1210 4836 1320 4905 Ughelli
1338 4837 1419 4892 liuba
1437 4855 1519 4898 socru

353 4901 420 4954 lom.
460 4901 471 4954 l
488 4918 515 4970 p.
529 4906 586 4955 442.
