3224 5506
638 346 831 394 masmana
856 320 904 393 lt.
929 337 976 393 13.
1118 325 1127 337 “
1355 326 1418 390 359

150 512 161 527 ”
212 524 258 572 pum
272 509 292 557 ei
304 505 464 566 commendat,
489 512 513 553 et
531 482 565 555 ut¹
578 506 608 555 de
629 505 756 555 Gallorum
774 507 844 553 eirea
862 506 927 554 haue
945 522 1044 555 euersum
1067 507 1155 554 renititis
1177 520 1232 555 sese
1251 505 1384 552 certiorem
1431 499 1525 550 ΗΜ.

687 592 782 641 reddat
798 593 871 655 petit.

302 724 579 790 Dilectissimo
600 724 722 789 fratri
745 723 944 809 Rustioo¹)
968 725 1161 790 (talasius.
1214 801 1221 814 ἱ

220 913 225 931 ,
251 848 271 911 l.
307 845 394 910 inter
416 845 638 930 ingruentium
659 844 816 909 malorum
843 844 987 910 turbines
1017 848 1049 909 ot
1076 845 1236 909 veniarum
1264 847 1414 910 tentatio-

169 973 251 1032 num,
268 949 372 1035 quibus
393 970 477 1032 pene
499 949 685 1035 mergimur,
710 947 936 1013 afflictationes
958 951 1016 1012 tua
1037 948 1130 1013 nobis
1154 949 1281 1032 caritas,
1306 971 1414 1012 arnan-

179 1055 274 1118 tissime
291 1052 400 1135 frater,
430 1051 554 1137 grande
576 1051 725 1115 selatimn
754 1050 947 1136 propinavit.
993 1050 1076 1126 Quid
1106 1052 1192 1115 enim
1220 1050 1414 1115 consolatius

180 1159 262 1241 posset
278 1155 427 1240 accidere,
449 1176 547 1238 quam
567 1153 675 1218 videre
690 1154 808 1218 iratres
824 1154 1004 1218 carissimos
1027 1154 1166 1219 invicem
1182 1154 1414 1238 compatientes

180 1262 207 1323 et
221 1261 323 1343 partem
344 1256 452 1322 oneris
474 1257 626 1338 ferentes,
656 1257 771 1352 quibps
799 1279 865 1321 non
887 1257 1021 1320 minima
1036 1256 1281 1327 'benedictionis
1309 1257 1414 1340 portio

183 1360 268 1425 collata
286 1360 355 1425 est?
388 1359 583 1424 Benedictus
606 1358 703 1442 Deus,
727 1360 782 1444 qui
804 1362 861 1422 tua
883 1380 960 1444 erga
982 1381 1041 1423 nos
1063 1359 1173 1424 taliter
1195 1360 1303 1423 affecit
1323 1380 1414 1444 prae·
1501 1408 1504 1414 Α

182 1463 268 1546 cordia,
287 1466 321 1527 ut
342 1485 408 1527 non
430 1465 558 1527 tantum
580 1484 661 1546 quae
683 1461 824 1546 patimur
847 1462 953 1526 animo
976 1463 1107 1546 sentias,
1132 1462 1186 1526 sed
1209 1464 1241 1526 et
1255 1464 1413 1525 monstres

182 1566 330 1632 insenetae
356 1564 543 1630 tributionis
571 1564 751 1629 exhibendo
778 1565 1045 1648 misericordiam,
1076 1564 1202 1649 qualem
1229 1564 1349 1628 habeas
1379 1563 1413 1627 in

183 1669 339 1752 compassiva
362 1667 455 1732 corde
478 1667 656 1750 caritatem,
681 1670 713 1731 et
728 1667 894 1752 adjungas
910 1667 950 1731 ad
966 1667 1168 1732 dulcissimae
1185 1666 1413 1731 consolationis

183 1791 314 1855 armenes,
338 1793 421 1856 quae
443 1773 519 1834 sunt
540 1771 732 1854 praecipuae
754 1770 840 1834 inter
867 1770 986 1834 amicos
1008 1762 1251 1854 opitidationedi
1292 1767 1413 1832 Verum

182 1871 345 1938 dilectionem
367 1877 457 1938 tuam
479 1895 545 1937 non
568 1872 777 1957 fatigabimus
800 1873 976 1938 scribentes
983 1880 1005 1957 ,'
1021 1895 1116 1958 quam
1144 1874 1179 1936 in
1207 1874 1296 1936 arcte
1317 1871 1412 1935 fueri-

182 1995 239 2042 nus.
272 1976 336 2043 scit
356 1977 459 2041 frater
486 1979 595 2039 nester
617 1978 649 2039 et
672 1975 876 2060 coepiscopus
899 1975 1060 2058 Acamas,
1084 1998 1180 2060 quam
1201 1973 1280 2038 utile
1302 1973 1410 2056 fuerit,
1484 1994 1488 2001 ·

182 2079 280 2162 etqned
299 2079 387 2144 misit
416 2080 449 2143 et
477 2078 561 2162 quod
590 2078 630 2142 ad
659 2100 717 2143 nos
745 2077 872 2161 misisti,
902 2077 1087 2143 subsidium.
1134 2076 1284 2143 Ceterum
1310 2077 1412 2140 frater

181 2183 258 2245 nmter
283 2181 501 2266 Epiphanius,
535 2181 589 2265 qui
623 2180 664 2244 ad
690 2181 798 2266 gentis
826 2203 902 2245 suae
932 2180 1119 2245 relevandos
1151 2183 1184 2244 et
1211 2179 1411 2244 redimendos

182 2282 286 2364 captivos
306 2285 345 2349 ad
362 2286 470 2369 partes
485 2287 608 2348 vestras
623 2282 848 2368 destinaturi),
871 2283 1109 2347 fraternitatem
1132 2285 1221 2346 tuam
1244 2281 1411 2346 certiorem

181 2379 257 2470 fade,
274 2389 426 2472 quantam
447 2386 488 2450 eb
509 2385 689 2470 impiissimi
712 2386 825 2450 Aeacii
849 2408 976 2451 causam
998 2385 1253 2470 persecutionem
1275 2383 1410 2448 sustine-

181 2503 235 2551 mus.
263 2487 318 2555 Sed
340 2511 407 2555 non
429 2488 609 2573 deficimus,
639 2491 672 2553 et
700 2487 785 2552 inter
813 2491 862 2552 tot
890 2510 1056 2573 pressuras
1083 2510 1144 2552 nec
1173 2487 1257 2551 cedit
1284 2486 1410 2550 animus

182 2606 221 2652 nec
235 2592 383 2656 relaxatur
409 2590 495 2656 zelus
527 2611 588 2654 nec
619 2591 777 2655 subvertit
803 2593 917 2655 metus.
963 2590 1024 2656 Sed
1058 2590 1135 2655 licet
1168 2590 1351 2676 aporiantes
1378 2591 1411 2653 et

180 2694 327 2779 spartei,
352 2694 540 2759 confidimus
560 2694 596 2757 in
619 2715 702 2776 eum,'
726 2695 779 2778 qui
803 2694 893 2758 dabit
916 2716 987 2757 cum
1001 2694 1183 2758 tentatione
1206 2695 1408 2778 proventmn‚

179 2793 234 2859 etsi
251 2797 284 2862 ed
303 2801 430 2883 tempus
453 2797 531 2861 sinit
553 2794 697 2881 deprimi,
721 2818 786 2861 non
809 2797 951 2880 patietur
973 2796 1120 2880 opprimi.

215 2898 259 2993 Ji.
299 2899 372 2984 Fac,
402 2898 565 2964 carissime
587 2898 699 2982 frater,
728 2902 765 2962 ut
785 2902 859 2963 tuus
882 2902 1071 2982 tuemmque
1093 2898 1128 2961 in
1150 2922 1209 2962 nos
1231 2898 1281 2962 vel
1302 2898 1409 2982 petius

171 2997 302 3067 msedem
323 3000 532 3087 apostolicam
559 3023 626 3065 non
655 3004 758 3066 cesset
780 3001 923 3066 affectus.
969 3001 1030 3076 oui
1053 2992 1138 3065 enini
1166 3000 1200 3063 in
1223 3003 1315 3085 petra
1337 3000 1409 3063 soli-

165 3100 309 3188 dabuntur,
339 3126 411 3170 curn
439 3106 532 3188 petra
560 3103 797 3168 exaltabimtur.
844 3104 971 3187 Adjuva
998 3103 1132 3167 fratrem
1159 3105 1304 3167 nostrum
1331 3101 1408 3185 Epi·
1508 3152 1513 3157 .

158 3203 304 3293 phaninm,
331 3211 365 3271 et
386 3205 507 3271 sentiat
528 3206 604 3291 quia
631 3228 682 3270 me
705 3206 842 3289 amas³);
877 3209 909 3269 et
931 3228 1027 3290 quum
1049 3205 1181 3268 redimit
1205 3204 1243 3268 ad
1265 3204 1406 3288 propria,

155 3308 262 3374 scribat
280 3309 407 3374 dilectio
427 3313 494 3392 tue,
525 3313 592 3373 tarn
620 3332 701 3394 quac
730 3309 791 3373 sibi
821 3331 917 3393 quam
945 3331 1025 3392 quae
1047 3307 1201 3371 fratribus
1228 3306 1347 3371 nostris
1376 3309 1408 3370 et

151 3411 333 3497 coepiscopis
365 3435 423 3497 per
451 3411 573 3477 Galbae
608 3411 791 3476 constitutis
820 3411 905 3474 eirca
932 3410 1114 3494 impiissimi
1142 3410 1255 3474 Aeacii
1278 3431 1407 3474 causam

146 3514 340 3580 videbuntur.
384 3514 472 3579 Deus
499 3518 532 3579 te
553 3516 696 3599 praestet
716 3515 920 3595 incolumem,
944 3514 1045 3577 freter
1068 3513 1248 3578 carissime!
1286 3511 1407 3575 Datum

141 3617 222 3684 Vm
243 3616 396 3685 Calendas
418 3616 608 3682 Februarias
631 3616 760 3680 Asterie
784 3618 816 3678 et
837 3615 1001 3680 Praesidio
1024 3616 1101 3680 viris
1125 3615 1308 3680 clarissimis
1333 3636 1404 3679 con-

135 3720 272 3788 sulibus.

186 3997 227 4062 ·¹)
246 3992 287 4047 De
303 3992 356 4049 hoo
371 3992 501 4063 praesule
518 3992 659 4047 Ennodius
676 3991 705 4045 in
724 3991 782 4045 vitu
800 3990 949 4061 Epiphanii
968 3991 1007 4045 sic
1025 3991 1134 4046 scribit:
1152 3990 1324 4060 Epiphanius
1339 3996 1406 4059 lmp-

127 4089 228 4140 mm
240 4084 368 4147 inpressas
379 4089 427 4144 est,
444 4081 487 4132 um
497 4083 615 4132 Rusticus
628 4078 678 4144 (ibi
689 4079 827 4143 arariam)
839 4087 898 4129 tuae
910 4082 1079 4147 episcopatem
1091 4081 1238 4131 cathedram
1248 4079 1404 4144 possidebat,

126 4174 223 4230 kam,
248 4169 290 4234 qui
310 4174 335 4219 et
351 4169 377 4217 iu
394 4167 537 4218 saecularis
560 4169 625 4217 timii
643 4169 862 4232 praefiparutione
880 4155 1037 4217 sacerdotem
1055 4182 1156 4230 semper
1173 4165 1298 4221 exhibuit,
1318 4173 1343 4214 et
1360 4164 1404 4213 sab

123 4261 278 4326 praetem
291 4254 346 4318 sori
360 4252 568 4319 paternatioaem
584 4252 812 4315 pessit'eeetesiae.

203 4333 425 4406 meoparonem
446 4333 637 4404 improspere
659 4333 742 4400 obiit,
764 4345 791 4387 ut
814 4338 1013 4402 quadrinpentoe
1034 4337 1144 4387 homines
1167 4337 1208 4386 die
1232 4350 1282 4384 aaa
1300 4335 1332 4383 de
1349 4338 1405 4384 sota

129 4406 301 4494 hadamari
316 4426 417 4477 civitate
434 4425 564 4474 redituros
581 4426 617 4474 ari
635 4424 737 4474 Italiam
751 4424 833 4486 sumre
851 4423 978 4480 dimissas,
997 4429 1022 4472 et
1039 4425 1097 4486 pias
1113 4437 1186 4486 qaam
1201 4436 1251 4471 eea
1262 4421 1338 4470 midia
1351 4422 1404 4471 ani·

126 4528 233 4566 aaran
249 4513 365 4577 praprm
382 4511 460 4561 terrie
477 4510 582 4559 reddita
599 4524 654 4560 erse
672 4504 813 4560 Ennodius
831 4504 849 4557 l.
869 4521 890 4557 c.
910 4504 1036 4557 testetur.

202 4594 226 4662 ³)
244 4591 302 4648 Huc
314 4589 421 4647 Gelasii
438 4589 605 4645 desiderium
616 4590 745 4644 Rusticus
762 4587 914 4660 praevenit.
944 4590 1103 4658 Ani-equam
1116 4587 1189 4642 enim
1206 4587 1315 4642 litteras
1328 4587 1403 4643 illius

128 4677 291 4749 acciperet,
308 4679 341 4732 ut
356 4674 501 4731 Enncdius
519 4675 536 4729 l.
557 4693 579 4733 e.
598 4677 695 4731 auctor
713 4677 768 4742 est,
786 4675 840 4730 iste
857 4673 970 4745 praesul
988 4686 1060 4728 trans
1076 4678 1224 4729 litodanam
1240 4679 1338 4742 flaviam
1357 4681 1403 4729 ad-

127 4768 221 4821 unisti
245 4767 326 4832 ipsias
347 4760 520 4833 (Epiphauii)
541 4767 667 4830 spiritam
693 4768 808 4816 laetitiae
831 4767 906 4829 copia
928 4766 1041 4828 repletus
1064 4765 1189 4822 occurrit,
1218 4780 1319 4814 caeream
1339 4781 1403 4815 eom-

126 4853 266 4906 neaticnir
282 4851 403 4919 aqam,
421 4866 486 4917 qaae
503 4857 587 4902 errent
605 4852 714 4902 astutiae
732 4854 801 4916 repis
819 4853 932 4903 edocuit:
952 4867 982 4901 ne
1000 4851 1116 4901 videlicet
1133 4851 1305 4914 inopinantem
1317 4851 1403 4914 objec-

126 4942 228 4993 amaa
244 4945 288 4990 art
304 4937 482 5004 responsionis
498 4937 626 4987 calliditas
643 4939 774 4988 inueniret.
