3204 5506
214 111 277 176 756
313 102 317 111 ’
655 122 907 172 snoamsaar.
929 121 1044 169 esraa

105 310 129 344 a.
142 294 200 343 515.
212 282 309 345 minis
332 302 397 343 non
420 282 547 343 tantum
570 279 604 341 iu
628 276 883 342 administrando
905 276 1103 360 reipublicae
1133 278 1262 341 exercet
1281 276 1378 359 officio,
1397 260 1479 341 sed

214 382 398 447 melioribus
421 403 491 445 eam
512 379 671 444 inobilitat
698 380 873 461 institutis,
903 378 969 459 et'2)
992 399 1051 461 per
1077 400 1189 443 curam
1217 379 1489 465 mainan-sidae

213 485 348 548 unitatis
377 486 538 546 auctorem
566 482 740 545 venerandi
771 481 880 565 placat
912 480 1050 562 imperii.
1103 480 1190 545 Certi
1225 484 1299 545 sunt
1328 482 1397 546 enin
1415 478 1501 543 de

212 587 315 650 tutela
344 588 534 669 regnantes,
573 587 600 645 si
628 582 718 646 nulla
746 582 858 646 iisdem
886 581 1144 665 praesidentibus
1167 582 1327 648 Ecclesiae
1347 584 1519 648 naeu·

213 688 398 771 importuna
420 686 538 749 diaboli
562 685 788 749 commixtione
815 684 1003 747 maculetur.
1050 682 1144 748 Unde
1167 685 1255 749 euim
1275 690 1373 769 potest
1387 676 1533 755 fieri,

214 793 251 852 ut
278 789 397 851 nitidas
419 811 477 871 pro
500 787 699 872 principibus
723 788 761 848 ad
785 786 887 848 Deum
915 790 1062 849 nostrum
1089 808 1201 869 preces
1230 786 1358 872 dirigat,
1382 780 1558 851 sisi*-

214 890 376 955 lethaliter
397 889 533 972 popnlus
556 889 690 971 perfidia
713 887 904 971 corruptus?
948 886 1033 950 Nam
1061 887 1146 952 sicut
1172 892 1249 953 aute
1271 890 1352 953 bona
1370 886 1503 953 omni
1511 904 1565 944 a

74 999 198 1068 sapae.
215 996 265 1055 est
286 992 430 1075 perfecta
448 991 543 1072 juxta
564 989 668 1053 Deum
691 990 724 1053 iu
748 989 994 1074 imperatoribus
1018 990 1189 1074 sapientia,
1216 991 1263 1054 ita
1286 991 1324 1054 de
1343 986 1519 1055 sacrari
1532 1008 1571 1049 m

213 1092 402 1156 mundorum
431 1095 595 1175 pectorum
624 1113 681 1173 pro
709 1091 759 1154 liis
788 1091 979 1175 supplicatio
1007 1090 1103 1155 <lebet
1130 1094 1163 1155 et
1192 1091 1278 1157 fideli
1307 1093 1440 1157 animam
1453 1111 1573 1153 11

215 1194 361 1259 ubertate
383 1194 562 1277 procedere.
597 1192 695 1256 Nulla
718 1194 816 1274 vobis,
841 1191 1067 1257 sublimissime
1087 1193 1228 1276 domiue,
1251 1194 1461 1279 triumphoru-
1483 1215 1573 1255 131

214 1297 349 1360 materia
372 1296 491 1378 poterit
513 1316 581 1357 esse
600 1294 782 1377 jucumlior,
806 1317 902 1378 quam
925 1295 963 1358 de
985 1295 1214 1379 subjugatione
1236 1295 1392 1379 perfidiae.

298 1399 328 1460 2.
369 1396 438 1459 Hoc
462 1397 559 1459 etiam
582 1396 772 1459 fiducialiter
800 1401 833 1458 et
855 1418 912 1480 pro
936 1397 1094 1461 commissi
1123 1398 1218 1462 uobis
1240 1398 1337 1462 officii
1357 1420 1568 1483 praeto

214 1499 324 1583 gativo
347 1499 560 1582 suggerimus,
584 1499 659 1582 qiua
681 1520 780 1583 prope
803 1501 861 1579 cst,
887 1502 922 1562 ut
937 1520 1028 1561 suum
1044 1486 1249 1583 splendorem
1264 1500 1367 1565 aliena
1379 1500 1490 1585 pati
1502 1524 1560 1562 a

214 1604 268 1664 tur
289 1601 374 1664 nube
396 1600 531 1681 fuscari,
562 1600 615 1684 qui
639 1622 736 1684 quma
758 1600 826 1664 lleo
849 1600 1011 1664 tribuente
1040 1621 1187 1664 amovere
1209 1602 1329 1685 possit,
1354 1603 1386 1667 in
1404 1625 1481 1666 su
1493 1601 1555 1663 b

215 1702 290 1765 ditis
318 1703 468 1765 tenebras
495 1724 625 1765 manere
654 1703 813 1785 pemrittit
843 1724 994 1766 errorum.
1045 1701 1134 1787 Ergo
1166 1703 1243 1787 quia
1278 1702 1547 1768 minumae

215 1807 321 1868 vestra
348 1803 490 1867 futuram
518 1804 675 1887 synodum
703 1804 831 1887 scriptis
859 1804 1084 1867 sacratissimis
1113 1804 1316 1889 indicavitl),
1349 1807 1394 1869 cai
1417 1815 1544 1869 110⁵

215 1905 369 1970 interesse
397 1906 512 1969 debere
540 1906 652 1969 iisdem
681 1906 809 1989 paginis
834 1906 915 1987 lleo,
945 1909 981 1969 ut
1009 1906 1183 1989 credimus,
1217 1906 1279 1970 sibi
1307 1908 1534 1993 imperauit-²

215 2008 425 2089 commonuit,
450 2008 642 2089 gaudemus,
666 2008 821 2089 scientes,
851 2008 1003 2091 quoniam
1025 2007 1221 2072 directruum
1243 2012 1396 2074 urentium
1415 2011 1492 2083 esta

214 2108 405 2173 venerabilis
428 2109 591 2173 Ecclesiae
620 2109 792 2193 magistros
821 2113 978 2194 expetere.
1023 2108 1089 2173 Soli
1118 2109 1205 2174 enim
1226 2111 1391 2175 declinant
1408 2132 1458 2175 exa·

215 2232 288 2274 men
312 2212 537 2294 conscientiae,
562 2211 677 2295 quael)
700 2215 789 2274 recta
811 2215 897 2294 sunt,
921 2232 986 2274 non
1009 2215 1168 2276 tenentes
1208 2212 1295 2277 Nam
1316 2217 1350 2278 et
1369 2213 1459 2278 seriata

213 2333 267 2375 ore
290 2312 490 2396 splendorem
514 2314 616 2376 bonae
639 2313 813 2377 voluntatis
836 2313 999 2393 enuntiat,
1034 2314 1088 2396 qui
1116 2335 1175 2398 per
1197 2315 1405 2399 apostolicam
1422 2316 1464 2381 iu-

161 2450 171 2467 ·
213 2413 469 2498 maculatamque
493 2415 586 2478 fidem
609 2420 641 2477 et
663 2438 720 2499 per
736 2417 952 2498 competentes
966 2415 1205 2498 praedicatores
1229 2420 1288 2481 aut
1303 2419 1468 2485 confirmari

214 2536 247 2579 se
269 2519 361 2599 optat
383 2519 440 2579 aut
462 2517 589 2601 corrigi.
626 2517 855 2581 Verumtamen
878 2514 954 2579 lieet
974 2516 1009 2579 in
1032 2515 1082 2581 his
1104 2518 1230 2581 nullum
1253 2521 1376 2586 saeculi
1398 2544 1475 2607 prae

215 2616 356 2681 cedentis
380 2619 513 2682 exsistat
535 2619 760 2704 exempluml),
784 2639 886 2701 neque
908 2618 1042 2682 senioris
1064 2619 1143 2683 facti
1166 2620 1309 2704 qualitas
1332 2628 1391 2688 aut
1405 2646 1478 2689 com·

213 2719 311 2782 missa
339 2720 429 2784 libris
458 2724 513 2784 ant
541 2721 701 2784 memoriis
731 2721 852 2783 inserta
879 2723 1043 2803 teneatur,
1079 2721 1162 2784 nihil
1191 2721 1234 2785 ad
1263 2746 1343 2808 uos,
1378 2727 1485 2811 quibus

213 2821 305 2886 dulce
328 2827 387 2903 cst,
411 2823 566 2885 beneflcio
582 2822 640 2884 Dei
664 2822 784 2905 pietate
806 2825 912 2884 vestra
934 2823 1093 2886 invitante
1116 2822 1273 2888 inchoare
1288 2827 1437 2909 meliora,
1458 2834 1487 2895 et

214 2923 289 3006 hoc,
317 2923 401 3007 quod
423 2946 489 2987 non
512 2923 692 3006 excerpimus
715 2946 734 2986 a
756 2923 995 3007 parentibusl),
1026 2928 1092 2987 tam
1121 2924 1200 2988 clari
1229 2928 1343 3011 operis
1366 2930 1490 2996 institu-

212 3028 280 3089 tum
303 3026 495 3109 nobisipsis
518 3026 697 3108 imponere:
732 3024 807 3107 quia
835 3028 937 3087 totum
968 3047 1025 3108 pro
1053 3025 1337 3111 redintegratione
1367 3032 1442 3098 fidei
1463 3040 1492 3099 et

213 3127 418 3192 ecclesiarum
441 3150 519 3211 paee
542 3127 663 3207 lacere,
699 3125 837 3189 libenter
864 3125 1103 3209 amplectimur,
1136 3128 1164 3192 si
1193 3132 1312 3196 tamen
1337 3137 1493 3220 majorum

213 3233 393 3293 nostrornm
416 3228 559 3291 delinitio
582 3232 614 3289 et
636 3234 819 3290 sauctorum
840 3231 969 3309 patrum
983 3228 1018 3292 in
1034 3229 1100 3293 suis
1114 3229 1282 3297 radicibus
1296 3235 1494 3305 inconeussa

213 3335 414 3415 permaneat,
438 3331 464 3393 si
488 3329 776 3393 anathematizetur
797 3328 965 3393 Nestorius
989 3353 1061 3394 eum
1082 3331 1304 3417 participibus
1328 3342 1418 3423 suis,
1444 3343 1494 3427 qui

212 3454 370 3497 evacuans
393 3432 519 3496 divinae
543 3435 743 3494 sacramenta
758 3434 903 3513 naturae,
927 3432 1055 3497 beatam
1071 3434 1235 3520 virginem
1252 3437 1494 3509 Mariam-nudi

278 3657 300 3719 ²)
319 3654 352 3703 (p
367 3655 393 3706 a¹
414 3653 502 3705 omitt.
522 3663 560 3707 er.-
578 3668 641 3703 mox
660 3656 685 3704 a'
704 3657 815 3719 priorem.
852 3651 958 3707 Deinde
976 3653 1043 3707 bcc
1060 3667 1184 3722 reparate
1263 3665 1288 3713 sl
1306 3669 1373 3720 urla,

279 3742 299 3805 ³)
318 3739 336 3789 b
350 3756 385 3791 cc
402 3743 504 3790 indicit.
541 3736 604 3788 Mox
623 3738 656 3788 G¹
677 3742 829 3790 direrlraaoa
902 3744 1051 3796 declamant.

277 3824 298 3891 ⁴)
317 3826 342 3876 α’
357 3823 423 3876 bec
441 3828 484 3891 qui
501 3828 567 3874 aerae
584 3832 641 3873 sum
659 3842 708 3873 noa
726 3828 883 3875 continentes
901 3826 938 3889 (0⁷
955 3826 1127 3891 rontinentia).
1164 3824 1208 3880 Ex
1228 3828 1282 3896 G¹,
1301 3831 1335 3887 in
1354 3851 1415 3904 qno
1431 3836 1495 3907 legi-

209 3907 256 3960 tur
277 3928 341 3977 puae
367 3915 420 3962 uita
446 3918 504 3960 sant
526 3927 574 3961 riou
596 3917 724 3973 tenentes,
748 3905 950 3961 restituendum
968 3909 1095 3963 duximus
1116 3931 1182 3980 puae
1205 3927 1286 3968 reeta
1310 3932 1377 3974 mr
1395 3942 1445 3977 m
1461 3936 1493 3976 re

211 4003 306 4049 nentes.

276 4079 297 4145 ⁶)
317 4075 448 4131 Silvester
466 4094 483 4130 a
501 4076 680 4130 Constantino
699 4077 735 4131 ad
748 4077 910 4131 arelatense
929 4081 1043 4134 vocatus
1060 4080 1224 4149 concilium,
1242 4084 1365 4156 legata
1382 4107 1447 4147 011oe
1462 4107 1494 4145 nn

210 4160 320 4215 mittere
338 4162 405 4214 satis
428 4163 572 4216 babuerat.
610 4161 773 4215 Sardieeuse
792 4161 937 4215 concilium
954 4163 983 4216 in
1001 4165 1121 4234 epistola
1141 4166 1177 4221 ad
1197 4168 1313 4226 Julium
1332 4178 1494 4231 exolutim

208 4244 295 4299 habet
311 4246 385 4300 hune
403 4264 519 4315 papam,
538 4246 614 4315 qaod
632 4264 649 4300 a
666 4247 771 4314 synodo
790 4247 897 4300 aberat.
935 4249 991 4303 Leo
1008 4266 1027 4304 a
1043 4251 1204 4307 Theodosio
1223 4254 1262 4309 ad
1282 4260 1441 4317 concilium
1457 4262 1494 4316 ia-

209 4329 311 4384 vitatus
330 4332 408 4400 epist.
429 4339 460 4384 31
479 4350 504 4384 n.
524 4338 539 4385 4
558 4331 696 4385 rescribit:
723 4336 796 4396 Quod
810 4339 894 4401 pietas
912 4340 992 4402 ipsias
1009 4340 1083 4389 etiam
1100 4356 1138 4390 ure
1155 4343 1275 4393 eredidit
1297 4347 1402 4401 dem
1417 4352 1492 4401 mas

208 4433 264 4468 esse
281 4422 400 4473 concilio.
420 4423 517 4469 etiamsi
533 4423 666 4469 sariendam
684 4424 789 4486 aliquod
805 4425 965 4486 praecedens
982 4427 1131 4489 eae'pererur
1142 4431 1310 4493 emplum,
1333 4442 1491 4487 murm.

209 4519 364 4570 nequicquam
373 4500 468 4568 ‘posset
485 4508 591 4570 impleri.

274 4588 295 4653 ⁸)
314 4584 348 4638 G'
367 4591 551 4654 apparentibus
565 4594 668 4651 ...fidei
684 4595 854 4641 ecclesiaram.
897 4589 1001 4643 {bidem
1019 4592 1083 4660 post
1100 4603 1179 4647 totum
1203 4594 1286 4651 forte
1302 4600 1490 4671 mpplendum

207 4675 276 4739 prrod
290 4681 384 4738 potest.
