<?xml version="1.0" encoding="UTF-8"?>
<!DOCTYPE html PUBLIC "-//W3C//DTD XHTML 1.0 Transitional//EN"
    "http://www.w3.org/TR/xhtml1/DTD/xhtml1-transitional.dtd">
<html xmlns="http://www.w3.org/1999/xhtml" xml:lang="en" lang="en">
 <head>
  <title>
</title>
<meta http-equiv="Content-Type" content="text/html;charset=utf-8" />
  <meta name='ocr-system' content='tesseract 3.04.00' />
  <meta name='ocr-capabilities' content='ocr_page ocr_carea ocr_par ocr_line ocrx_word'/>
</head>
<body>
  <div class='ocr_page' id='page_1' title='image "./epistolaeromano00thiegoog/epistolaeromano00thiegoog_0990.png"; bbox 0 0 3204 5506; ppageno 0'>
   <div class='ocr_carea' id='block_1_1' title="bbox 509 334 1350 400">
    <p class='ocr_par' dir='ltr' id='par_1_1' title="bbox 509 334 1350 400">
     <span class='ocr_line' id='line_1_1' title="bbox 509 334 1350 400; baseline 0.001 -3"><span class='ocrx_word' id='word_1_1' title='bbox 509 349 702 400; x_wconf 68' lang='lat' dir='ltr'>amasonia</span> <span class='ocrx_word' id='word_1_2' title='bbox 728 338 915 397; x_wconf 71' lang='lat' dir='ltr'>lii—129.</span> <span class='ocrx_word' id='word_1_3' title='bbox 1290 334 1350 398; x_wconf 78' lang='lat'>941</span> 
     </span>
    </p>
   </div>
   <div class='ocr_carea' id='block_1_2' title="bbox 77 501 1480 897">
    <p class='ocr_par' dir='ltr' id='par_1_2' title="bbox 77 501 1480 897">
     <span class='ocr_line' id='line_1_2' title="bbox 77 501 1480 589; baseline -0.002 -21"><span class='ocrx_word' id='word_1_4' title='bbox 77 503 279 570; x_wconf 88' lang='lat' dir='ltr'>venerabiles</span> <span class='ocrx_word' id='word_1_5' title='bbox 289 505 326 589; x_wconf 83' lang='lat'>⁴),</span> <span class='ocrx_word' id='word_1_6' title='bbox 351 507 514 568; x_wconf 89' lang='lat' dir='ltr'>annuente</span> <span class='ocrx_word' id='word_1_7' title='bbox 536 503 675 568; x_wconf 91' lang='lat' dir='ltr'>Domino</span> <span class='ocrx_word' id='word_1_8' title='bbox 697 508 775 568; x_wconf 87' lang='lat' dir='ltr'>Jesu</span> <span class='ocrx_word' id='word_1_9' title='bbox 797 501 935 586; x_wconf 80' lang='lat' dir='ltr'>Christo,</span> <span class='ocrx_word' id='word_1_10' title='bbox 959 502 1035 588; x_wconf 88' lang='lat' dir='ltr'>quia</span> <span class='ocrx_word' id='word_1_11' title='bbox 1057 501 1137 566; x_wconf 89' lang='lat' dir='ltr'>haec</span> <span class='ocrx_word' id='word_1_12' title='bbox 1160 502 1200 566; x_wconf 90' lang='lat' dir='ltr'>ab</span> <span class='ocrx_word' id='word_1_13' title='bbox 1224 503 1352 567; x_wconf 87' lang='lat' dir='ltr'>exordio</span> <span class='ocrx_word' id='word_1_14' title='bbox 1365 514 1480 581; x_wconf 72' lang='lat' dir='ltr'>(atro)</span> 
     </span>
     <span class='ocr_line' id='line_1_3' title="bbox 77 601 1353 691; baseline -0.001 -21"><span class='ocrx_word' id='word_1_15' title='bbox 77 605 159 670; x_wconf 91' lang='lat' dir='ltr'>mihi</span> <span class='ocrx_word' id='word_1_16' title='bbox 186 609 262 670; x_wconf 89' lang='lat' dir='ltr'>sunt</span> <span class='ocrx_word' id='word_1_17' title='bbox 289 605 486 691; x_wconf 84' lang='lat' dir='ltr'>excogitata,</span> <span class='ocrx_word' id='word_1_18' title='bbox 520 609 552 669; x_wconf 91' lang='lat' dir='ltr'>et</span> <span class='ocrx_word' id='word_1_19' title='bbox 580 606 707 691; x_wconf 88' lang='lat' dir='ltr'>quando</span> <span class='ocrx_word' id='word_1_20' title='bbox 729 601 886 670; x_wconf 88' lang='lat' dir='ltr'>Domin&#39;us</span> <span class='ocrx_word' id='word_1_21' title='bbox 912 604 999 669; x_wconf 89' lang='lat' dir='ltr'>Deus</span> <span class='ocrx_word' id='word_1_22' title='bbox 1026 608 1152 690; x_wconf 88' lang='lat' dir='ltr'>tempus</span> <span class='ocrx_word' id='word_1_23' title='bbox 1181 604 1283 687; x_wconf 89' lang='lat' dir='ltr'>dedit,</span> <span class='ocrx_word' id='word_1_24' title='bbox 1312 605 1353 669; x_wconf 90' lang='lat' dir='ltr'>ad</span> 
     </span>
     <span class='ocr_line' id='line_1_4' title="bbox 78 705 1352 794; baseline 0 -22"><span class='ocrx_word' id='word_1_25' title='bbox 78 709 227 773; x_wconf 90' lang='lat' dir='ltr'>effectum</span> <span class='ocrx_word' id='word_1_26' title='bbox 241 706 320 773; x_wconf 86' lang='lat' dir='ltr'>haec</span> <span class='ocrx_word' id='word_1_27' title='bbox 336 711 412 772; x_wconf 88' lang='lat' dir='ltr'>sunt</span> <span class='ocrx_word' id='word_1_28' title='bbox 426 707 590 794; x_wconf 90' lang='lat' dir='ltr'>perducta.</span> <span class='ocrx_word' id='word_1_29' title='bbox 623 709 759 773; x_wconf 89' lang='lat' dir='ltr'><strong>Omnem</strong></span> <span class='ocrx_word' id='word_1_30' title='bbox 776 729 848 772; x_wconf 91' lang='lat' dir='ltr'>cum</span> <span class='ocrx_word' id='word_1_31' title='bbox 864 711 969 773; x_wconf 84' lang='lat' dir='ltr'>vestra</span> <span class='ocrx_word' id='word_1_32' title='bbox 984 708 1158 773; x_wconf 73' lang='lat' dir='ltr'>sanctitate</span> <span class='ocrx_word' id='word_1_33' title='bbox 1173 707 1208 771; x_wconf 92' lang='lat' dir='ltr'>in</span> <span class='ocrx_word' id='word_1_34' title='bbox 1224 705 1352 772; x_wconf 83' lang='lat' dir='ltr'>Christo</span> 
     </span>
     <span class='ocr_line' id='line_1_5' title="bbox 77 809 1091 897; baseline 0 -23"><span class='ocrx_word' id='word_1_35' title='bbox 77 809 318 875; x_wconf 81' lang='lat' dir='ltr'>fraternitatem</span> <span class='ocrx_word' id='word_1_36' title='bbox 340 832 400 897; x_wconf 85' lang='lat' dir='ltr'>ego</span> <span class='ocrx_word' id='word_1_37' title='bbox 423 831 546 895; x_wconf 90' lang='lat' dir='ltr'>quoque</span> <span class='ocrx_word' id='word_1_38' title='bbox 569 814 602 874; x_wconf 90' lang='lat' dir='ltr'>et</span> <span class='ocrx_word' id='word_1_39' title='bbox 623 811 685 875; x_wconf 90' lang='lat' dir='ltr'>mei</span> <span class='ocrx_word' id='word_1_40' title='bbox 707 811 881 896; x_wconf 89' lang='lat' dir='ltr'>plurimum</span> <span class='ocrx_word' id='word_1_41' title='bbox 903 811 1091 875; x_wconf 86' lang='lat' dir='ltr'>salutamus.</span> 
     </span>
    </p>
   </div>
   <div class='ocr_carea' id='block_1_3' title="bbox 575 1015 861 1119">
    <p class='ocr_par' dir='ltr' id='par_1_3' title="bbox 575 1015 861 1119">
     <span class='ocr_line' id='line_1_6' title="bbox 575 1015 861 1119; baseline 0 -20"><span class='ocrx_word' id='word_1_42' title='bbox 575 1015 757 1119; x_wconf 76' lang='lat' dir='ltr'>Epistola</span> <span class='ocrx_word' id='word_1_43' title='bbox 782 1016 861 1099; x_wconf 83' lang='lat'>129.</span> 
     </span>
    </p>
   </div>
   <div class='ocr_carea' id='block_1_4' title="bbox 281 1162 1490 1301">
    <p class='ocr_par' dir='ltr' id='par_1_4' title="bbox 281 1162 1490 1301">
     <span class='ocr_line' id='line_1_7' title="bbox 281 1162 1490 1301; baseline -0.017 -65"><span class='ocrx_word' id='word_1_44' title='bbox 281 1167 418 1236; x_wconf 85' lang='lat' dir='ltr'>Justini</span> <span class='ocrx_word' id='word_1_45' title='bbox 442 1169 677 1251; x_wconf 90' lang='lat' dir='ltr'>imperatoris</span> <span class='ocrx_word' id='word_1_46' title='bbox 699 1167 743 1233; x_wconf 89' lang='lat' dir='ltr'>ad</span> <span class='ocrx_word' id='word_1_47' title='bbox 765 1166 992 1239; x_wconf 83' lang='lat' dir='ltr'>llormlsdam</span> <span class='ocrx_word' id='word_1_48' title='bbox 1015 1185 1153 1251; x_wconf 89' lang='lat' dir='ltr'>papam.</span> <span class='ocrx_word' id='word_1_49' title='bbox 1362 1162 1490 1301; x_wconf 37' lang='lat' dir='ltr'>abigaea).</span> 
     </span>
    </p>
   </div>
   <div class='ocr_carea' id='block_1_5' title="bbox 10 1308 1319 1882">
    <p class='ocr_par' dir='ltr' id='par_1_5' title="bbox 10 1308 1319 1799">
     <span class='ocr_line' id='line_1_8' title="bbox 10 1308 1315 1374; baseline -0.002 -15"><span class='ocrx_word' id='word_1_50' title='bbox 10 1311 63 1361; x_wconf 75' lang='lat'>20.</span> <span class='ocrx_word' id='word_1_51' title='bbox 116 1308 213 1358; x_wconf 80' lang='lat' dir='ltr'>Recatit</span> <span class='ocrx_word' id='word_1_52' title='bbox 229 1308 357 1364; x_wconf 75' lang='lat' dir='ltr'>tustinus,</span> <span class='ocrx_word' id='word_1_53' title='bbox 386 1324 452 1373; x_wconf 82' lang='lat' dir='ltr'>quac</span> <span class='ocrx_word' id='word_1_54' title='bbox 467 1309 572 1373; x_wconf 81' lang='lat' dir='ltr'>pietatis</span> <span class='ocrx_word' id='word_1_55' title='bbox 595 1310 678 1358; x_wconf 84' lang='lat' dir='ltr'>stadia</span> <span class='ocrx_word' id='word_1_56' title='bbox 695 1308 801 1371; x_wconf 75' lang='lat' dir='ltr'>feccrit,</span> <span class='ocrx_word' id='word_1_57' title='bbox 829 1313 997 1374; x_wconf 76' lang='lat' dir='ltr'>testaturque,</span> <span class='ocrx_word' id='word_1_58' title='bbox 1021 1323 1050 1358; x_wconf 83' lang='lat' dir='ltr'>se</span> <span class='ocrx_word' id='word_1_59' title='bbox 1068 1308 1150 1357; x_wconf 70' lang='lat' dir='ltr'>amma</span> <span class='ocrx_word' id='word_1_60' title='bbox 1170 1322 1219 1357; x_wconf 90' lang='lat' dir='ltr'>nan</span> <span class='ocrx_word' id='word_1_61' title='bbox 1236 1313 1315 1356; x_wconf 86' lang='lat' dir='ltr'>muta·</span> 
     </span>
     <span class='ocr_line' id='line_1_9' title="bbox 115 1391 1319 1458; baseline -0.002 -16"><span class='ocrx_word' id='word_1_62' title='bbox 115 1400 165 1442; x_wconf 87' lang='lat' dir='ltr'>tum</span> <span class='ocrx_word' id='word_1_63' title='bbox 183 1409 238 1443; x_wconf 81' lang='lat' dir='ltr'>esse</span> <span class='ocrx_word' id='word_1_64' title='bbox 257 1391 291 1456; x_wconf 87' lang='lat' dir='ltr'>(n.</span> <span class='ocrx_word' id='word_1_65' title='bbox 300 1393 334 1454; x_wconf 90' lang='lat'>1).</span> <span class='ocrx_word' id='word_1_66' title='bbox 365 1392 462 1444; x_wconf 79' lang='lat' dir='ltr'>Multas</span> <span class='ocrx_word' id='word_1_67' title='bbox 479 1396 601 1444; x_wconf 82' lang='lat' dir='ltr'>ecclesias</span> <span class='ocrx_word' id='word_1_68' title='bbox 618 1411 635 1444; x_wconf 91' lang='lat' dir='ltr'>a</span> <span class='ocrx_word' id='word_1_69' title='bbox 647 1394 786 1443; x_wconf 71' lang='lat' dir='ltr'>recitandis</span> <span class='ocrx_word' id='word_1_70' title='bbox 804 1395 981 1458; x_wconf 81' lang='lat' dir='ltr'>cpiscoporum</span> <span class='ocrx_word' id='word_1_71' title='bbox 998 1408 1099 1443; x_wconf 73' lang='lat' dir='ltr'>sumana</span> <span class='ocrx_word' id='word_1_72' title='bbox 1117 1391 1254 1442; x_wconf 78' lang='lat' dir='ltr'>nominibus</span> <span class='ocrx_word' id='word_1_73' title='bbox 1272 1406 1319 1441; x_wconf 86' lang='lat' dir='ltr'>nec</span> 
     </span>
     <span class='ocr_line' id='line_1_10' title="bbox 113 1477 1319 1543; baseline -0.002 -17"><span class='ocrx_word' id='word_1_74' title='bbox 113 1478 247 1541; x_wconf 74' lang='lat' dir='ltr'><em>suppliciis</em></span> <span class='ocrx_word' id='word_1_75' title='bbox 269 1478 398 1527; x_wconf 83' lang='lat' dir='ltr'>deterreri</span> <span class='ocrx_word' id='word_1_76' title='bbox 417 1493 495 1542; x_wconf 84' lang='lat' dir='ltr'>posse</span> <span class='ocrx_word' id='word_1_77' title='bbox 518 1477 553 1541; x_wconf 90' lang='lat' dir='ltr'>(n.</span> <span class='ocrx_word' id='word_1_78' title='bbox 567 1479 603 1542; x_wconf 80' lang='lat'>2).</span> <span class='ocrx_word' id='word_1_79' title='bbox 650 1477 743 1540; x_wconf 83' lang='lat' dir='ltr'>Quibus</span> <span class='ocrx_word' id='word_1_80' title='bbox 763 1479 861 1528; x_wconf 82' lang='lat' dir='ltr'>veniam</span> <span class='ocrx_word' id='word_1_81' title='bbox 886 1479 999 1543; x_wconf 49' lang='lat' dir='ltr'>{lapitas</span> <span class='ocrx_word' id='word_1_82' title='bbox 1026 1479 1103 1527; x_wconf 82' lang='lat' dir='ltr'>saluis</span> <span class='ocrx_word' id='word_1_83' title='bbox 1125 1479 1157 1527; x_wconf 81' lang='lat' dir='ltr'>iia</span> <span class='ocrx_word' id='word_1_84' title='bbox 1179 1480 1319 1542; x_wconf 80' lang='lat' dir='ltr'>quaejam</span> 
     </span>
     <span class='ocr_line' id='line_1_11' title="bbox 112 1561 1319 1627; baseline -0.002 -15"><span class='ocrx_word' id='word_1_85' title='bbox 112 1570 187 1626; x_wconf 77' lang='lat' dir='ltr'>pcata</span> <span class='ocrx_word' id='word_1_86' title='bbox 205 1569 262 1612; x_wconf 83' lang='lat' dir='ltr'>sunt</span> <span class='ocrx_word' id='word_1_87' title='bbox 280 1561 315 1626; x_wconf 87' lang='lat' dir='ltr'>(a.</span> <span class='ocrx_word' id='word_1_88' title='bbox 327 1565 363 1622; x_wconf 86' lang='lat'>3).</span> <span class='ocrx_word' id='word_1_89' title='bbox 399 1561 552 1613; x_wconf 83' lang='lat' dir='ltr'>Earumdem</span> <span class='ocrx_word' id='word_1_90' title='bbox 570 1580 635 1613; x_wconf 89' lang='lat' dir='ltr'>nunc</span> <span class='ocrx_word' id='word_1_91' title='bbox 653 1565 815 1614; x_wconf 79' lang='lat' dir='ltr'>ecclesiarum</span> <span class='ocrx_word' id='word_1_92' title='bbox 832 1562 939 1612; x_wconf 79' lang='lat' dir='ltr'>libellum</span> <span class='ocrx_word' id='word_1_93' title='bbox 954 1578 1005 1626; x_wconf 88' lang='lat' dir='ltr'>per</span> <span class='ocrx_word' id='word_1_94' title='bbox 1018 1563 1157 1613; x_wconf 75' lang='lat' dir='ltr'>todennam</span> <span class='ocrx_word' id='word_1_95' title='bbox 1174 1563 1319 1627; x_wconf 81' lang='lat' dir='ltr'>episcopum</span> 
     </span>
     <span class='ocr_line' id='line_1_12' title="bbox 114 1646 1319 1713; baseline -0.001 -18"><span class='ocrx_word' id='word_1_96' title='bbox 114 1649 201 1706; x_wconf 84' lang='lat' dir='ltr'>mittit,</span> <span class='ocrx_word' id='word_1_97' title='bbox 221 1650 246 1697; x_wconf 84' lang='lat' dir='ltr'>in</span> <span class='ocrx_word' id='word_1_98' title='bbox 263 1663 312 1713; x_wconf 81' lang='lat' dir='ltr'>qao</span> <span class='ocrx_word' id='word_1_99' title='bbox 330 1647 473 1697; x_wconf 77' lang='lat' dir='ltr'>haereticas</span> <span class='ocrx_word' id='word_1_100' title='bbox 491 1663 575 1698; x_wconf 84' lang='lat' dir='ltr'>omncs</span> <span class='ocrx_word' id='word_1_101' title='bbox 593 1650 765 1706; x_wconf 84' lang='lat' dir='ltr'>detestantur,</span> <span class='ocrx_word' id='word_1_102' title='bbox 781 1649 859 1711; x_wconf 75' lang='lat' dir='ltr'>fidem</span> <span class='ocrx_word' id='word_1_103' title='bbox 875 1662 945 1696; x_wconf 85' lang='lat' dir='ltr'>suam</span> <span class='ocrx_word' id='word_1_104' title='bbox 963 1654 1086 1712; x_wconf 78' lang='lat' dir='ltr'>quatenus</span> <span class='ocrx_word' id='word_1_105' title='bbox 1104 1646 1229 1696; x_wconf 67' lang='lat' dir='ltr'>Christum</span> <span class='ocrx_word' id='word_1_106' title='bbox 1246 1663 1319 1695; x_wconf 87' lang='lat' dir='ltr'>unum</span> 
     </span>
     <span class='ocr_line' id='line_1_13' title="bbox 114 1732 1319 1799; baseline -0.002 -16"><span class='ocrx_word' id='word_1_107' title='bbox 114 1748 150 1783; x_wconf 79' lang='lat' dir='ltr'>ea</span> <span class='ocrx_word' id='word_1_108' title='bbox 171 1732 295 1782; x_wconf 78' lang='lat' dir='ltr'>Trinitute</span> <span class='ocrx_word' id='word_1_109' title='bbox 313 1734 421 1783; x_wconf 86' lang='lat' dir='ltr'>credant</span> <span class='ocrx_word' id='word_1_110' title='bbox 439 1741 582 1796; x_wconf 77' lang='lat' dir='ltr'>exponunt,</span> <span class='ocrx_word' id='word_1_111' title='bbox 601 1741 676 1799; x_wconf 80' lang='lat' dir='ltr'>utque</span> <span class='ocrx_word' id='word_1_112' title='bbox 694 1735 857 1798; x_wconf 83' lang='lat' dir='ltr'>imperatoris</span> <span class='ocrx_word' id='word_1_113' title='bbox 875 1747 958 1797; x_wconf 86' lang='lat' dir='ltr'>opera</span> <span class='ocrx_word' id='word_1_114' title='bbox 979 1733 1015 1782; x_wconf 88' lang='lat' dir='ltr'>ad</span> <span class='ocrx_word' id='word_1_115' title='bbox 1033 1733 1152 1783; x_wconf 83' lang='lat' dir='ltr'>unitatem</span> <span class='ocrx_word' id='word_1_116' title='bbox 1169 1732 1319 1782; x_wconf 70' lang='lat' dir='ltr'>catholicam</span> 
     </span>
    </p>

    <p class='ocr_par' dir='ltr' id='par_1_6' title="bbox 497 1816 935 1882">
     <span class='ocr_line' id='line_1_14' title="bbox 497 1816 935 1882; baseline 0.007 -16"><span class='ocrx_word' id='word_1_117' title='bbox 497 1818 663 1868; x_wconf 80' lang='lat' dir='ltr'>admittantur</span> <span class='ocrx_word' id='word_1_118' title='bbox 680 1824 774 1882; x_wconf 75' lang='lat' dir='ltr'>repant</span> <span class='ocrx_word' id='word_1_119' title='bbox 792 1816 826 1881; x_wconf 86' lang='lat' dir='ltr'>(n.</span> <span class='ocrx_word' id='word_1_120' title='bbox 839 1816 935 1882; x_wconf 80' lang='lat'>4-7).</span> 
     </span>
    </p>
   </div>
   <div class='ocr_carea' id='block_1_6' title="bbox 233 1949 1095 2036">
    <p class='ocr_par' dir='ltr' id='par_1_7' title="bbox 233 1949 1095 2036">
     <span class='ocr_line' id='line_1_15' title="bbox 233 1949 1095 2036; baseline 0.001 -22"><span class='ocrx_word' id='word_1_121' title='bbox 233 1950 416 2015; x_wconf 89' lang='lat' dir='ltr'>Justinus</span> <span class='ocrx_word' id='word_1_122' title='bbox 438 1950 641 2036; x_wconf 84' lang='lat' dir='ltr'>Augustus</span> <span class='ocrx_word' id='word_1_123' title='bbox 664 1949 901 2015; x_wconf 89' lang='lat' dir='ltr'>Hormisdae</span> <span class='ocrx_word' id='word_1_124' title='bbox 923 1952 1095 2036; x_wconf 89' lang='lat' dir='ltr'>papae¹).</span> 
     </span>
    </p>
   </div>
   <div class='ocr_carea' id='block_1_7' title="bbox 77 2068 1461 3278">
    <p class='ocr_par' dir='ltr' id='par_1_8' title="bbox 77 2068 1461 3278">
     <span class='ocr_line' id='line_1_16' title="bbox 170 2068 1353 2155; baseline 0.002 -23"><span class='ocrx_word' id='word_1_125' title='bbox 170 2071 197 2133; x_wconf 92' lang='lat' dir='ltr'>l.</span> <span class='ocrx_word' id='word_1_126' title='bbox 235 2068 304 2145; x_wconf 83' lang='lat' dir='ltr'>Quo</span> <span class='ocrx_word' id='word_1_127' title='bbox 336 2070 457 2134; x_wconf 89' lang='lat' dir='ltr'>fuimus</span> <span class='ocrx_word' id='word_1_128' title='bbox 490 2092 616 2155; x_wconf 85' lang='lat' dir='ltr'>semper</span> <span class='ocrx_word' id='word_1_129' title='bbox 644 2074 676 2134; x_wconf 93' lang='lat' dir='ltr'>et</span> <span class='ocrx_word' id='word_1_130' title='bbox 702 2092 764 2154; x_wconf 92' lang='lat' dir='ltr'>quo</span> <span class='ocrx_word' id='word_1_131' title='bbox 792 2093 901 2134; x_wconf 89' lang='lat' dir='ltr'>sumus</span> <span class='ocrx_word' id='word_1_132' title='bbox 928 2069 1032 2134; x_wconf 88' lang='lat' dir='ltr'>studio</span> <span class='ocrx_word' id='word_1_133' title='bbox 1059 2091 1117 2154; x_wconf 93' lang='lat' dir='ltr'>pro</span> <span class='ocrx_word' id='word_1_134' title='bbox 1145 2069 1353 2134; x_wconf 80' lang='lat' dir='ltr'>conciliandis</span> 
     </span>
     <span class='ocr_line' id='line_1_17' title="bbox 81 2170 1353 2255; baseline 0 -20"><span class='ocrx_word' id='word_1_135' title='bbox 81 2171 253 2236; x_wconf 87' lang='lat' dir='ltr'>sententiis</span> <span class='ocrx_word' id='word_1_136' title='bbox 276 2170 468 2236; x_wconf 84' lang='lat' dir='ltr'>catholicam</span> <span class='ocrx_word' id='word_1_137' title='bbox 491 2173 586 2237; x_wconf 90' lang='lat' dir='ltr'>fidem</span> <span class='ocrx_word' id='word_1_138' title='bbox 609 2173 792 2255; x_wconf 88' lang='lat' dir='ltr'>colentium,</span> <span class='ocrx_word' id='word_1_139' title='bbox 817 2176 853 2236; x_wconf 92' lang='lat' dir='ltr'>ut</span> <span class='ocrx_word' id='word_1_140' title='bbox 875 2171 985 2235; x_wconf 90' lang='lat' dir='ltr'>eodem</span> <span class='ocrx_word' id='word_1_141' title='bbox 1008 2172 1115 2236; x_wconf 91' lang='lat' dir='ltr'>animo</span> <span class='ocrx_word' id='word_1_142' title='bbox 1131 2173 1239 2237; x_wconf 90' lang='lat' dir='ltr'>cuncti</span> <span class='ocrx_word' id='word_1_143' title='bbox 1260 2194 1353 2236; x_wconf 87' lang='lat' dir='ltr'>rene·</span> 
     </span>
     <span class='ocr_line' id='line_1_18' title="bbox 79 2273 1352 2360; baseline 0 -24"><span class='ocrx_word' id='word_1_144' title='bbox 79 2276 193 2337; x_wconf 90' lang='lat' dir='ltr'>rentur</span> <span class='ocrx_word' id='word_1_145' title='bbox 219 2273 328 2338; x_wconf 92' lang='lat' dir='ltr'>lumen</span> <span class='ocrx_word' id='word_1_146' title='bbox 336 2275 362 2360; x_wconf 73' lang='lat'>²)</span> <span class='ocrx_word' id='word_1_147' title='bbox 391 2273 589 2356; x_wconf 87' lang='lat' dir='ltr'>individuum</span> <span class='ocrx_word' id='word_1_148' title='bbox 617 2274 804 2357; x_wconf 82' lang='lat' dir='ltr'>Trinitatis,</span> <span class='ocrx_word' id='word_1_149' title='bbox 836 2273 944 2358; x_wconf 89' lang='lat' dir='ltr'>palam</span> <span class='ocrx_word' id='word_1_150' title='bbox 974 2273 1088 2338; x_wconf 85' lang='lat' dir='ltr'>fecisse</span> <span class='ocrx_word' id='word_1_151' title='bbox 1118 2274 1352 2360; x_wconf 85' lang='lat' dir='ltr'>dignoscimur:</span> 
     </span>
     <span class='ocr_line' id='line_1_19' title="bbox 80 2375 1353 2462; baseline -0.001 -23"><span class='ocrx_word' id='word_1_152' title='bbox 80 2397 169 2439; x_wconf 92' lang='lat' dir='ltr'>nunc</span> <span class='ocrx_word' id='word_1_153' title='bbox 193 2375 334 2460; x_wconf 82' lang='lat' dir='ltr'>legatum</span> <span class='ocrx_word' id='word_1_154' title='bbox 357 2376 397 2441; x_wconf 92' lang='lat' dir='ltr'>ad</span> <span class='ocrx_word' id='word_1_155' title='bbox 419 2380 558 2440; x_wconf 90' lang='lat' dir='ltr'>vestram</span> <span class='ocrx_word' id='word_1_156' title='bbox 580 2377 813 2441; x_wconf 87' lang='lat' dir='ltr'>beatitudinem</span> <span class='ocrx_word' id='word_1_157' title='bbox 840 2377 924 2440; x_wconf 89' lang='lat' dir='ltr'>ultro</span> <span class='ocrx_word' id='word_1_158' title='bbox 952 2376 1028 2462; x_wconf 63' lang='lat' dir='ltr'>obt)</span> <span class='ocrx_word' id='word_1_159' title='bbox 1058 2376 1119 2441; x_wconf 92' lang='lat' dir='ltr'>hoc</span> <span class='ocrx_word' id='word_1_160' title='bbox 1146 2377 1251 2459; x_wconf 89' lang='lat' dir='ltr'>ipsum</span> <span class='ocrx_word' id='word_1_161' title='bbox 1279 2375 1353 2439; x_wconf 92' lang='lat' dir='ltr'>diri·</span> 
     </span>
     <span class='ocr_line' id='line_1_20' title="bbox 80 2476 1461 2566; baseline 0 -26"><span class='ocrx_word' id='word_1_162' title='bbox 80 2480 197 2561; x_wconf 82' lang='lat' dir='ltr'>gentes</span> <span class='ocrx_word' id='word_1_163' title='bbox 220 2476 356 2542; x_wconf 85' lang='lat' dir='ltr'>Gratum</span> <span class='ocrx_word' id='word_1_164' title='bbox 377 2478 480 2542; x_wconf 80' lang='lat' dir='ltr'>rirum</span> <span class='ocrx_word' id='word_1_165' title='bbox 503 2478 704 2566; x_wconf 72' lang='lat' dir='ltr'>subfimemt)</span> <span class='ocrx_word' id='word_1_166' title='bbox 727 2479 918 2563; x_wconf 81' lang='lat' dir='ltr'>magistrum</span> <span class='ocrx_word' id='word_1_167' title='bbox 940 2478 1067 2560; x_wconf 90' lang='lat' dir='ltr'>scrinii,</span> <span class='ocrx_word' id='word_1_168' title='bbox 1095 2496 1157 2563; x_wconf 89' lang='lat' dir='ltr'>quo</span> <span class='ocrx_word' id='word_1_169' title='bbox 1179 2477 1353 2542; x_wconf 88' lang='lat' dir='ltr'>remedium</span> <span class='ocrx_word' id='word_1_170' title='bbox 1367 2499 1461 2565; x_wconf 76' lang='lat' dir='ltr'>epta.</span> 
     </span>
     <span class='ocr_line' id='line_1_21' title="bbox 79 2574 1354 2666; baseline 0.001 -24"><span class='ocrx_word' id='word_1_171' title='bbox 79 2579 212 2643; x_wconf 88' lang='lat' dir='ltr'>tandem</span> <span class='ocrx_word' id='word_1_172' title='bbox 227 2580 407 2664; x_wconf 86' lang='lat' dir='ltr'>reperiatur</span> <span class='ocrx_word' id='word_1_173' title='bbox 422 2580 587 2645; x_wconf 89' lang='lat' dir='ltr'>discordiis</span> <span class='ocrx_word' id='word_1_174' title='bbox 602 2582 691 2645; x_wconf 88' lang='lat' dir='ltr'>varia</span> <span class='ocrx_word' id='word_1_175' title='bbox 707 2582 909 2664; x_wconf 85' lang='lat' dir='ltr'>certantium,</span> <span class='ocrx_word' id='word_1_176' title='bbox 927 2574 1012 2645; x_wconf 83' lang='lat' dir='ltr'>nunc</span> <span class='ocrx_word' id='word_1_177' title='bbox 1027 2582 1161 2666; x_wconf 70' lang='lat' dir='ltr'>prono⁵)</span> <span class='ocrx_word' id='word_1_178' title='bbox 1177 2579 1354 2664; x_wconf 90' lang='lat' dir='ltr'>libentique</span> 
     </span>
     <span class='ocr_line' id='line_1_22' title="bbox 79 2681 1354 2769; baseline 0 -24"><span class='ocrx_word' id='word_1_179' title='bbox 79 2681 292 2765; x_wconf 86' lang='lat' dir='ltr'>suscipientes</span> <span class='ocrx_word' id='word_1_180' title='bbox 316 2683 432 2748; x_wconf 86' lang='lat' dir='ltr'>affectu</span> <span class='ocrx_word' id='word_1_181' title='bbox 454 2684 538 2748; x_wconf 88' lang='lat' dir='ltr'>viros</span> <span class='ocrx_word' id='word_1_182' title='bbox 553 2683 854 2769; x_wconf 80' lang='lat' dir='ltr'>religiosissimos⁶),</span> <span class='ocrx_word' id='word_1_183' title='bbox 877 2705 955 2768; x_wconf 89' lang='lat' dir='ltr'>quos</span> <span class='ocrx_word' id='word_1_184' title='bbox 971 2685 1204 2748; x_wconf 87' lang='lat' dir='ltr'>interventores</span> <span class='ocrx_word' id='word_1_185' title='bbox 1219 2683 1354 2746; x_wconf 87' lang='lat' dir='ltr'>unitatis</span> 
     </span>
     <span class='ocr_line' id='line_1_23' title="bbox 80 2784 1354 2870; baseline 0.001 -24"><span class='ocrx_word' id='word_1_186' title='bbox 80 2784 222 2869; x_wconf 82' lang='lat' dir='ltr'>vestra⁷)</span> <span class='ocrx_word' id='word_1_187' title='bbox 245 2785 335 2849; x_wconf 89' lang='lat' dir='ltr'>sedes</span> <span class='ocrx_word' id='word_1_188' title='bbox 357 2785 534 2870; x_wconf 90' lang='lat' dir='ltr'>apostolica</span> <span class='ocrx_word' id='word_1_189' title='bbox 561 2785 695 2850; x_wconf 89' lang='lat' dir='ltr'>credidit</span> <span class='ocrx_word' id='word_1_190' title='bbox 722 2786 938 2850; x_wconf 89' lang='lat' dir='ltr'>destinandos.</span> <span class='ocrx_word' id='word_1_191' title='bbox 983 2785 1132 2850; x_wconf 88' lang='lat' dir='ltr'>Profecto</span> <span class='ocrx_word' id='word_1_192' title='bbox 1159 2786 1245 2850; x_wconf 88' lang='lat' dir='ltr'>enirn</span> <span class='ocrx_word' id='word_1_193' title='bbox 1273 2791 1354 2848; x_wconf 92' lang='lat' dir='ltr'>tam·</span> 
     </span>
     <span class='ocr_line' id='line_1_24' title="bbox 78 2886 1353 2971; baseline 0 -23"><span class='ocrx_word' id='word_1_194' title='bbox 78 2907 177 2970; x_wconf 89' lang='lat' dir='ltr'>quam</span> <span class='ocrx_word' id='word_1_195' title='bbox 205 2886 308 2970; x_wconf 90' lang='lat' dir='ltr'>ipsam</span> <span class='ocrx_word' id='word_1_196' title='bbox 335 2909 448 2971; x_wconf 85' lang='lat' dir='ltr'>pacem</span> <span class='ocrx_word' id='word_1_197' title='bbox 476 2892 509 2951; x_wconf 89' lang='lat' dir='ltr'>et</span> <span class='ocrx_word' id='word_1_198' title='bbox 531 2888 683 2971; x_wconf 87' lang='lat' dir='ltr'>jucundis</span> <span class='ocrx_word' id='word_1_199' title='bbox 706 2910 759 2952; x_wconf 87' lang='lat' dir='ltr'>eos</span> <span class='ocrx_word' id='word_1_200' title='bbox 781 2888 880 2953; x_wconf 92' lang='lat' dir='ltr'>oculis</span> <span class='ocrx_word' id='word_1_201' title='bbox 903 2887 1121 2971; x_wconf 82' lang='lat' dir='ltr'>adspeximus,</span> <span class='ocrx_word' id='word_1_202' title='bbox 1153 2892 1186 2952; x_wconf 93' lang='lat' dir='ltr'>et</span> <span class='ocrx_word' id='word_1_203' title='bbox 1213 2887 1353 2951; x_wconf 86' lang='lat' dir='ltr'>extensis</span> 
     </span>
     <span class='ocr_line' id='line_1_25' title="bbox 77 2986 1353 3074; baseline 0 -24"><span class='ocrx_word' id='word_1_204' title='bbox 77 2986 230 3051; x_wconf 88' lang='lat' dir='ltr'>manibus</span> <span class='ocrx_word' id='word_1_205' title='bbox 253 2988 398 3053; x_wconf 82' lang='lat' dir='ltr'>duximus</span> <span class='ocrx_word' id='word_1_206' title='bbox 421 2989 670 3074; x_wconf 79' lang='lat' dir='ltr'>amplectendos,</span> <span class='ocrx_word' id='word_1_207' title='bbox 715 2989 919 3064; x_wconf 77' lang='lat' dir='ltr'>Quinetiam</span> <span class='ocrx_word' id='word_1_208' title='bbox 945 2991 1033 3053; x_wconf 92' lang='lat' dir='ltr'>omni</span> <span class='ocrx_word' id='word_1_209' title='bbox 1060 2990 1240 3054; x_wconf 89' lang='lat' dir='ltr'>intentione</span> <span class='ocrx_word' id='word_1_210' title='bbox 1272 2988 1353 3052; x_wconf 91' lang='lat' dir='ltr'>ordi-</span> 
     </span>
     <span class='ocr_line' id='line_1_26' title="bbox 77 3089 1353 3176; baseline -0.002 -20"><span class='ocrx_word' id='word_1_211' title='bbox 77 3089 245 3172; x_wconf 82' lang='lat' dir='ltr'>navimus,</span> <span class='ocrx_word' id='word_1_212' title='bbox 275 3093 311 3154; x_wconf 90' lang='lat' dir='ltr'>ut</span> <span class='ocrx_word' id='word_1_213' title='bbox 337 3091 529 3155; x_wconf 87' lang='lat' dir='ltr'>venerabilis</span> <span class='ocrx_word' id='word_1_214' title='bbox 552 3092 686 3156; x_wconf 88' lang='lat' dir='ltr'>ecclesia</span> <span class='ocrx_word' id='word_1_215' title='bbox 709 3090 1069 3176; x_wconf 80' lang='lat' dir='ltr'>Constantinopolitana</span> <span class='ocrx_word' id='word_1_216' title='bbox 1095 3113 1155 3155; x_wconf 87' lang='lat' dir='ltr'>nec</span> <span class='ocrx_word' id='word_1_217' title='bbox 1183 3113 1247 3155; x_wconf 94' lang='lat' dir='ltr'>non</span> <span class='ocrx_word' id='word_1_218' title='bbox 1271 3111 1353 3154; x_wconf 91' lang='lat' dir='ltr'>com·</span> 
     </span>
     <span class='ocr_line' id='line_1_27' title="bbox 77 3191 1352 3278; baseline 0 -23"><span class='ocrx_word' id='word_1_219' title='bbox 77 3191 190 3277; x_wconf 89' lang='lat' dir='ltr'>plures</span> <span class='ocrx_word' id='word_1_220' title='bbox 213 3192 295 3256; x_wconf 85' lang='lat' dir='ltr'>aliae</span> <span class='ocrx_word' id='word_1_221' title='bbox 317 3197 393 3257; x_wconf 85' lang='lat' dir='ltr'>rota</span> <span class='ocrx_word' id='word_1_222' title='bbox 414 3194 592 3278; x_wconf 89' lang='lat' dir='ltr'>suscipiant</span> <span class='ocrx_word' id='word_1_223' title='bbox 615 3197 720 3258; x_wconf 88' lang='lat' dir='ltr'>vestra</span> <span class='ocrx_word' id='word_1_224' title='bbox 739 3216 806 3259; x_wconf 92' lang='lat' dir='ltr'>non</span> <span class='ocrx_word' id='word_1_225' title='bbox 821 3193 923 3258; x_wconf 88' lang='lat' dir='ltr'>solum</span> <span class='ocrx_word' id='word_1_226' title='bbox 945 3194 979 3257; x_wconf 90' lang='lat' dir='ltr'>in</span> <span class='ocrx_word' id='word_1_227' title='bbox 996 3194 1121 3278; x_wconf 89' lang='lat' dir='ltr'>ceteris,</span> <span class='ocrx_word' id='word_1_228' title='bbox 1145 3193 1246 3258; x_wconf 89' lang='lat' dir='ltr'>sedin</span> <span class='ocrx_word' id='word_1_229' title='bbox 1265 3192 1352 3256; x_wconf 89' lang='lat' dir='ltr'>aufe·</span> 
     </span>
    </p>
   </div>
   <div class='ocr_carea' id='block_1_8' title="bbox 75 3463 1356 4988">
    <p class='ocr_par' dir='ltr' id='par_1_9' title="bbox 75 3463 1356 3706">
     <span class='ocr_line' id='line_1_28' title="bbox 150 3463 487 3534; baseline 0.012 -16"><span class='ocrx_word' id='word_1_230' title='bbox 150 3467 170 3534; x_wconf 91' lang='lat'>⁴)</span> <span class='ocrx_word' id='word_1_231' title='bbox 188 3463 238 3519; x_wconf 81' lang='lat' dir='ltr'>Ed.</span> <span class='ocrx_word' id='word_1_232' title='bbox 256 3485 306 3534; x_wconf 86' lang='lat' dir='ltr'>per</span> <span class='ocrx_word' id='word_1_233' title='bbox 322 3469 487 3522; x_wconf 65' lang='lat' dir='ltr'>serenabitur.</span> 
     </span>
     <span class='ocr_line' id='line_1_29' title="bbox 81 3549 1356 3621; baseline 0.001 -17"><span class='ocrx_word' id='word_1_234' title='bbox 81 3556 135 3605; x_wconf 80' lang='lat'>129</span> <span class='ocrx_word' id='word_1_235' title='bbox 173 3551 191 3617; x_wconf 84' lang='lat'>¹)</span> <span class='ocrx_word' id='word_1_236' title='bbox 209 3549 305 3605; x_wconf 68' lang='grc' dir='ltr'>ΗΙθΚ8</span> <span class='ocrx_word' id='word_1_237' title='bbox 322 3550 368 3604; x_wconf 78' lang='grc' dir='ltr'>Ι(11</span> <span class='ocrx_word' id='word_1_238' title='bbox 394 3553 573 3605; x_wconf 80' lang='lat' dir='ltr'>Sacratisar&#39;nro</span> <span class='ocrx_word' id='word_1_239' title='bbox 595 3563 621 3605; x_wconf 92' lang='lat' dir='ltr'>et</span> <span class='ocrx_word' id='word_1_240' title='bbox 643 3556 785 3606; x_wconf 80' lang='lat' dir='ltr'>beatissimo</span> <span class='ocrx_word' id='word_1_241' title='bbox 808 3557 1002 3621; x_wconf 75' lang='lat' dir='ltr'>archiepiscopo</span> <span class='ocrx_word' id='word_1_242' title='bbox 1023 3559 1103 3606; x_wconf 86' lang='lat' dir='ltr'>almae</span> <span class='ocrx_word' id='word_1_243' title='bbox 1126 3556 1196 3605; x_wconf 84' lang='lat' dir='ltr'>artis</span> <span class='ocrx_word' id='word_1_244' title='bbox 1214 3555 1307 3605; x_wconf 83' lang='lat' dir='ltr'>Rornae</span> <span class='ocrx_word' id='word_1_245' title='bbox 1330 3562 1356 3605; x_wconf 90' lang='lat' dir='ltr'>et</span> 
     </span>
     <span class='ocr_line' id='line_1_30' title="bbox 75 3639 716 3706; baseline 0.003 -17"><span class='ocrx_word' id='word_1_246' title='bbox 75 3639 248 3706; x_wconf 76' lang='lat' dir='ltr'>patriarchae</span> <span class='ocrx_word' id='word_1_247' title='bbox 266 3640 422 3690; x_wconf 75' lang='lat' dir='ltr'>Hormisdou</span> <span class='ocrx_word' id='word_1_248' title='bbox 440 3641 580 3705; x_wconf 84' lang='lat' dir='ltr'>imperator</span> <span class='ocrx_word' id='word_1_249' title='bbox 596 3641 716 3691; x_wconf 77' lang='lat' dir='ltr'>tustinus.</span> 
     </span>
    </p>

    <p class='ocr_par' dir='ltr' id='par_1_10' title="bbox 150 3720 797 3789">
     <span class='ocr_line' id='line_1_31' title="bbox 150 3720 797 3789; baseline 0.008 -16"><span class='ocrx_word' id='word_1_250' title='bbox 150 3723 171 3789; x_wconf 84' lang='lat'>²)</span> <span class='ocrx_word' id='word_1_251' title='bbox 190 3721 234 3775; x_wconf 80' lang='lat' dir='ltr'>lta</span> <span class='ocrx_word' id='word_1_252' title='bbox 252 3735 347 3775; x_wconf 88' lang='lat' dir='ltr'>omnes</span> <span class='ocrx_word' id='word_1_253' title='bbox 365 3737 428 3775; x_wconf 86' lang='lat' dir='ltr'>mss.</span> <span class='ocrx_word' id='word_1_254' title='bbox 448 3720 515 3774; x_wconf 85' lang='lat' dir='ltr'>bec</span> <span class='ocrx_word' id='word_1_255' title='bbox 533 3741 620 3775; x_wconf 82' lang='lat' dir='ltr'>norrun</span> <span class='ocrx_word' id='word_1_256' title='bbox 638 3728 797 3778; x_wconf 69' lang='lat' dir='ltr'>intraturam.</span> 
     </span>
    </p>

    <p class='ocr_par' dir='ltr' id='par_1_11' title="bbox 77 3805 1354 4388">
     <span class='ocr_line' id='line_1_32' title="bbox 151 3805 1354 3877; baseline 0.002 -18"><span class='ocrx_word' id='word_1_257' title='bbox 151 3808 172 3874; x_wconf 76' lang='lat'>³)</span> <span class='ocrx_word' id='word_1_258' title='bbox 189 3805 222 3859; x_wconf 61' lang='grc' dir='ltr'>Ι(Ἱι</span> <span class='ocrx_word' id='word_1_259' title='bbox 241 3812 267 3860; x_wconf 86' lang='lat' dir='ltr'>ia</span> <span class='ocrx_word' id='word_1_260' title='bbox 290 3813 349 3870; x_wconf 79' lang='lat' dir='ltr'>noc,</span> <span class='ocrx_word' id='word_1_261' title='bbox 373 3824 406 3863; x_wconf 87' lang='lat' dir='ltr'>ao</span> <span class='ocrx_word' id='word_1_262' title='bbox 429 3806 529 3862; x_wconf 88' lang='lat' dir='ltr'>deinde</span> <span class='ocrx_word' id='word_1_263' title='bbox 551 3807 580 3861; x_wconf 90' lang='lat' dir='ltr'>in</span> <span class='ocrx_word' id='word_1_264' title='bbox 597 3808 797 3863; x_wconf 87' lang='lat' dir='ltr'>vetustioribus</span> <span class='ocrx_word' id='word_1_265' title='bbox 818 3812 902 3877; x_wconf 79' lang='lat' dir='ltr'>ipsud.</span> <span class='ocrx_word' id='word_1_266' title='bbox 938 3806 1075 3862; x_wconf 88' lang='lat' dir='ltr'>Nimirum</span> <span class='ocrx_word' id='word_1_267' title='bbox 1094 3810 1125 3861; x_wconf 89' lang='lat' dir='ltr'>ut</span> <span class='ocrx_word' id='word_1_268' title='bbox 1141 3806 1170 3861; x_wconf 92' lang='lat' dir='ltr'>in</span> <span class='ocrx_word' id='word_1_269' title='bbox 1189 3807 1250 3861; x_wconf 89' lang='lat' dir='ltr'>aliis</span> <span class='ocrx_word' id='word_1_270' title='bbox 1267 3806 1354 3861; x_wconf 87' lang='lat' dir='ltr'>etiam</span> 
     </span>
     <span class='ocr_line' id='line_1_33' title="bbox 77 3891 1353 3963; baseline -0.002 -15"><span class='ocrx_word' id='word_1_271' title='bbox 77 3892 224 3948; x_wconf 80' lang='lat' dir='ltr'>veteribus</span> <span class='ocrx_word' id='word_1_272' title='bbox 241 3891 418 3947; x_wconf 87' lang='lat' dir='ltr'>monimentis</span> <span class='ocrx_word' id='word_1_273' title='bbox 437 3892 620 3963; x_wconf 79' lang='lat' dir='ltr'>deprehendi,</span> <span class='ocrx_word' id='word_1_274' title='bbox 639 3892 760 3962; x_wconf 88' lang='lat' dir='ltr'>antiquis</span> <span class='ocrx_word' id='word_1_275' title='bbox 777 3892 910 3947; x_wconf 86' lang='lat' dir='ltr'>usitatum</span> <span class='ocrx_word' id='word_1_276' title='bbox 929 3894 990 3947; x_wconf 91' lang='lat' dir='ltr'>erat</span> <span class='ocrx_word' id='word_1_277' title='bbox 1008 3899 1096 3959; x_wconf 65' lang='lat' dir='ltr'>opaca,</span> <span class='ocrx_word' id='word_1_278' title='bbox 1115 3893 1255 3960; x_wconf 90' lang='lat' dir='ltr'>quomodo</span> <span class='ocrx_word' id='word_1_279' title='bbox 1268 3893 1353 3947; x_wconf 88' lang='lat' dir='ltr'>etiam</span> 
     </span>
     <span class='ocr_line' id='line_1_34' title="bbox 78 3977 1354 4033; baseline -0.002 0"><span class='ocrx_word' id='word_1_280' title='bbox 78 3995 155 4033; x_wconf 91' lang='lat' dir='ltr'>nunc</span> <span class='ocrx_word' id='word_1_281' title='bbox 172 3977 252 4033; x_wconf 90' lang='lat' dir='ltr'>nobis</span> <span class='ocrx_word' id='word_1_282' title='bbox 276 3984 337 4031; x_wconf 79' lang='lat' dir='ltr'>titud</span> <span class='ocrx_word' id='word_1_283' title='bbox 354 3979 383 4032; x_wconf 92' lang='lat' dir='ltr'>et</span> <span class='ocrx_word' id='word_1_284' title='bbox 404 3985 473 4032; x_wconf 83' lang='lat' dir='ltr'>istud</span> <span class='ocrx_word' id='word_1_285' title='bbox 494 3978 522 4031; x_wconf 89' lang='lat' dir='ltr'>in</span> <span class='ocrx_word' id='word_1_286' title='bbox 545 3997 596 4033; x_wconf 88' lang='lat' dir='ltr'>usu</span> <span class='ocrx_word' id='word_1_287' title='bbox 614 3980 664 4033; x_wconf 86' lang='lat' dir='ltr'>est.</span> <span class='ocrx_word' id='word_1_288' title='bbox 701 3977 804 4032; x_wconf 90' lang='lat' dir='ltr'>Justini</span> <span class='ocrx_word' id='word_1_289' title='bbox 826 3981 950 4032; x_wconf 89' lang='lat' dir='ltr'>mentem</span> <span class='ocrx_word' id='word_1_290' title='bbox 972 3995 1027 4032; x_wconf 92' lang='lat' dir='ltr'>non</span> <span class='ocrx_word' id='word_1_291' title='bbox 1050 3982 1194 4032; x_wconf 87' lang='lat' dir='ltr'>assecutus</span> <span class='ocrx_word' id='word_1_292' title='bbox 1211 3978 1354 4032; x_wconf 85' lang='lat' dir='ltr'>Romanus</span> 
     </span>
     <span class='ocr_line' id='line_1_35' title="bbox 79 4062 1352 4133; baseline -0.002 -15"><span class='ocrx_word' id='word_1_293' title='bbox 79 4063 220 4118; x_wconf 83' lang='lat' dir='ltr'>aditoria</span> <span class='ocrx_word' id='word_1_294' title='bbox 239 4063 372 4133; x_wconf 86' lang='lat' dir='ltr'>epistolae</span> <span class='ocrx_word' id='word_1_295' title='bbox 392 4080 500 4117; x_wconf 88' lang='lat' dir='ltr'>summa</span> <span class='ocrx_word' id='word_1_296' title='bbox 518 4062 556 4117; x_wconf 89' lang='lat' dir='ltr'>sic</span> <span class='ocrx_word' id='word_1_297' title='bbox 579 4063 670 4118; x_wconf 90' lang='lat' dir='ltr'>locum</span> <span class='ocrx_word' id='word_1_298' title='bbox 688 4063 761 4118; x_wconf 90' lang='lat' dir='ltr'>hunc</span> <span class='ocrx_word' id='word_1_299' title='bbox 779 4062 912 4117; x_wconf 87' lang='lat' dir='ltr'>reddidit:</span> <span class='ocrx_word' id='word_1_300' title='bbox 939 4067 1041 4117; x_wconf 81' lang='lat' dir='ltr'>Gratum</span> <span class='ocrx_word' id='word_1_301' title='bbox 1059 4069 1095 4116; x_wconf 79' lang='lat' dir='ltr'>aa</span> <span class='ocrx_word' id='word_1_302' title='bbox 1110 4069 1252 4130; x_wconf 74' lang='lat' dir='ltr'>pontificem</span> <span class='ocrx_word' id='word_1_303' title='bbox 1271 4069 1352 4124; x_wconf 65' lang='lat' dir='ltr'>intorte,</span> 
     </span>
     <span class='ocr_line' id='line_1_36' title="bbox 79 4146 1353 4218; baseline -0.003 -15"><span class='ocrx_word' id='word_1_304' title='bbox 79 4165 172 4216; x_wconf 89' lang='lat' dir='ltr'>eaque</span> <span class='ocrx_word' id='word_1_305' title='bbox 193 4165 301 4203; x_wconf 86' lang='lat' dir='ltr'>summa</span> <span class='ocrx_word' id='word_1_306' title='bbox 323 4148 454 4218; x_wconf 89' lang='lat' dir='ltr'>deinceps</span> <span class='ocrx_word' id='word_1_307' title='bbox 477 4148 606 4203; x_wconf 87' lang='lat' dir='ltr'>obtinuit.</span> <span class='ocrx_word' id='word_1_308' title='bbox 646 4148 717 4202; x_wconf 91' lang='lat' dir='ltr'>Hinc</span> <span class='ocrx_word' id='word_1_309' title='bbox 739 4149 873 4218; x_wconf 90' lang='lat' dir='ltr'>deceptus</span> <span class='ocrx_word' id='word_1_310' title='bbox 892 4148 1033 4202; x_wconf 86' lang='lat' dir='ltr'>annalium</span> <span class='ocrx_word' id='word_1_311' title='bbox 1056 4163 1157 4216; x_wconf 88' lang='lat' dir='ltr'>parans</span> <span class='ocrx_word' id='word_1_312' title='bbox 1178 4146 1353 4210; x_wconf 82' lang='lat' dir='ltr'>existimavit,</span> 
     </span>
     <span class='ocr_line' id='line_1_37' title="bbox 78 4230 1353 4303; baseline -0.002 -16"><span class='ocrx_word' id='word_1_313' title='bbox 78 4250 185 4288; x_wconf 81' lang='lat' dir='ltr'>novam</span> <span class='ocrx_word' id='word_1_314' title='bbox 203 4233 282 4289; x_wconf 86' lang='lat' dir='ltr'>Grati</span> <span class='ocrx_word' id='word_1_315' title='bbox 299 4233 469 4302; x_wconf 81' lang='lat' dir='ltr'>legationem</span> <span class='ocrx_word' id='word_1_316' title='bbox 487 4233 532 4288; x_wconf 92' lang='lat' dir='ltr'>hic</span> <span class='ocrx_word' id='word_1_317' title='bbox 550 4232 749 4301; x_wconf 84' lang='lat' dir='ltr'>commendari,</span> <span class='ocrx_word' id='word_1_318' title='bbox 771 4251 856 4303; x_wconf 88' lang='lat' dir='ltr'>quum</span> <span class='ocrx_word' id='word_1_319' title='bbox 873 4235 984 4287; x_wconf 86' lang='lat' dir='ltr'>tantum</span> <span class='ocrx_word' id='word_1_320' title='bbox 1000 4232 1130 4302; x_wconf 85' lang='lat' dir='ltr'>pristina,</span> <span class='ocrx_word' id='word_1_321' title='bbox 1149 4249 1233 4301; x_wconf 89' lang='lat' dir='ltr'>quam</span> <span class='ocrx_word' id='word_1_322' title='bbox 1253 4238 1266 4286; x_wconf 79' lang='lat' dir='ltr'>i</span> <span class='ocrx_word' id='word_1_323' title='bbox 1286 4230 1353 4300; x_wconf 85' lang='lat' dir='ltr'>Sep·</span> 
     </span>
     <span class='ocr_line' id='line_1_38' title="bbox 78 4317 1264 4388; baseline -0.003 -15"><span class='ocrx_word' id='word_1_324' title='bbox 78 4317 199 4375; x_wconf 89' lang='lat' dir='ltr'>tembris</span> <span class='ocrx_word' id='word_1_325' title='bbox 217 4319 261 4373; x_wconf 91' lang='lat' dir='ltr'>die</span> <span class='ocrx_word' id='word_1_326' title='bbox 279 4317 345 4373; x_wconf 87' lang='lat' dir='ltr'>anni</span> <span class='ocrx_word' id='word_1_327' title='bbox 362 4323 424 4385; x_wconf 74' lang='lat'>518,</span> <span class='ocrx_word' id='word_1_328' title='bbox 444 4320 474 4372; x_wconf 93' lang='lat' dir='ltr'>ut</span> <span class='ocrx_word' id='word_1_329' title='bbox 490 4318 609 4372; x_wconf 83' lang='lat' dir='ltr'>vidimus</span> <span class='ocrx_word' id='word_1_330' title='bbox 627 4320 706 4388; x_wconf 90' lang='lat' dir='ltr'>epist.</span> <span class='ocrx_word' id='word_1_331' title='bbox 726 4325 759 4373; x_wconf 79' lang='lat' dir='ltr'>ta</span> <span class='ocrx_word' id='word_1_332' title='bbox 778 4323 807 4373; x_wconf 87' lang='lat' dir='ltr'>st</span> <span class='ocrx_word' id='word_1_333' title='bbox 825 4334 916 4388; x_wconf 88' lang='lat' dir='ltr'>seqq.,</span> <span class='ocrx_word' id='word_1_334' title='bbox 935 4317 1068 4387; x_wconf 86' lang='lat' dir='ltr'>suscepit,</span> <span class='ocrx_word' id='word_1_335' title='bbox 1087 4320 1264 4372; x_wconf 89' lang='lat' dir='ltr'>memoretur.</span> 
     </span>
    </p>

    <p class='ocr_par' dir='ltr' id='par_1_12' title="bbox 80 4402 1353 4559">
     <span class='ocr_line' id='line_1_39' title="bbox 150 4402 1353 4473; baseline -0.002 -15"><span class='ocrx_word' id='word_1_336' title='bbox 150 4406 171 4473; x_wconf 92' lang='lat'>⁴)</span> <span class='ocrx_word' id='word_1_337' title='bbox 189 4404 238 4458; x_wconf 82' lang='grc' dir='ltr'>ΗΙο</span> <span class='ocrx_word' id='word_1_338' title='bbox 256 4408 464 4472; x_wconf 78' lang='lat' dir='ltr'>exspectabilem,</span> <span class='ocrx_word' id='word_1_339' title='bbox 482 4404 520 4458; x_wconf 73' lang='lat' dir='ltr'>H,</span> <span class='ocrx_word' id='word_1_340' title='bbox 532 4425 568 4462; x_wconf 89' lang='lat' dir='ltr'>oc.</span> <span class='ocrx_word' id='word_1_341' title='bbox 597 4403 662 4458; x_wconf 83' lang='lat' dir='ltr'>Mox</span> <span class='ocrx_word' id='word_1_342' title='bbox 681 4406 707 4458; x_wconf 85' lang='lat' dir='ltr'>u¹</span> <span class='ocrx_word' id='word_1_343' title='bbox 726 4421 783 4473; x_wconf 81' lang='lat' dir='ltr'>seq.</span> <span class='ocrx_word' id='word_1_344' title='bbox 802 4411 981 4465; x_wconf 74' lang='lat' dir='ltr'>cunctantium,</span> <span class='ocrx_word' id='word_1_345' title='bbox 1000 4402 1050 4458; x_wconf 86' lang='lat' dir='ltr'>ubi</span> <span class='ocrx_word' id='word_1_346' title='bbox 1062 4407 1085 4458; x_wconf 72' lang='grc' dir='ltr'>θ’</span> <span class='ocrx_word' id='word_1_347' title='bbox 1100 4407 1125 4457; x_wconf 77' lang='lat'>0²</span> <span class='ocrx_word' id='word_1_348' title='bbox 1139 4420 1201 4458; x_wconf 86' lang='lat' dir='ltr'>cum</span> <span class='ocrx_word' id='word_1_349' title='bbox 1217 4420 1282 4457; x_wconf 89' lang='lat' dir='ltr'>mss.</span> <span class='ocrx_word' id='word_1_350' title='bbox 1296 4422 1353 4457; x_wconf 87' lang='lat' dir='ltr'>cer·</span> 
     </span>
     <span class='ocr_line' id='line_1_40' title="bbox 80 4483 406 4559; baseline -0.003 -15"><span class='ocrx_word' id='word_1_351' title='bbox 80 4495 188 4544; x_wconf 82' lang='lat' dir='ltr'>tantiam</span> <span class='ocrx_word' id='word_1_352' title='bbox 205 4489 250 4557; x_wconf 61' lang='grc' dir='ltr'>(θ’</span> <span class='ocrx_word' id='word_1_353' title='bbox 269 4483 406 4559; x_wconf 81' lang='lat' dir='ltr'>c’tantr‘ura).</span> 
     </span>
    </p>

    <p class='ocr_par' dir='ltr' id='par_1_13' title="bbox 152 4573 329 4643">
     <span class='ocr_line' id='line_1_41' title="bbox 152 4573 329 4643; baseline 0.011 -16"><span class='ocrx_word' id='word_1_354' title='bbox 152 4577 171 4642; x_wconf 69' lang='grc' dir='ltr'>Β)</span> <span class='ocrx_word' id='word_1_355' title='bbox 190 4573 227 4627; x_wconf 66' lang='grc' dir='ltr'>Ηβ</span> <span class='ocrx_word' id='word_1_356' title='bbox 242 4582 329 4643; x_wconf 84' lang='lat' dir='ltr'>proni.</span> 
     </span>
    </p>

    <p class='ocr_par' dir='ltr' id='par_1_14' title="bbox 78 4659 1354 4901">
     <span class='ocr_line' id='line_1_42' title="bbox 151 4659 1354 4730; baseline 0.002 -17"><span class='ocrx_word' id='word_1_357' title='bbox 151 4662 172 4727; x_wconf 83' lang='lat'>⁶)</span> <span class='ocrx_word' id='word_1_358' title='bbox 191 4659 361 4714; x_wconf 88' lang='lat' dir='ltr'>Germanum</span> <span class='ocrx_word' id='word_1_359' title='bbox 378 4659 508 4715; x_wconf 86' lang='lat' dir='ltr'>videlicet</span> <span class='ocrx_word' id='word_1_360' title='bbox 526 4678 559 4715; x_wconf 92' lang='lat' dir='ltr'>ac</span> <span class='ocrx_word' id='word_1_361' title='bbox 575 4660 677 4726; x_wconf 89' lang='lat' dir='ltr'>socios,</span> <span class='ocrx_word' id='word_1_362' title='bbox 696 4660 744 4729; x_wconf 89' lang='lat' dir='ltr'>qui</span> <span class='ocrx_word' id='word_1_363' title='bbox 756 4679 829 4717; x_wconf 88' lang='lat' dir='ltr'>anno</span> <span class='ocrx_word' id='word_1_364' title='bbox 843 4667 892 4716; x_wconf 82' lang='lat'>519</span> <span class='ocrx_word' id='word_1_365' title='bbox 904 4660 1017 4717; x_wconf 87' lang='lat' dir='ltr'>ineunte</span> <span class='ocrx_word' id='word_1_366' title='bbox 1029 4661 1120 4715; x_wconf 82' lang='lat' dir='ltr'>Roma</span> <span class='ocrx_word' id='word_1_367' title='bbox 1137 4659 1264 4730; x_wconf 82' lang='lat' dir='ltr'>proiecti,</span> <span class='ocrx_word' id='word_1_368' title='bbox 1283 4659 1354 4715; x_wconf 80' lang='lat' dir='ltr'>feria</span> 
     </span>
     <span class='ocr_line' id='line_1_43' title="bbox 78 4744 1353 4816; baseline -0.001 -17"><span class='ocrx_word' id='word_1_369' title='bbox 78 4745 106 4799; x_wconf 92' lang='lat' dir='ltr'>II</span> <span class='ocrx_word' id='word_1_370' title='bbox 126 4744 241 4814; x_wconf 89' lang='lat' dir='ltr'>majoris</span> <span class='ocrx_word' id='word_1_371' title='bbox 259 4744 453 4800; x_wconf 88' lang='lat' dir='ltr'>hebdomadae</span> <span class='ocrx_word' id='word_1_372' title='bbox 472 4745 740 4816; x_wconf 87' lang='lat' dir='ltr'>Constantinopolim</span> <span class='ocrx_word' id='word_1_373' title='bbox 751 4747 957 4816; x_wconf 88' lang='lat' dir='ltr'>pervenientes,</span> <span class='ocrx_word' id='word_1_374' title='bbox 972 4764 1027 4816; x_wconf 90' lang='lat' dir='ltr'>quo</span> <span class='ocrx_word' id='word_1_375' title='bbox 1040 4746 1143 4801; x_wconf 84' lang='lat' dir='ltr'>affectu</span> <span class='ocrx_word' id='word_1_376' title='bbox 1155 4744 1277 4815; x_wconf 88' lang='lat' dir='ltr'>suscepti</span> <span class='ocrx_word' id='word_1_377' title='bbox 1290 4745 1353 4812; x_wconf 89' lang='lat' dir='ltr'>sint,</span> 
     </span>
     <span class='ocr_line' id='line_1_44' title="bbox 80 4830 1116 4901; baseline -0.002 -15"><span class='ocrx_word' id='word_1_378' title='bbox 80 4830 163 4901; x_wconf 86' lang='lat' dir='ltr'>epist.</span> <span class='ocrx_word' id='word_1_379' title='bbox 183 4836 216 4884; x_wconf 86' lang='grc'>64</span> <span class='ocrx_word' id='word_1_380' title='bbox 232 4830 286 4900; x_wconf 89' lang='lat' dir='ltr'>ipsi</span> <span class='ocrx_word' id='word_1_381' title='bbox 303 4831 427 4885; x_wconf 86' lang='lat' dir='ltr'>narrant.</span> <span class='ocrx_word' id='word_1_382' title='bbox 1104 4848 1116 4878; x_wconf 68' lang='grc' dir='ltr'><strong>ο</strong></span> 
     </span>
    </p>

    <p class='ocr_par' dir='ltr' id='par_1_15' title="bbox 150 4916 1006 4988">
     <span class='ocr_line' id='line_1_45' title="bbox 150 4916 1006 4988; baseline 0.001 -18"><span class='ocrx_word' id='word_1_383' title='bbox 150 4920 172 4987; x_wconf 76' lang='lat'>⁷)</span> <span class='ocrx_word' id='word_1_384' title='bbox 190 4916 227 4970; x_wconf 69' lang='lat' dir='ltr'>Ha</span> <span class='ocrx_word' id='word_1_385' title='bbox 245 4928 346 4971; x_wconf 83' lang='lat' dir='ltr'>uestrae</span> <span class='ocrx_word' id='word_1_386' title='bbox 363 4922 433 4972; x_wconf 85' lang='lat' dir='ltr'>sedis</span> <span class='ocrx_word' id='word_1_387' title='bbox 450 4924 608 4986; x_wconf 82' lang='lat' dir='ltr'>apostaticae</span> <span class='ocrx_word' id='word_1_388' title='bbox 625 4925 698 4974; x_wconf 83' lang='lat' dir='ltr'>credi</span> <span class='ocrx_word' id='word_1_389' title='bbox 769 4925 890 4988; x_wconf 77' lang='lat' dir='ltr'>Profecto</span> <span class='ocrx_word' id='word_1_390' title='bbox 909 4926 1006 4974; x_wconf 81' lang='lat' dir='ltr'>etenira.</span> 
     </span>
    </p>
   </div>
   <div class='ocr_carea' id='block_1_9' title="bbox 0 0 1606 5506">
    <p class='ocr_par' dir='ltr' id='par_1_16' title="bbox 0 0 1606 5506">
     <span class='ocr_line' id='line_1_46' title="bbox 0 0 1606 5506; baseline 0 0"><span class='ocrx_word' id='word_1_391' title='bbox 0 0 1606 5506; x_wconf 95' lang='lat' dir='ltr'> </span> 
     </span>
    </p>
   </div>
  </div>
 </body>
</html>
