3204 5506
512 346 681 394 arrsroaa
707 336 755 394 15.
1206 329 1268 396 727

100 502 117 565 l.
153 499 328 565 Hortamur
350 500 473 585 itaque,
496 503 534 563 ut
555 521 612 584 pro
635 501 810 566 catholicae
832 486 998 586 religionis
1020 502 1141 567 intuitu
1163 506 1196 568 et
1217 515 1372 569 eontra.

100 624 167 667 rum
189 624 268 687 pace
291 602 370 666 haee
393 602 533 666 universi
555 603 640 666 fideli
663 624 700 667 ac
715 602 830 668 devota
847 608 956 669 mente
972 605 1170 669 custodiant:
1193 606 1268 690 quia

100 709 137 770 et
158 706 289 769 dubium
310 705 581 789 praevaricatores
609 705 898 791 interdictorum¹⁸)
926 705 1039 771 talium
1057 708 1152 791 juxta
1174 729 1267 773 vene-

100 830 115 872 s
139 830 277 872 canones
300 807 448 893 propriae
464 807 695 871 communionis
718 808 824 871 subire
842 808 1014 891 jacturam.
1051 809 1143 874 Haec
1157 813 1267 875 tamen

100 910 203 974 mium
225 911 444 995 episcoporum
466 909 610 973 volumus
638 908 773 993 perferri
800 910 960 974 notitiam.
1005 911 1092 975 Deus
1120 914 1153 976 te
1179 911 1267 977 iuco-

100 1035 115 1075 c
132 1012 300 1095 custodiat,
322 1012 424 1076 frater
439 1011 616 1076 carissime!
651 1011 736 1075 Data
752 1010 833 1076 VIII
847 1010 922 1076 Idus
936 1011 1138 1098 Novembris,
1162 1012 1266 1078 Probo

100 1113 268 1178 :larissimo
291 1113 430 1179 consule.
1126 1133 1129 1139 ·

100 1227 113 1280 Ι.
152 1215 288 1282 Caritati
298 1216 336 1302 19)
358 1219 433 1280 tuae
455 1215 678 1280 tantummodo
698 1237 757 1300 per
778 1236 889 1280 omnes
910 1215 1094 1282 Gallicanas
1117 1217 1265 1302 regiones

99 1317 109 1382 i
130 1317 229 1403 pallio
252 1318 465 1382 concessimus
487 1317 686 1381 facultatem.

103 1421 134 1484 0.
172 1419 398 1504 exemplunm)
420 1423 522 1484 libelli
536 1424 567 1486 P.
611 1419 701 1484 Sicut
723 1441 742 1482 a
764 1441 901 1503 persona
918 1421 1004 1484 beati
1019 1420 1107 1485 Petri
1130 1422 1265 1506 apostoli

100 1525 200 1606 ipatus
223 1522 406 1608 sumpsitil)
425 1522 574 1604 initium,
604 1522 651 1585 ita
673 1543 802 1585 necesse
825 1514 895 1606 est.
920 1527 957 1587 ut
979 1522 1159 1608 disciplinis
1182 1545 1264 1588 com·

100 1624 182 1688 tibus
204 1625 361 1688 sanctitas
382 1628 489 1688 vestra
512 1623 649 1708 singulis
672 1623 814 1688 ecclesiis
837 1624 912 1708 quid
935 1625 1104 1689 observare
1127 1625 1265 1689 debeant

100 1729 162 1790 ster
182 1726 340 1790 ostendat.
384 1725 424 1789 ln
447 1725 553 1790 Gallia
575 1725 731 1810 siquidem
753 1726 919 1809 provincia
947 1726 987 1790 ab
1014 1726 1171 1811 aliquibus
1194 1749 1264 1812 per-

108 1828 323 1892 eoclesiastiea
346 1827 476 1911 praedia
499 1827 631 1891 diversis
653 1826 756 1891 titulis
779 1813 972 1892 alienantur.
1010 1828 1062 1892 Ita
1076 1828 1129 1912 fit,
1153 1831 1190 1892 ut
1206 1851 1264 1913 pro

101 1930 146 1994 uis
169 1929 301 1993 arbitrio
323 1930 437 1994 devota
464 1933 571 1993 mente
598 1929 846 2012 relinquentium
878 1932 911 1993 ct
939 1931 1103 2015 egentium
1126 1931 1264 1994 necessi-

100 2054 118 2095 ls
146 2032 315 2115 deputatas
343 2031 514 2095 imminuat
542 2031 721 2096 facultates.
777 2031 847 2096 Hoc
879 2031 1092 2115 postulamus,
1127 2035 1163 2096 ut
1194 2032 1262 2096 fieri

100 2134 165 2197 teat
187 2133 426 2219 apostolicaen)
449 2133 532 2196 sedis
555 2134 740 2216 auctoritas,
764 2134 825 2198 nisi
841 2133 977 2197 forsitan
996 2133 1117 2219 aliquid
1131 2133 1263 2219 pietatis
1320 2204 1324 2221 .

100 2259 118 2299 u
138 2236 340 2299 monasteriis
360 2235 460 2298 fuerit
480 2235 693 2319 largiendum.

106 2339 132 2400 1.
169 2337 253 2402 lllud
276 2338 374 2401 etiam
396 2338 467 2420 pari
489 2337 723 2420 supplicatione
746 2337 962 2421 deposcimus,
986 2339 1022 2400 ut
1037 2337 1075 2401 de
1089 2336 1174 2400 laica
1189 2358 1262 2401 oon-

100 2440 185 2522 ione,
209 2439 320 2524 quiin
342 2439 479 2523 singulis
498 2439 643 2522 judicum
665 2439 780 2503 officiis
802 2439 978 2502 meruerint
1000 2442 1057 2503 aui
1074 2442 1160 2503 certe
1175 2461 1262 2503 rexe-

100 2542 144 2605 ub
166 2542 274 2627 aliqua
295 2545 456 2626 potestate
479 2541 675 2625 provincias,
700 2541 762 2604 nisi
784 2543 886 2605 multo
908 2544 984 2604 ante
1006 2543 1150 2625 tempore
1172 2563 1262 2626 prae-

117 2644 356 2708 conversatione
371 2644 564 2729 legitimaffl)
588 2647 621 2707 et
635 2643 701 2707 vlta
717 2643 910 2726 examinata,
934 2643 1041 2707 uullus
1058 2646 1114 2706 aut
1130 2644 1262 2708 clericus

100 2747 247 2831 piscopos
279 2746 453 2810 ordinetur.
498 2745 620 2811 Viduas
652 2746 749 2809 etiam
777 2746 847 2830 jam
880 2745 935 2809 diu
967 2745 1117 2831 religioso
1150 2745 1263 2811 habitu

100 2852 168 2933 pto,
193 2853 225 2913 et
247 2848 505 2912 sanctimoniales
527 2849 625 2933 longo
643 2851 713 2933 jam
734 2853 877 2932 tempore
904 2848 939 2912 in
961 2848 1165 2913 monasteriis
1189 2872 1262 2914 con·

100 2955 161 3040 tes,
190 2951 366 3035 poscimus,
400 2954 437 3014 ut
462 2951 633 3036 unicuique
663 2951 805 3035 conjugii
835 2972 931 3015 causa
952 2972 1013 3015 nec
1035 2951 1178 3015 volentes
1201 2951 1261 3016 sibi

100 3075 129 3117 re
151 3076 210 3117 nec
232 3053 351 3117 inritas
373 3053 519 3137 rapiendi
541 3053 643 3117 libera
665 3053 708 3117 sit
728 3052 877 3116 facultas.

101 3156 130 3219 2.
163 3154 247 3219 Illud
270 3156 368 3219 etiam
390 3154 502 3218 humili
525 3177 619 3238 prece
641 3154 854 3239 suggerimus,
878 3158 915 3218 ut
936 3153 1017 3217 nulli
1032 3176 1090 3238 per
1104 3155 1261 3220 ambitum

99 3258 277 3341 iseopatum
301 3257 493 3321 concedatur
516 3258 675 3338 accedere,
699 3278 759 3320 nec
774 3256 850 3319 (lata
871 3256 1008 3340 pecunia
1028 3256 1089 3320 sibi
1111 3261 1261 3341 potentes

100 3381 139 3422 res
162 3360 389 3444 suffragatores
412 3359 596 3422 adhibeant.
637 3358 682 3422 Et
703 3361 739 3422 nt
760 3358 840 3422 haec
862 3358 989 3422 facilius
1011 3359 1137 3441 possint
1158 3362 1260 3424 custo

100 3461 250 3547 clerici²⁴)
273 3461 323 3525 vel
346 3463 430 3525 cives
453 3461 616 3525 decretum
638 3461 745 3525 facere
767 3460 817 3524 vel
832 3460 1030 3524 subscribere
1053 3461 1122 3524 siue
1144 3465 1259 3526 metro·

100 3564 130 3626 ni
153 3563 269 3628 notitia
291 3563 341 3626 vel
365 3584 522 3628 consensu
545 3563 673 3646 penitus
696 3585 762 3626 non
784 3566 1002 3646 praesumant.
1040 3562 1130 3628 Haec
1152 3564 1260 3628 omnia

111 3801 145 3854 11³
162 3806 319 3856 indiciorum.
356 3800 462 3854 Deinde
479 3800 513 3853 L’
525 3800 558 3852 La
570 3800 602 3852 Iri
620 3800 645 3852 Il
665 3803 728 3852 Idus
748 3804 810 3853 Noe.

111 3887 144 3938 L²
156 3886 189 3938 L³
201 3886 232 3938 L⁴
251 3885 296 3939 hic
312 3886 510 3955 praemittunt:
534 3890 700 3938 Dilectissimo
716 3888 798 3950 fratri
809 3889 932 3938 Caesario
952 3888 1120 3953 Synanaclme,
1140 3886 1211 3940 unde
1230 3891 1260 3940 ut

100 3970 150 4024 rito
172 3971 285 4040 praevio
309 3971 427 4036 dictum,
456 3969 569 4023 Beronii
591 3984 676 4023 error.
714 3969 779 4021 Mox
796 3969 950 4022 L²L¹L¹b
968 3968 1058 4022 omitt.
1082 3978 1259 4027 tantummodo.

100 4057 155 4109 dus
173 4056 274 4122 autem,
293 4054 333 4109 uti
351 4055 476 4123 superius
496 4053 625 4121 diximus,
644 4054 735 4107 totam
752 4053 825 4107 hano
842 4052 1001 4121 formulam,
1026 4070 1081 4122 qua
1098 4054 1177 4124 pallii
1194 4073 1259 4110 usus

100 4140 123 4195 io
142 4140 310 4206 conceditur,
328 4139 526 4209 praetermisit.

111 4226 155 4280 lta
172 4226 213 4278 L'.
249 4226 286 4278 At
303 4224 381 4278 L⁸L⁴
400 4229 549 4292 Exemplum
567 4228 655 4290 libelli,
680 4224 713 4277 11²
732 4228 882 4292 Ecernplum
904 4227 981 4277 libelli
1003 4226 1151 4291 Symmacho
1172 4246 1258 4294 papae

100 4309 143 4364 cui
162 4315 187 4363 οῖ’
205 4310 285 4363 addit
302 4330 318 4362 a
338 4314 460 4363 Caesario
477 4316 619 4383 episcopo),

111 4396 155 4450 lta
173 4413 237 4448 nrss.
266 4395 304 4447 At
322 4393 413 4448 excusi
430 4399 511 4447 sarmit.
542 4393 612 4446 Hinc
630 4392 793 4462 perstringit
805 4393 956 4459 Caesarius,
975 4394 1048 4461 quod
1063 4393 1092 4447 in
1104 4395 1258 4449 innocentii

100 4487 138 4535 22
158 4487 212 4534 n.·2
231 4480 265 4533 dc
284 4478 411 4549 apostolo
427 4479 524 4533 eodem
537 4479 646 4547 legerat
658 4478 775 4532 fficium:
791 4499 841 4546 per
859 4499 930 4547 quem
947 4485 1105 4547 apostolatus
1123 4491 1148 4533 el
1160 4487 1257 4549 epieco-

100 4588 112 4619 e
131 4569 230 4620 Ctrielo
249 4570 332 4632 coepit
351 4571 492 4618 exordium.

110 4650 142 4703 L*
161 4655 315 4717 apostolica,
335 4664 453 4716 moxque
473 4667 534 4703 cum
552 4650 585 4702 L³
598 4654 723 4717 judiciam
794 4661 939 4703 areruemml
1009 4660 1142 4702 remorum.

110 4734 141 4788 Ῑι1
162 4735 225 4788 add.
245 4755 303 4788 ecce
322 4736 450 4802 (tortasse
469 4752 520 4803 pro
538 4755 573 4787 erc
590 4737 636 4801 sc).
673 4733 737 4787 Mox
755 4732 823 4787 editi
842 4739 922 4788 arillae
940 4739 1054 4788 clericus.

110 4821 144 4872 L³
161 4819 197 4873 ad
215 4837 302 4887 marg.
324 4821 415 4873 notat:
439 4824 593 4873 Eleclioncm
616 4826 670 4873 sine
692 4839 815 4872 corruerem
833 4825 1021 4888 melropollluni
1038 4840 1088 4874 non
1103 4824 1257 4887 faciendam.

100 4908 104 4940 ¹
125 4911 241 4959 ultionem
259 4909 287 4959 et
306 4923 367 4958 cum
385 4905 418 4957 L³
437 4926 501 4974 princ
520 4925 565 4958 nos
583 4917 644 4972 (pro
664 4905 808 4973 qrmlcaue).
