3224 5506
539 354 753 404 unnauunn
776 344 922 406 28-35.

544 509 825 614 Fragmentum
853 513 912 595 33.

12 648 52 697 3¹1.
192 650 235 699 De
253 651 379 705 elusone.
397 651 440 716 qai
454 651 578 714 pupillos,
598 665 660 716 qaas
677 653 771 701 tutelae
788 653 841 701 vice
859 662 1021 718 susceperat,
1040 657 1112 708 bonu
1128 661 1254 724 spoliavit.

246 764 433 830 Gelasius
455 764 676 830 Fortunato
698 765 899 851 episcopo.

168 883 398 969 irreligiosum
419 905 547 968 prorsus
570 886 603 948 et
625 885 818 949 exsecrabile
837 886 1029 973 judicamus,
1052 891 1080 955 si
1095 893 1261 978 quisquam
1277 897 1326 960 vel
1336 898 1361 984 ¹)

72 988 264 1051 extraneos
286 985 321 1051 in
343 986 392 1050 sui
413 985 550 1052 truitionc
572 990 735 1072 susceptos
763 1010 829 1052 mon
850 990 937 1054 omui
960 991 1021 1055 fide
1043 996 1077 1057 et
1098 997 1167 1059 tota
1190 997 1288 1061 animi
1312 999 1361 1063 sui

74 1089 277 1154 educaverit
298 1088 480 1154 sanctitate.
516 1089 565 1153 Ac
580 1112 676 1175 quum
691 1089 870 1174 Olympiae,
897 1092 1049 1158 diaconus
1071 1094 1252 1161 dilectionis
1274 1100 1359 1184 tuae,

75 1190 209 1256 Felicis
237 1194 271 1256 et
297 1189 438 1275 Olympii
464 1193 657 1276 suggeratur
685 1192 877 1276 avunculus,
916 1216 1029 1279 eosque
1063 1197 1211 1280 parvulos
1240 1202 1360 1266 tutelae

75 1292 194 1377 ἧσθ’)
219 1292 394 1377 susceperit
415 1291 613 1376 nntriendos,
640 1292 725 1357 ultra
747 1293 951 1359 latrocinium
974 1317 1042 1361 esse
1060 1298 1252 1385 judicamus,
1276 1303 1360 1386 quod

77 1417 141 1459 eos
171 1394 390 1481 bonusculis³)
419 1396 606 1478 parentum,
638 1395 721 1459 sicut
748 1400 912 1480 mereunt,
947 1398 1077 1483 reliquii
1103 1405 1259 1487 extorres,
1295 1405 1360 1469 alia

79 1499 206 1563 contra
229 1496 316 1582 leges
338 1498 372 1562 et
387 1497 463 1580 jura
484 1497 660 1561 vendendo.

542 1650 823 1755 Fragmentum
850 1651 909 1736 34.

16 1795 64 1845 el.
251 1790 301 1842 lies
317 1806 459 1856 pauperum
475 1789 596 1840 leunculi
612 1789 702 1841 nobilis
719 1790 817 1841 audito
834 1795 859 1840 el
877 1791 1022 1853 defensioni
1037 1798 1200 1847 commendat.

245 1905 432 1971 Gelasius
453 1904 659 1971 ianuario.

172 2025 238 2090 Sed
261 2047 382 2108 causas,
406 2025 520 2111 quibus
542 2024 698 2090 beneficia
719 2025 805 2090 beati
821 2024 907 2090 Petri
925 2028 1060 2111 apostoli
1084 2030 1272 2095 continuata
1289 2053 1357 2116 per-

79 2127 247 2213 cupius¹)‚
276 2128 412 2192 fidenter
433 2127 579 2213 injunge.
624 2127 771 2191 Praestet
797 2127 898 2211 igitur
919 2131 975 2191 tus
997 2129 1166 2213 nobilitas,
1200 2135 1236 2195 ut
1264 2133 1358 2198 rebus

78 2251 266 2314 pauperum
297 2229 365 2312 ejus
392 2228 545 2293 auxilium
575 2228 854 2312 defensionemque
885 2231 1054 2315 concedat,
1089 2236 1121 2296 et
1150 2233 1358 2299 conductores

78 2353 197 2395 earum
220 2331 275 2415 pio
296 2330 405 2395 favore
427 2333 570 2395 tueatur:
603 2334 640 2394 ut
661 2329 914 2394 vicissitudinem
936 2333 1161 2417 praestitorum
1183 2334 1225 2398 ab
1247 2335 1358 2401 eodem

77 2432 248 2520 percipiat
264 2435 521 2517 consequentem,
545 2432 634 2516 eujus
649 2431 772 2497 meritis
793 2437 826 2496 ei
841 2434 952 2498 honori
970 2435 1100 2499 devotus
1116 2436 1178 2500 isia
1194 2436 1355 2520 dependit.

539 2585 820 2688 Fragmentum
847 2586 906 2669 35.

17 2732 63 2782 67,
128 2729 172 2779 De
190 2727 318 2778 reslilalis
335 2725 457 2776 eeclesiae
475 2723 604 2775 Rauennae
621 2725 737 2788 praediis
755 2724 883 2776 Firminus
901 2728 995 2776 illustri
1009 2728 1118 2790 feminae
1135 2731 1236 2791 malias
1253 2732 1306 2795 apii

560 2816 586 2859 el
604 2810 716 2873 eulogias
734 2812 889 2863 transmittit.

157 2989 162 2998 ,
240 2925 422 2992 Gelenius
445 2925 645 2990 Firminus
668 2923 820 2988 illustri
844 2926 1029 2991 feminae.

169 3046 225 3112 Ad
247 3045 408 3111 cumulum
430 3066 505 3109 vero
526 3042 682 3109 mercedis
710 3046 834 3109 vestrae
862 3045 1023 3129 pertinere
1054 3047 1266 3112 certissimum
1295 3054 1355 3134 est,

74 3227 111 3276 33
151 3221 172 3286 ¹)
192 3214 337 3281 Quaedam
355 3213 525 3285 exemplaria
542 3213 560 3267 Z
579 3212 625 3267 hic
641 3211 750 3268 addunt
766 3220 873 3269 clericos
891 3215 935 3268 vel
952 3221 1071 3279 clericus,
1091 3215 1166 3284 quod
1185 3216 1291 3271 omittit
1307 3219 1354 3273 Ivo

76 3304 108 3359 et
128 3301 306 3357 correctores
322 3298 442 3354 Romani
458 3299 658 3368 expunxerunt.

151 3390 173 3456 ¹)
192 3385 235 3441 Ea
252 3383 382 3440 uidelicet
398 3383 519 3450 ratione,
537 3399 594 3452 qua
610 3381 667 3437 Leo
684 3382 839 3452 imperator
858 3401 880 3437 c.
894 3389 927 3438 32
946 3383 975 3438 C.
989 3385 1014 3451 1,
1031 3391 1047 3440 ³
1064 3389 1289 3455 orpianceropios
1307 3405 1354 3458 ap-

74 3471 186 3545 pellat,
210 3475 254 3540 qai
273 3476 425 3539 pupillorum
441 3479 500 3522 sunl
517 3473 591 3538 qnasi
608 3478 717 3530 latores,
741 3470 770 3522 ct
792 3483 909 3536 quorum
927 3471 988 3523 erat
1005 3474 1041 3524 ael
1061 3475 1246 3525 simulitudinem
1264 3480 1355 3527 lucris

75 3570 105 3614 el
122 3560 257 3613 malcus
273 3573 400 3625 personas
417 3565 442 3608 el
460 3559 562 3621 nepolia
580 3572 665 3609 eorum
683 3557 822 3619 defendere
841 3574 873 3606 ac
891 3559 1027 3608 uindicare.
1060 3553 1121 3620 Qua
1137 3553 1166 3608 in
1184 3573 1213 3610 re
1228 3555 1355 3613 Gelenius

76 3639 229 3698 adversari
250 3657 306 3696 nou
327 3638 438 3694 ridetur
460 3638 584 3705 decreto,
607 3655 661 3708 quo
680 3637 835 3708 Cyprianus
854 3636 933 3708 epist,
953 3644 985 3692 aa
1004 3639 1057 3707 (ed.
1076 3640 1191 3709 Pamel.)
1211 3648 1310 3709 pridem
1329 3650 1355 3697 in

75 3732 191 3784 murino
209 3731 385 3795 episcoporum
402 3724 538 3778 statutum
556 3721 636 3789 dicit,
654 3744 685 3777 ne
703 3728 759 3792 qais
777 3728 808 3776 de
826 3728 927 3776 clericis
945 3735 989 3778 aul
999 3728 1048 3777 Dei
1063 3731 1185 3779 ministris
1197 3736 1304 3802 latorem
1316 3733 1355 3782 oei

75 3822 230 3868 swalma
246 3821 394 3866 leslanenlo
411 3829 457 3865 suo
475 3814 619 3864 caramuel.
654 3807 726 3862 Nam
748 3807 813 3861 licei
835 3806 1008 3864 lastinianus
1025 3827 1048 3864 c.
1067 3816 1099 3865 52
1118 3809 1147 3866 C.
1166 3811 1186 3878 1,
1204 3819 1220 3866 3
1238 3813 1354 3880 summat,

76 3896 243 3970 episcopos,
260 3897 455 3968 presbyteros,
474 3894 619 3960 damnes,
636 3892 819 3948 subdiaconos
831 3910 865 3947 ac
876 3894 1027 3950 monachos
1039 3901 1213 3950 immaniorem
1226 3902 1354 3965 ipsojare

76 4002 169 4039 anns
191 3985 287 4036 halen
308 3987 416 4050 luceiae,
438 3981 533 4035 munem
550 3977 619 4034 Nos.
641 3983 689 4033 123
708 3994 729 4033 c.
749 3983 765 4033 5
787 3977 938 4048 permittit,
960 3983 1142 4048 precipimus,
1166 3986 1287 4037 diacanos
1309 3994 1353 4035 aul

76 4072 254 4124 abdiaaonm
264 4072 330 4134 jare
347 4071 505 4137 cognationis
522 4069 558 4119 ad
574 4071 676 4118 lalelaru
694 4071 733 4118 ael
743 4083 829 4117 curam
841 4075 944 4118 uocales
956 4068 1101 4132 inginamorli
1111 4070 1353 4121 administrationem

75 4159 229 4223 suscipere,
248 4158 273 4207 si
289 4163 371 4207 lamen
389 4157 458 4205 inira
476 4160 586 4221 quatuor
602 4167 711 4212 menses,
730 4169 765 4203 ere
783 4170 831 4219 qao
850 4155 933 4204 noemi
949 4161 1020 4210 sunl.
1039 4155 1110 4217 apud
1120 4155 1235 4215 jadicem
1253 4170 1352 4219 compe·

76 4249 175 4295 leniens
194 4242 396 4300 declaraverint,
414 4242 489 4290 lolem
506 4240 749 4290 administrationem
764 4241 876 4303 propria
892 4255 920 4290 se
932 4242 1057 4289 oolanlale
1073 4241 1224 4302 suscepisse.
1254 4234 1352 4303 Neque

76 4341 148 4380 sero
170 4321 218 4378 hic
239 4321 369 4391 arguitur
391 4319 536 4387 ἀίωοιιιιε,
559 4320 634 4390 quod
657 4320 845 4390 orphanorum
868 4336 962 4374 curam
984 4317 1123 4388 suscipere
1145 4316 1276 4384 noluerit,
1303 4318 1351 4373 sed

75 4408 157 4482 quod
180 4407 243 4477 ejus
263 4405 323 4463 vice
344 4405 474 4475 suscepte
495 4403 665 4475 pupillorum
686 4404 763 4460 bona
780 4402 964 4474 dissipaverit.
1001 4402 1056 4458 Sed
1077 4410 1106 4458 et
1129 4401 1274 4457 concilium
1292 4401 1352 4458 cu-

74 4494 259 4552 chedoncnse
277 4498 330 4548 c.3
347 4489 478 4546 clericum
496 4506 529 4544 ex
546 4490 609 4559 lege
627 4496 664 4545 all
679 4495 799 4545 minuam
816 4495 908 4544 lalelas
920 4493 1105 4544 inexcusabiles
1116 4487 1211 4542 vocari
1227 4487 1290 4542 tum
1302 4503 1351 4559 po·

74 4581 167 4638 uriae
186 4578 287 4634 marni.
324 4575 458 4632 Similiter
475 4590 551 4630 conc.
570 4574 769 4630 Aurelianense
787 4592 850 4629 ann.
870 4580 918 4629 541
938 4591 961 4627 e.
976 4579 1015 4627 13.

145 4669 168 4735 ³)
188 4665 235 4720 Its
251 4663 289 4718 D·
301 4665 349 4719 11¹.
384 4660 439 4715 'PZ
462 4665 606 4716 tenaculis.
644 4659 735 4730 Magis
756 4660 879 4730 placaret
901 4663 1033 4721 lancois,
1056 4656 1122 4713 licet
1144 4660 1219 4714 recte
1242 4658 1350 4715 dicatur

70 4755 240 4809 murata
270 4747 352 4804 Certe
370 4745 466 4802 tenuia
483 4747 558 4802 bona
574 4745 627 4800 hac
644 4763 724 4814 voce,
742 4762 814 4815 quae
832 4761 865 4799 cx
883 4742 1052 4814 pupillorum
1069 4741 1164 4798 libello
1184 4743 1293 4799 ridetur
1309 4763 1350 4800 re·

68 4838 180 4910 petits,
197 4832 402 4903 significentur.

68 4931 103 4982 34
143 4926 165 4993 ¹)
184 4921 206 4976 1.
221 4936 247 4976 e.
266 4917 448 4974 vehementer
465 4915 560 4987 cupias
578 4915 622 4972 uel
640 4916 787 4975 desideres.
824 4915 908 4972 Forte
925 4913 1075 4985 legendum
1088 4920 1229 4985 percipias
