3224 5506
284 388 348 456 254
735 404 762 457 s.
780 402 915 454 ranrcrs
939 404 964 452 11
987 401 1101 453 varas

175 573 269 622 a.485.
283 564 375 629 leetis
398 562 510 627 Aeacii
532 560 658 645 litteris,
689 584 767 646 quas
790 562 851 645 ipsi
874 560 1068 643 detulerant,
1091 559 1299 624 manifestum
1322 560 1383 642 est,
1412 580 1471 623 eos
1493 554 1565 623 sine

284 667 488 730 excusatione
515 665 641 745 vidisse,
671 687 770 727 unum
798 669 893 748 atque
921 665 1004 728 idem
1027 663 1159 727 Petrum
1180 662 1402 747 Aeaciumque
1428 661 1566 745 sentire,

283 769 337 853 qni
353 768 484 831 Petrum
507 767 651 850 sanctoss)
668 764 832 849 Simplicio
856 772 887 829 et
910 768 984 829 ante
1008 766 1226 849 episcopatum
1246 764 1347 829 fuisse
1369 764 1570 828 damnatum

284 874 316 933 et
339 870 379 932 ab
395 869 597 952 episcopatus
613 869 713 951 ipsius
729 867 881 931 retulerat
897 868 1016 930 horunc
1032 867 1227 951 propulsum.
1266 866 1450 949 Adjectnm
1467 867 1569 930 etiam

283 974 371 1054 tune,
396 993 493 1055 quum
515 971 577 1034 ista
599 971 633 1033 in
650 969 884 1033 examinatione
900 973 1092 1051 tractantur,
1117 968 1200 1053 (quod
1215 969 1355 1032 Aeacius
1370 967 1569 1032 Johannem

284 1073 373 1136 illum
395 1073 563 1156 Tyriorum
592 1072 744 1135 ecclcsiae
768 1071 882 1135 fecerit
904 1072 1095 1154 praesidere,
1126 1071 1179 1155 qui
1207 1071 1386 1154 Apamenis
1424 1093 1447 1133 a
1470 1070 1571 1134 Petro

285 1174 507 1238 Antiochense
531 1173 683 1237 ccclesiae
696 1177 834 1257 tyranno
848 1173 955 1237 furerat
971 1173 1137 1256 episeopus
1153 1172 1328 1255 ordinatus,
1354 1172 1414 1235 sed
1430 1172 1571 1236 minime

285 1280 441 1359 receptuS,
471 1277 600 1359 proprio
622 1276 804 1339 ordinatore
832 1274 962 1358 depulso
991 1275 1134 1337 eamdem
1157 1273 1262 1337 sedern
1285 1295 1352 1337 uon
1375 1274 1497 1338 timuit
1519 1296 1570 1339 oe

286 1399 418 1460 eupare:
452 1399 530 1460 quos
563 1381 641 1440 tunc
669 1377 837 1460 hypocrita
865 1378 1002 1439 Aeacius
1030 1378 1077 1439 ita
1104 1376 1183 1440 fecit
1211 1376 1251 1439 ab
1279 1375 1467 1459 apostolica
1495 1376 1570 1440 sede

285 1479 447 1560 danmari,
483 1483 519 1542 nt
547 1480 596 1542 his
625 1481 721 1543 ctiam
750 1478 1004 1543 Christianorum
1037 1478 1225 1542 vocabulum
1252 1477 1444 1561 tolleretur,
1485 1477 1571 1563 quod

285 1586 377 1665 gesta
400 1580 517 1665 apud⁹)
541 1603 612 1644 enm
635 1580 746 1644 habita
768 1580 990 1643 manifestant.

369 1685 399 1745 3.
438 1682 498 1745 His
521 1703 597 1765 ergo
620 1682 891 1766 deterioribusqne
915 1683 1095 1764 compertis,
1120 1682 1260 1746 Vitalem
1283 1686 1382 1767 atque
1399 1682 1569 1748 Misenum

286 1807 304 1847 a
333 1784 521 1848 sacerdotali
556 1782 690 1867 collegio
723 1788 755 1847 et
783 1786 987 1848 sacrosancta
1016 1784 1239 1848 communione
1272 1784 1566 1871 suspendimus¹‘).

285 1886 440 1951 Acacium
474 1907 597 1970 quoque
636 1886 787 1948 membris
823 1885 943 1950 Christi
976 1886 1187 1969 perniciosius
1219 1886 1406 1950 inhiantem
1442 1891 1478 1951 et
1511 1908 1568 1970 per

286 1989 431 2052 civitates
455 1991 549 2071 atque
571 1987 753 2070 provincias
781 2010 877 2051 unam
904 1987 1026 2051 deiide
1050 1988 1240 2052 catholicam
1262 1986 1452 2052 Ecclesiam
1474 1988 1567 2052 dissi·

284 2093 427 2174 pantem,
451 2090 537 2152 inter
559 2090 722 2173 episcopos
746 2092 873 2153 sanctos
896 2093 992 2172 atque
1014 2089 1099 2153 inter
1122 2089 1323 2153 Christianos
1342 2089 1567 2172 judicavimus

284 2214 350 2255 uon
372 2192 493 2255 haberi.
532 2190 676 2265 Qualiter
698 2190 784 2254 enim
802 2190 871 2254 fieri
886 2194 1023 2274 poterat,
1047 2196 1084 2255 nt
1099 2191 1247 2254 scindens
1262 2190 1414 2254 tunicam
1430 2190 1579 2275 Christi,-

285 2316 381 2378 quam
402 2315 463 2357 nee
487 2293 711 2375 crucifigentes
734 2314 805 2355 eum
828 2292 967 2356 dividere
990 2293 1058 2356 ausi
1081 2296 1167 2374 sunt,
1196 2293 1231 2355 in
1257 2313 1396 2356 numero
1420 2292 1567 2358 fidelium

286 2394 493 2458 censeretur?
535 2395 641 2478 igitur
668 2395 790 2474 omnia,
824 2416 906 2477 quae
939 2395 1030 2458 nobis
1062 2395 1097 2458 in
1125 2394 1239 2458 timore
1266 2392 1328 2457 Dei
1358 2396 1565 2479 competunt,

286 2482 466 2580 cogitantes
495 2500 527 2558 et
553 2495 786 2579 praevidentes,
816 2518 856 2558 ne
884 2497 980 2559 toties
1010 2496 1187 2559 exstinctae
1209 2494 1442 2578 Eutychianae
1464 2497 1567 2581 pestis

285 2598 462 2678 haereseos,
488 2598 576 2679 enjus
592 2598 729 2661 Aeacius
752 2598 899 2660 defensor
922 2601 971 2661 est
993 2602 1025 2661 et
1047 2601 1212 2681 patronus,
1236 2619 1370 2681 serpens
1391 2602 1434 2663 ut
1449 2621 1567 2664 cancer

285 2698 404 2764 Christi
433 2699 576 2763 membra
603 2699 811 2782 disperderet,
842 2721 912 2762 enm
937 2700 1006 2781 jam
1034 2722 1121 2763 nunc
1144 2722 1160 2762 e
1184 2720 1316 2782 corpore
1339 2699 1567 2766 ecclesiastico

284 2804 320 2864 ut
342 2805 467 2884 partem
490 2800 650 2884 putridam
674 2801 982 2864 anathematizamus
1004 2801 1165 2865 sententia
1179 2804 1357 2865 memorata
1369 2801 1565 2884 abscissum,
1583 2840 1588 2855 ·

283 2901 451 2966 dominicis
474 2902 606 2986 eloquiis
628 2903 854 2986 obsequentes:
881 2906 918 2966 Si
938 2909 1129 2967 centustatus
1157 2913 1212 2967 unt
1226 2924 1283 2983 pes
1312 2914 1383 2968 tuus
1405 2910 1566 2970 scandali·

283 3012 401 3069 severit
423 3016 460 3081 te,
486 3010 607 3069 abscide
628 3026 695 3068 eum
717 3016 746 3067 ct
762 3010 953 3084 projiceris
975 3017 1012 3068 te.

368 3107 400 3169 4.
445 3105 489 3191 Et
518 3110 554 3169 nt
581 3106 698 3170 caritas
726 3109 832 3168 vestra
858 3107 960 3188 possit
983 3128 1166 3190 agnoscere,
1196 3105 1401 3172 venerandas
1424 3109 1565 3194 synodis

286 3206 463 3272 Nicaenam
485 3211 517 3271 et
540 3207 738 3291 Ephesinam
763 3208 902 3291 priorem
924 3211 1019 3292 atque
1042 3207 1337 3273 Calchedonensem
1360 3214 1482 3276 contra
1503 3210 1565 3277 Ne

285 3311 419 3374 storiam
448 3315 480 3374 et
507 3309 720 3394 Eutychetem
749 3310 974 3393 impiissimum
1001 3333 1060 3374 nos
1083 3311 1251 3397 tenere¹¹),
1278 3314 1354 3395 post
1377 3312 1474 3378 illam
1496 3330 1565 3380 seu·

354 3603 374 3665 ἢ)
392 3598 467 3652 liditi
486 3622 502 3653 a
519 3611 607 3653 sarie-to
626 3603 754 3667 Simplicio
770 3600 813 3665 (et
830 3616 895 3653 mox
913 3604 944 3652 ud
957 3603 1127 3669 episcopatu),
1146 3604 1269 3654 erratum
1287 3599 1390 3670 simile,
1411 3604 1493 3672 quod
1504 3604 1567 3675 jum

285 3681 313 3734 in
332 3682 410 3751 epist.
425 3690 440 3736 o
458 3702 484 3737 n.
501 3691 512 3736 1
533 3684 704 3737 anctoritate
718 3703 780 3738 1nss.
801 3685 978 3749 correximus,
1005 3704 1039 3738 cx
1057 3685 1156 3753 quibus
1174 3683 1346 3740 restituimus
1365 3708 1442 3756 quern
1460 3696 1565 3744 menna·

273 3772 334 3820 'tuin
356 3778 462 3822 sanctae
484 3775 617 3823 memoriae
640 3776 771 3823 decessori
791 3790 844 3823 inco
866 3776 922 3837 ipse
944 3777 1070 3823 retulerat
1093 3770 1164 3835 (loco
1186 3792 1203 3824 a
1223 3782 1331 3825 sanetae
1353 3772 1434 3841 etc).
1478 3773 1565 3829 Porro

269 3851 383 3906 ·Petrus
399 3854 518 3922 Mongns
536 3869 591 3906 non
610 3872 627 3907 a
644 3853 785 3922 Simplicio
807 3871 883 3922 papa
905 3854 954 3907 sed
972 3872 989 3907 a
1007 3854 1132 3908 Proterio
1150 3854 1353 3921 Alexandrino,
1383 3856 1456 3911 dum
1474 3858 1566 3913 adhue

286 3935 417 3991 diaconus
436 3940 508 4003 erat,
532 3937 679 3991 damnatus
697 3940 752 4004 est,
780 3940 808 3992 et
827 3956 843 3992 a
860 3938 1027 3993 sacerdotali
1045 3939 1162 4004 honore,
1188 3955 1273 4008 quem
1290 3943 1499 4011 usurpaverat,
1521 3942 1566 3997 de
1595 3980 1602 3997 .

259 4018 262 4022 ’
285 4020 373 4088 jectus
392 4025 435 4076 est
451 4023 512 4093 ipso
525 4023 642 4077 Zenonis
660 4023 837 4092 imperatoris
856 4023 975 4087 decreto,
994 4040 1049 4092 quo
1062 4024 1224 4079 Timotheus
1236 4012 1395 4079 catholicus
1413 4026 1566 4099 episeopus

284 4107 477 4161 revocabatur.
505 4108 565 4162 Hoc
583 4109 678 4161 antem
695 4107 835 4177 geminum
854 4109 959 4162 facturn
971 4107 1087 4162 Aeacius
1104 4108 1164 4178 ipse
1178 4109 1215 4162 ad
1227 4106 1407 4178 Simplicium
1425 4112 1567 4168 retulerat

285 4189 329 4256 ies.
350 4189 445 4260 Simpl.
467 4191 545 4261 epist.
560 4195 594 4260 8).

352 4279 372 4343 ⁹)
392 4276 425 4330 (³¹
440 4280 467 4330 ει1
486 4283 557 4345 opud
573 4282 652 4343 deuia,
671 4282 699 4330 ct
716 4292 780 4330 mox
794 4278 827 4332 G¹
841 4284 1019 4346 manifestatis,
1037 4279 1177 4334 mendose.
1204 4278 1257 4333 Hic
1273 4280 1358 4348 gesta
1375 4279 1568 4338 illaindioen·

284 4361 337 4426 tur,
356 4377 427 4428 quae
440 4361 556 4415 Aeacius
570 4361 810 4431 Constantinopoli
828 4363 934 4428 habuit,
951 4364 1114 4433 prinsquam
1132 4364 1239 4418 litteras
1251 4363 1289 4418 ad
1301 4363 1488 4436 Simplicium
1504 4366 1567 4423 mie

284 4444 365 4510 teret,
384 4445 418 4498 de
437 4446 536 4513 quibus
554 4447 712 4500 conferatur
730 4453 821 4501 notitia
838 4455 1001 4516 epistolarum
1013 4454 1089 4517 injus
1099 4454 1227 4519 pontificis
1239 4469 1290 4504 non
1302 4458 1469 4508 certantium
1486 4450 1567 4507 mvl.

354 4531 384 4597 ¹⁰)
403 4530 527 4585 Gelasius
546 4530 623 4601 epist.
639 4539 671 4586 30
688 4550 714 4585 n.
729 4539 745 4586 8
763 4534 818 4586 eto
835 4542 884 4586 cos
902 4550 1050 4602 suspensos
1067 4534 1151 4589 fuisse
1168 4530 1263 4600 tradit,
1281 4539 1367 4590 donec
1386 4549 1500 4595 metere
1511 4542 1567 4593 Deo

285 4625 311 4666 et
328 4621 419 4669 enaim
436 4621 615 4670 catholicorum
630 4622 774 4686 principum
796 4624 835 4671 uel
849 4625 940 4687 populi
957 4623 1097 4674 Christiani
1114 4624 1298 4674 Alexandrina
1319 4626 1480 4679 catholicus
1495 4642 1567 4680 me·

282 4703 365 4766 piacet
382 4706 526 4770 episcopum
544 4708 659 4755 ecclesie.
677 4731 711 4741 -
728 4701 793 4754 Mox
812 4701 853 4756 (is
864 4709 1032 4771 perniciosius
1049 4709 1211 4759 intercutem.

354 4786 384 4852 ¹¹)
403 4783 435 4837 Iu
447 4784 512 4839 edit.
527 4785 705 4840 conciliorum
717 4786 762 4839 hie
775 4785 886 4840 additur
904 4800 960 4855 ete,
979 4789 1058 4856 quasi
1076 4789 1181 4858 aliquid
1199 4788 1280 4858 desit,
1299 4793 1330 4845 et
1347 4793 1390 4849 ad
1405 4778 1568 4868 marginem

285 4869 447 4922 arrnotatur:
471 4874 592 4940 Sequitur
610 4877 674 4937 fidei
690 4877 822 4926 instructio
841 4879 954 4940 ejusdem
972 4880 1104 4942 epistotae.
1145 4874 1233 4928 Nobis
1255 4892 1326 4931 vcro
1344 4878 1421 4934 nihil
1438 4881 1488 4935 hic
1505 4898 1566 4951 sup

284 4971 418 5022 pressum,
435 4953 502 5007 nihil
522 4955 735 5010 desiderandum
752 4956 869 5011 videtur.
