3224 5506
486 353 680 403 smsronna
704 346 848 435 31—333
1239 339 1300 408 807

132 507 505 591 Constantinopolitanae
526 509 673 593 populus,
697 531 792 595 quam
807 531 885 595 pure
901 511 1012 575 deceat
1028 509 1193 577 credentes
1210 509 1299 577 Chri·
1312 525 1405 576 1111.

109 632 143 675 ta
163 632 290 674 servare
311 610 473 694 mysteria.
519 609 580 674 Sed
607 614 772 676 transacta
801 612 926 676 utinam
953 612 1058 677 studia
1080 613 1234 697 fuissent,
1269 617 1302 678 et

122 733 207 777 nunc
230 711 347 776 similia
374 715 500 796 tempus
529 714 707 797 expeteret!
744 712 884 778 Rursum
912 715 997 779 enim
1025 714 1122 779 iidem
1148 714 1301 780 haeretici

109 817 134 878 .t
159 814 339 897 improbum
366 813 405 878 de
432 814 607 898 profunde,
641 836 703 898 quo
726 815 869 879 immersi
891 817 1085 881 tenebantur
1091 868 1100 901 ,
1135 817 1299 883 attollunt.

109 937 141 980 11
162 916 233 980 ideo
254 937 350 1001 rogo,
381 915 507 999 hortor,
538 916 691 981 admoneo
714 916 918 983 dilectionem
939 921 1094 983 vestram:
1122 920 1163 984 ab
1192 941 1301 984 eorum

109 1017 254 1082 conciliis
277 1020 311 1081 et
333 1019 554 1082 communione
577 1019 743 1083 secernite.
788 1018 1015 1084 Recordamini
1036 1021 1097 1085 zeli
1118 1021 1243 1106 prioris,
1268 1027 1300 1086 et

109 1140 139 1183 ce
160 1120 196 1183 in
218 1119 307 1185 vobis
328 1119 433 1183 lucem
455 1120 629 1185 scintillam
657 1120 743 1205 ignis
766 1121 942 1206 spiritualis
965 1123 1138 1206 ostendite,
1162 1145 1203 1188 ne
1226 1124 1299 1188 sim·
1383 1105 1388 1119 ⁸

109 1242 149 1284 un
169 1220 205 1285 in
227 1221 317 1285 vobis
339 1222 485 1286 veritatis
507 1223 656 1286 affectum
678 1221 875 1307 perditorum
901 1224 1019 1288 astutia
1042 1246 1242 1310 expugnasse
1265 1247 1299 1290 se

109 1321 181 1387 1111.
226 1321 272 1386 Et
292 1323 372 1387 haec
394 1323 536 1406 quidem,
560 1326 715 1409 quantum
738 1325 778 1388 ad
794 1328 997 1409 praesentem
1018 1327 1244 1391 necessitatem
1267 1330 1299 1392 et

109 1424 255 1488 mendam
271 1428 382 1488 contra
397 1425 513 1509 impios
529 1426 720 1510 cautionem,
744 1426 862 1491 dixisse
878 1427 1027 1493 sufficiat.
1062 1427 1161 1512 Spero
1176 1432 1296 1513 tamen,

109 1579 114 1588 .
141 1525 169 1589 si
198 1526 371 1590 admonitio
405 1527 468 1591 ista
497 1528 706 1612 promoverit,
741 1531 773 1591 et
806 1527 885 1593 mihi
918 1532 950 1593 et
978 1531 1067 1594 vobis
1099 1530 1186 1594 utilis
1220 1531 1297 1595 erit:

109 1627 156 1691 ido
179 1631 213 1692 et
234 1628 320 1692 Deus
347 1628 382 1692 in
411 1632 515 1693 restra
543 1629 645 1692 salute
673 1629 922 1714 glorificabitur,
958 1634 990 1694 et
1017 1632 1140 1696 fructus
1167 1635 1297 1697 nostrae

109 1727 254 1793 citudinis
277 1730 454 1816 apparebit.
506 1730 590 1794 Data
612 1729 662 1794 HI
683 1729 795 1795 Nonas
819 1731 952 1816 Aprilis,
975 1733 1119 1818 Agapito
1142 1734 1210 1798 viro
1234 1734 1297 1799 cla·

109 1852 154 1896 no
179 1830 318 1895 consule.

531 2017 712 2122 Epistola
738 2018 797 2101 33.

1307 2169 1331 2207 a.
1342 2153 1422 2206 51111

109 2170 284 2238 ormisdae
306 2188 416 2254 papae
437 2172 481 2237 ad
503 2171 704 2237 Enuotlium
727 2173 764 2238 11
786 2172 1026 2255 Peregrinum
1048 2173 1242 2258 episcopos.
1307 2227 1338 2273 ,2
1350 2197 1435 2289 April.

109 2327 117 2361 r
134 2312 263 2375 prosectis
279 2327 307 2360 ae
326 2314 448 2376 epistolas
466 2327 482 2360 a
495 2311 612 2362 Joicanne
625 2310 806 2375 Nicopolitana
825 2313 930 2379 ejusque
941 2315 1038 2378 synodo
1051 2315 1189 2378 accepisse,
1209 2317 1262 2380 pai·

120 2412 151 2446 ce
168 2413 185 2446 a
204 2397 335 2447 Dorotbeo
357 2397 575 2448 Thessalonicam
596 2396 754 2446 veliementer
779 2398 862 2462 afllipr‘
884 2398 1055 2463 querebantur
1077 2406 1102 2448 et
1124 2405 1206 2449 utram
1227 2401 1264 2450 ad

109 2482 172 2532 idem
185 2482 332 2532 relationem
349 2481 574 2532 retransmittere
590 2480 640 2531 sibi
656 2482 745 2531 liceret
761 2481 931 2532 concertabant.
958 2481 994 2532 Sc
1006 2484 1035 2534 id
1045 2499 1151 2548 nepassc
1164 2485 1263 2534 nuntiat

416 2574 440 2616 et
458 2568 490 2616 de
509 2567 566 2616 aliis
583 2567 770 2617 instructionem
788 2569 907 2617 insinuat.

179 2699 388 2763 Hormisda
410 2698 594 2762 Ennodio
616 2701 654 2761 et
676 2698 897 2784 Peregrino
920 2701 1134 2785 episcopis.

112 2817 324 2903 Posteaquam
346 2818 491 2901 profecta
514 2820 562 2881 est
585 2817 701 2881 caritas
723 2821 839 2901 vestra,
864 2817 1109 2904 Nicopolitanus
1129 2820 1293 2904 diaconus,

109 2921 192 2985 vobis
213 2923 312 2985 etiam
333 2920 472 2984 occurrit
493 2920 527 2983 in
549 2919 680 3002 itinere,
708 2919 843 2984 Romam
865 2921 956 2985 venit
964 2922 998 3006 ¹).
1044 2919 1144 2996 Quem
1166 2927 1294 3006 praeter

109 3043 148 3087 un
175 3023 329 3106 vidimus,
359 3022 554 3107 cogitantes,
589 3043 629 3085 ne
657 3023 740 3085 forte
768 3023 851 3086 esset
872 3023 955 3106 quod
986 3023 1026 3086 ad
1047 3023 1293 3088 instructionem

109 3121 197 3190 datae
220 3124 309 3188 vobis
331 3123 502 3208 legationis
525 3123 661 3206 adjicere
684 3123 884 3207 deberemus3
907 3124 990 3208 quod
1011 3127 1044 3188 et
1058 3125 1294 3190 rationabiliter

109 3245 148 3292 un
175 3228 246 3311 ipsa
272 3247 322 3290 res
350 3225 512 3289 evidenter
540 3225 690 3289 ostendit.
735 3225 862 3290 Obtulit
890 3225 975 3289 enim
1002 3226 1095 3290 nobis
1125 3226 1292 3311 epistolam

109 3329 184 3394 nnis
200 3328 341 3412 episcopi
363 3327 410 3391 sui
429 3330 462 3392 et
476 3328 571 3391 aliam
586 3327 699 3412 synodi
716 3327 913 3411 subjacentis
921 3329 947 3414 ²)
964 3327 1115 3393 ccclesiae
1131 3326 1293 3412 Nicopoli-

109 3448 130 3511 s,
149 3454 211 3517 qua
222 3433 399 3515 queruntur
411 3430 452 3493 ab
464 3428 898 3514 episcopoThessalonicensi
912 3430 1067 3494 excitatas
1079 3429 1246 3494 adversum
1258 3453 1292 3495 se

109 3532 302 3616 principales
318 3554 412 3616 quam
423 3531 611 3615 judiciarias
625 3533 815 3615 potestates:
840 3531 1099 3597 concussionibus
1118 3533 1151 3596 11
1166 3532 1292 3617 dispen-

109 3651 142 3698 11
164 3633 368 3698 vehementer
390 3633 493 3719 affligi
514 3635 645 3718 propter
666 3632 742 3717 hoc,
776 3634 850 3716 quia
878 3634 916 3697 de
939 3634 1138 3698 ordinatione
1166 3656 1223 3698 sua
1252 3635 1291 3698 ad

109 3753 209 3823 opum
230 3737 419 3801 relationem
441 3736 614 3800 secundum
622 3735 647 3821 ³)
670 3735 776 3818 prisca
799 3735 944 3820 exempla
965 3757 1031 3800 non
1052 3736 1186 3801 miserit.
1228 3735 1291 3800 Pro

109 3892 182 3902 x.-

130 3975 266 4043 Adeoqua
283 3973 357 4028 intra
375 3980 390 4028 5
408 3972 510 4043 Aprilis
528 3972 614 4040 diem,
633 3988 688 4042 quo
705 3971 793 4042 legati
809 3971 929 4043 profecti
947 3974 1018 4027 sunt.

131 4060 181 4114 Ed.
206 4060 269 4114 add.
288 4064 344 4113 1111.
382 4059 501 4127 Moxque
522 4063 679 4127 principales
699 4068 843 4126 potestates
864 4057 939 4113 idem
956 4065 1010 4124 ast,
1034 4058 1108 4127 quod
1130 4064 1292 4126 imperatoris

109 4158 177 4206 tter.
200 4144 254 4198 nisi
276 4144 336 4212 quis
357 4144 410 4197 hoc
428 4144 513 4197 verbo
536 4142 617 4196 malit
638 4141 758 4212 intelligi
775 4147 877 4213 Illyrici
896 4147 1086 4218 praefecturam
1104 4146 1291 4197 11111111ιίεεί-

109 4242 172 4285 nter
188 4235 326 4284 maritanas
344 4234 431 4296 apices
454 4239 615 4296 potestatem,
640 4245 724 4296 quam
741 4227 841 4282 Leonis
858 4226 1030 4297 temporibus
1047 4227 1226 4281 Anastasium
1243 4244 1291 4297 pa-

109 4310 383 4370 Phessalonicenaem
401 4311 553 4367 antistitem
575 4311 673 4366 adiisse
697 4313 781 4382 atque
799 4312 892 4368 Attico
915 4312 1039 4382 ejusdem
1062 4311 1194 4367 ecclcsiae
1210 4312 1290 4367 Nico-

109 4412 165 4456 nas
183 4399 313 4469 episcopo
330 4396 523 4465 indignissima
540 4395 673 4463 intulisse,
692 4397 748 4451 Leo
767 4395 826 4467 ipss
844 4397 924 4466 epist.
939 4402 971 4450 14
988 4403 1039 4450 11
1058 4397 1186 4451 testatur.

130 4485 287 4540 iohannem
308 4481 469 4552 episcopum
485 4481 711 4552 Nicopolitanum
728 4499 785 4536 nna
802 4498 864 4536 cum
885 4481 989 4551 synodo
1007 4479 1086 4552 Epiri
1102 4478 1204 4536 vetans
1221 4481 1290 4538 rela-

109 4584 129 4623 n
146 4569 181 4623 de
200 4567 373 4622 ordinatione
392 4567 428 4620 ad
440 4566 615 4621 Hormisdam
632 4565 737 4620 misisse
754 4568 840 4620 testes
858 4567 921 4621 sunt
937 4564 1093 4635 superiores
1111 4565 1245 4635 epistolae
1259 4574 1290 4622 15
1402 4604 1405 4609 ·

140 4654 172 4708 In
189 4652 261 4707 libro
280 4651 411 4707 autemV
429 4652 463 4706 de
482 4650 629 4706 concordia
647 4651 752 4705 sacerd.
773 4653 802 4705 et
818 4651 884 4722 imp.
899 4657 967 4705 115
984 4669 1010 4704 n.
1024 4657 1040 4705 9
1052 4650 1148 4720 Steph.
1161 4650 1290 4705 Baluaius

109 4741 161 4805 rat,
182 4738 212 4792 id
231 4740 329 4793 contra
346 4754 452 4791 morem
468 4737 589 4791 vaterem
609 4736 713 4790 sactum
731 4735 826 4803 fuisse,
850 4753 884 4791 ac
906 4736 940 4791 de
959 4735 1134 4790 ordinatione
1151 4735 1287 4805 Nicopoli·

109 4823 217 4894 piscopi
225 4823 271 4899 ⁸ad
283 4821 557 4876 Thessalonicensem
570 4820 736 4886 antediem,
754 4838 810 4875 non
828 4821 865 4875 ad
875 4821 1031 4875 Romanum
1043 4819 1141 4875 referti
1153 4819 1288 4876 debuisse.

109 4908 155 4964 ’111
174 4908 259 4963 ctiam
277 4908 438 4974 arbitratur,
459 4906 512 4960 hac
531 4904 669 4959 discordia
685 4904 850 4961 Hormisdae
869 4905 963 4959 datam
982 4921 1042 4960 esse
1061 4905 1289 4960 0011110111άί-
