3204 5506
247 324 308 389 144
725 343 753 390 s.
771 340 893 389 urnam
916 340 1030 388 esraa

134 507 230 560 asos.
243 495 298 559 sed
321 517 416 559 carisa
439 496 709 580 praesumptionis
732 496 849 560 amisit.
895 493 989 559 Unde
1011 500 1136 558 vestrae
1158 493 1374 558 fraternitatis
1398 492 1438 558 in
1463 492 1529 558 Do-

243 599 331 662 mino
352 598 477 662 sincera
498 598 636 681 dilectio,
660 597 908 662 sollicitudinem
928 596 1101 680 pastoralis
1124 618 1218 662 curae
1239 596 1275 660 in
1297 596 1365 660 suis
1388 594 1529 661 sedibus

241 700 363 783 partita
383 701 559 784 nobiscum,
584 702 821 765 commissarum
845 699 905 763 sibi
928 699 1134 764 ecclesiarum
1156 698 1361 784 diligentiam
1375 698 1527 784 vigilan·

241 806 290 866 ter
312 807 468 887 exerceat,
497 807 658 868 eteorum
682 802 800 884 taliter,
829 823 909 886 (prae
937 803 972 866 in
995 801 1198 866 Narbonensi
1221 802 1391 887 provincia
1415 822 1524 865 emer-

241 926 320 987 sere,
343 906 534 989 memiuerit,
559 910 595 970 ut
617 907 791 970 detestetur
805 906 928 968 factum
943 905 1060 990 potina,
1085 927 1180 990 quam
1195 907 1302 968 sumat
1317 903 1521 988 exemplum.

240 1006 330 1083 Quod
353 1010 399 1072 ita
422 1009 572 1092 deinceps
600 1030 668 1072 esse
690 1006 847 1089 nolanus,
877 1008 960 1071 sicut
982 1007 1128 1071 nevimus
1150 1029 1216 1071 non
1237 1006 1348 1071 fuisse.
1388 1006 1523 1092 Itaque,

240 1110 356 1173 fratres
384 1111 551 1194 carissimi,
588 1111 776 1175 necessariis
803 1109 915 1173 studiis
946 1112 994 1172 est
1021 1109 1193 1194 agendum,
1223 1131 1265 1174 ne
1287 1130 1390 1192 error,
1423 1130 1525 1193 quem

236 1211 371 1293 juvante
394 1212 521 1277 Christo
536 1213 675 1276 Domino
697 1216 806 1276 nestro
829 1233 931 1295 nuper
954 1211 1161 1294 abolevimus,
1184 1214 1240 1275 aut
1261 1212 1296 1276 in
1318 1210 1447 1275 similes
1463 1214 1524 1275 aut

240 1311 274 1376 in
302 1336 400 1378 nevos
428 1337 569 1400 unquam
594 1314 720 1398 prodire
743 1315 844 1398 possit
866 1335 1022 1377 excessus.
1068 1313 1158 1388 Quod
1186 1314 1294 1397 utique
1324 1335 1391 1376 uon
1423 1312 1525 1377 aliter

239 1417 358 1499 poterit
380 1418 573 1501 praecaveri,
608 1417 670 1480 nisi
694 1420 816 1480 statuta
839 1416 1092 1479 venerandorum
1116 1438 1273 1480 canonum
1296 1417 1329 1479 in
1353 1415 1523 1480 faciendis

241 1519 460 1603 conventibus,
484 1542 562 1604 quos
584 1519 739 1583 hactenus
759 1518 864 1582 omitti
880 1516 958 1582 fecit
974 1522 1061 1582 certa
1076 1520 1262 1600 necessitas,
1287 1540 1521 1603 exsequamur:

240 1620 409 1704 inquibus
437 1623 561 1706 possint
583 1644 640 1706 pro
669 1621 904 1704 emergentium
933 1621 1124 1684 necessitate
1153 1642 1320 1684 crsrrsarmn
1349 1620 1393 1684 ad
1417 1620 1521 1685 eccle·

239 1722 388 1788 siasticae
410 1726 647 1789 observantiam
676 1722 865 1806 disciplinae
892 1726 925 1785 et
952 1745 1032 1806 quae
1058 1745 1150 1787 secus
1178 1724 1266 1787 faeta
1293 1721 1421 1786 fuerint
1450 1744 1521 1787 eor·

239 1825 313 1909 rigi,
337 1830 370 1890 et
391 1828 552 1912 sequenda
575 1827 737 1891 constitui.

851 2014 893 2079 ll.

322 2135 353 2198 4.
391 2133 453 2198 Per
480 2156 582 2198 unncs
610 2135 718 2216 itarpre
746 2132 890 2217 singulos
920 2155 958 2196 ex
992 2131 1181 2216 provinciis,
1221 2130 1336 2216 quibus
1369 2133 1521 2216 potuerit

239 2237 489 2320 congregari¹¹),
515 2237 671 2299 habeatur
693 2235 873 2318 episcopale
896 2234 1081 2298 concilium:
1105 2235 1153 2297 ita
1174 2236 1211 2297 ut
1225 2235 1420 2317 opportunis
1435 2235 1520 2301 locis

238 2340 333 2421 atrpuc
354 2338 551 2420 temporibus
575 2337 749 2401 seeundum
772 2328 1013 2419 dispositionem
1035 2336 1146 2399 fratris
1162 2339 1195 2399 et
1210 2336 1393 2420 coepiscopi
1410 2338 1518 2402 nostri

238 2438 374 2522 Leontii,
399 2439 499 2523 mie)
522 2438 768 2503 sollicitudinem
791 2439 825 2502 in
847 2437 1082 2523 congregandis
1103 2438 1258 2501 fratribus
1278 2437 1517 2523 delegavimus,

237 2539 491 2625 metropolitanis
519 2563 576 2625 per
604 2541 727 2605 litteras
750 2541 818 2623 ejus
842 2528 1014 2604 admonitis¹
1036 2539 1227 2625 celebretur:
1250 2544 1286 2603 ut
1307 2541 1336 2604 si
1357 2541 1438 2625 quid
1462 2564 1517 2607 us-

238 2664 331 2726 quam
355 2642 405 2705 vel
427 2644 461 2706 in
484 2641 669 2707 ordinandis
698 2643 858 2726 episcopis
884 2642 931 2706 vel
955 2643 1148 2727 presbyteris
1172 2646 1228 2706 aut
1250 2641 1426 2725 cujuslibet
1448 2642 1515 2709 loci

237 2861 278 2916 tio
296 2866 328 2916 ut
345 2863 446 2916 seniori
465 2862 796 2933 episcopodemandavit
814 2863 953 2935 (etLeon.
967 2863 1045 2932 epist.
1063 2870 1093 2917 10
1111 2881 1137 2916 n.
1150 2869 1164 2917 7
1177 2865 1207 2917 et
1218 2866 1252 2932 9).
1289 2862 1408 2932 Hocque
1425 2865 1516 2921 medo

130 2990 134 2996 .
236 2966 321 3016 quum
340 2948 569 3019 metropolitanus
586 2949 714 3017 exigente
727 2964 812 3001 crursa
823 2948 859 3001 ab
872 2947 1047 3002 ordinatione
1060 2948 1254 3017 episcoporum
1265 2947 1429 3016 provinciae
1442 2968 1515 3007 suae

233 3033 405 3103 prohibetur,
424 3034 460 3088 od
478 3034 652 3103 disciplinam
670 3033 776 3088 reditur
788 3032 860 3087 Afris
879 3033 1019 3095 usitatam,
1039 3050 1095 3101 qua
1112 3032 1272 3103 provinciae
1290 3034 1384 3087 senior
1403 3036 1435 3089 ut
1454 3036 1513 3105 pri·

234 3134 294 3172 mas
312 3118 366 3173 hoe
383 3136 496 3174 munere
515 3120 690 3187 fungebatur.
727 3118 807 3183 Quod
825 3135 891 3172 saue
909 3118 1040 3188 prudenti
1059 3117 1173 3172 consilio
1196 3120 1240 3171 est
1257 3119 1452 3186 sanctitatum,
1476 3138 1515 3177 ne

234 3204 465 3273 metropolitanus
483 3205 555 3259 hauc
572 3222 633 3259 esse
651 3205 820 3272 singularem
839 3220 905 3257 suae
923 3203 995 3256 sedis
1014 3203 1242 3272 praerogativam
1253 3202 1307 3257 sibi
1318 3204 1411 3273 lingat
1421 3204 1515 3275 idque

235 3306 284 3343 sue
303 3289 356 3343 sibi
370 3291 434 3357 jure
451 3289 580 3345 vindicet.

303 3377 333 3442 ¹¹)
352 3375 378 3427 h.
392 3391 425 3440 a,
444 3378 475 3428 ut
491 3374 692 3443 interpretatur
704 3374 803 3427 Petrus
822 3373 856 3425 de
868 3373 964 3428 Mares
980 3373 1014 3428 de
1027 3373 1155 3428 concord.
1169 3373 1273 3428 sacerd.
1287 3374 1317 3428 et
1327 3373 1396 3445 imp.
1407 3374 1458 3442 Vl,
1469 3382 1513 3443 17,

233 3465 421 3527 episcoporum,
451 3466 496 3528 qaas·
511 3481 527 3512 a
544 3464 645 3527 sepibus
662 3465 807 3512 sinerentur
829 3464 954 3512 accedere
977 3464 1013 3511 ort
1032 3464 1158 3525 synodos:
1189 3480 1244 3513 naar
1267 3479 1297 3514 ee
1319 3470 1450 3529 tenpore,
1479 3466 1513 3517 nt

234 3542 334 3598 deinde
352 3544 491 3609 observat,
508 3563 584 3611 repes
594 3548 669 3598 Gellii
684 3549 857 3611 possederunt
873 3555 1004 3613 astrumque
1018 3548 1182 3612 Aquitaniam
1199 3549 1512 3614 allevamentum,

233 3639 364 3698 renumque
383 3633 572 3684 Narbonensem
590 3640 616 3681 et
632 3635 787 3696 provinciam
800 3634 910 3697 Alpium.
938 3631 1163 3698 Burpundr'ontdas
1180 3633 1306 3698 pmedanl
1319 3633 1513 3697 laudunenses

237 3717 394 3768 Viennenses
412 3725 437 3767 et
453 3719 630 3778 Vesuutionea,
649 3718 745 3766 Franci
762 3733 821 3767 nero
839 3719 961 3783 rellqrmrn
976 3718 1114 3769 Gralliarsun
1131 3718 1299 3782 occupabunt.
1317 3742 1350 3752 -
1368 3712 1426 3769 Sed
1445 3716 1509 3771 veri
1590 3736 1597 3745 ·

232 3797 347 3852 similius
364 3798 416 3852 hoe
433 3799 497 3853 ideo
515 3797 619 3853 dietum
636 3798 755 3866 videtur,
773 3798 848 3867 quod
860 3798 1021 3868 provinciae
1031 3798 1192 3854 Gallicanae
1209 3799 1397 3854 barbarorum
1412 3798 1511 3855 ineur-

232 3883 355 3938 sionibas
372 3884 516 3954 patebant.

302 3971 333 4036 ¹²)
351 3969 476 4024 Zosimus
494 3986 569 4039 papa
587 3970 732 4039 epistolal
751 3969 780 4022 id
794 3969 865 4036 juris
883 3968 1014 4038 episeopo
1025 3969 1180 4024 Arelatensi
1193 3969 1340 4031 detulerat,
1358 3973 1391 4024 at
1402 3986 1511 4028 mune

231 4053 306 4108 intra
323 4054 429 4109 Gallias
447 4058 622 4125 emergentes
641 4055 677 4110 ad
693 4055 785 4124 ipsum
807 4054 994 4118 deferrentur,
1023 4054 1098 4109 haud
1120 4055 1204 4109 dubie
1224 4055 1254 4108 in
1275 4054 1393 4109 eondlio
1414 4055 1511 4113 discu-

230 4141 343 4195 tiendus
361 4157 395 4195 ac
412 4140 594 4207 definiendae,
612 4158 697 4209 quum
716 4142 745 4194 et
761 4138 814 4209 ipsi
832 4140 976 4209 pontifices
992 4140 1112 4194 Romani
1129 4140 1182 4195 hoe
1200 4140 1283 4195 modo
1301 4155 1400 4195 causas
1416 4142 1459 4197 ad
1477 4160 1509 4198 se

231 4223 339 4280 delatras
362 4226 532 4295 expedirent.
574 4226 614 4280 Eo
638 4227 737 4280 ductm
755 4228 921 4294 argumento
943 4242 964 4279 s.
983 4224 1105 4279 Hilarius
1127 4224 1306 4280 conciliorum
1324 4225 1509 4296 expluribus

230 4311 379 4380 provinciis
397 4311 585 4380 cogendorum
603 4311 799 4365 auctoritatem
817 4309 871 4364 sibi
889 4313 1047 4380 competere
1065 4326 1117 4380 pre
1136 4312 1212 4364 certe
1230 4309 1336 4364 habuit.
1367 4309 1463 4376 Quam
1481 4314 1508 4369 ai

230 4412 282 4464 per
298 4414 319 4450 s.
338 4396 460 4450 leonem
477 4396 602 4451 ablataun
621 4403 650 4450 et
667 4395 768 4451 seniori
786 4395 918 4465 episcopo
936 4395 1033 4449 datam
1051 4398 1095 4463 (cs.
1108 4394 1193 4450 Leon.
1212 4395 1292 4465 epist.
1308 4401 1340 4451 10
1356 4413 1384 4449 n.
1396 4402 1411 4451 7
1424 4398 1459 4452 et
1469 4402 1509 4467 7),

230 4479 373 4534 Ravennio
392 4481 541 4536 sireeesseri
560 4481 720 4536 restitutam
738 4498 811 4545 esse,
834 4480 942 4534 duobus
961 4498 994 4534 ex
1013 4481 1079 4535 locis
1097 4480 1248 4550 colligitur:
1271 4479 1362 4550 primo
1386 4480 1509 4550 quidem

230 4581 264 4619 ex
282 4565 416 4634 synodica
432 4566 633 4639 episcopum,
653 4584 723 4636 quos
734 4565 893 4621 Ravennius
912 4566 1156 4620 communicandae
1168 4566 1268 4620 Leonis
1286 4564 1323 4619 ad
1335 4565 1509 4624 Flavianum

230 4650 366 4721 epistolae
385 4668 470 4706 eausa
487 4655 619 4721 coegerat
636 4652 729 4721 (Leon.
750 4652 829 4721 epist.
843 4655 900 4718 99);
922 4650 1021 4705 deinde
1039 4669 1073 4706 ex
1091 4652 1288 4706 convocatione
1306 4650 1418 4705 concilii
1436 4654 1508 4710 Are-

231 4734 344 4790 latensis
362 4735 389 4789 in
408 4737 659 4793 camaldunensis
677 4738 783 4792 insulae
802 4736 935 4791 celebrati
954 4736 1049 4804 (Haut.
1063 4738 1124 4793 coll.
1144 4753 1220 4791 eone.
1234 4737 1268 4802 ΙΙ,
1281 4742 1332 4792 779
1343 4740 1408 4806 η).
1439 4739 1509 4797 Non

230 4837 299 4891 ergo
316 4821 422 4892 primns
440 4823 562 4877 omnium
580 4823 691 4899 Hilarus
712 4822 742 4876 id
759 4822 831 4891 juris
849 4823 1005 4877 Arelatensi
1028 4823 1159 4893 episcopo
1181 4822 1293 4898 tribuit,
1314 4825 1348 4877 ut
1369 4823 1510 4895 opinatam

230 4907 407 4962 doctissimus
420 4908 523 4968 Petrus
541 4910 577 4964 dc
593 4911 690 4965 Mareu
707 4910 724 4963 l.
740 4927 762 4963 c.
781 4908 828 4974 Vl,
843 4915 872 4963 17
891 4927 917 4963 n.
933 4916 972 4965 10.
