<?xml version="1.0" encoding="UTF-8"?>
<!DOCTYPE html PUBLIC "-//W3C//DTD XHTML 1.0 Transitional//EN"
    "http://www.w3.org/TR/xhtml1/DTD/xhtml1-transitional.dtd">
<html xmlns="http://www.w3.org/1999/xhtml" xml:lang="en" lang="en">
 <head>
  <title>
</title>
<meta http-equiv="Content-Type" content="text/html;charset=utf-8" />
  <meta name='ocr-system' content='tesseract 3.04.00' />
  <meta name='ocr-capabilities' content='ocr_page ocr_carea ocr_par ocr_line ocrx_word'/>
</head>
<body>
  <div class='ocr_page' id='page_1' title='image "./epistolaeromano00thiegoog/epistolaeromano00thiegoog_1002.png"; bbox 0 0 3204 5506; ppageno 0'>
   <div class='ocr_carea' id='block_1_1' title="bbox 570 339 1340 404">
    <p class='ocr_par' dir='ltr' id='par_1_1' title="bbox 570 339 1340 404">
     <span class='ocr_line' id='line_1_1' title="bbox 570 339 1340 404; baseline 0 -2"><span class='ocrx_word' id='word_1_1' title='bbox 570 354 739 404; x_wconf 78' lang='lat' dir='ltr'><strong>arranem</strong></span> <span class='ocrx_word' id='word_1_2' title='bbox 767 344 837 402; x_wconf 84' lang='lat'><strong>131.</strong></span> <span class='ocrx_word' id='word_1_3' title='bbox 1277 339 1340 403; x_wconf 80' lang='lat'><strong>953</strong></span> 
     </span>
    </p>
   </div>
   <div class='ocr_carea' id='block_1_2' title="bbox 63 505 1463 1007">
    <p class='ocr_par' dir='ltr' id='par_1_2' title="bbox 63 505 1463 1007">
     <span class='ocr_line' id='line_1_2' title="bbox 64 505 1463 592; baseline -0.006 -14"><span class='ocrx_word' id='word_1_4' title='bbox 64 515 98 578; x_wconf 91' lang='lat' dir='ltr'><strong>et</strong></span> <span class='ocrx_word' id='word_1_5' title='bbox 121 511 275 577; x_wconf 92' lang='lat' dir='ltr'><strong>unitionis</strong></span> <span class='ocrx_word' id='word_1_6' title='bbox 297 512 482 575; x_wconf 85' lang='lat' dir='ltr'><strong>sanctarum</strong></span> <span class='ocrx_word' id='word_1_7' title='bbox 504 509 710 574; x_wconf 87' lang='lat' dir='ltr'><strong>ecclesiarum</strong></span> <span class='ocrx_word' id='word_1_8' title='bbox 732 507 1007 572; x_wconf 88' lang='lat' dir='ltr'><strong>monstrabuntur.</strong></span> <span class='ocrx_word' id='word_1_9' title='bbox 1041 505 1137 591; x_wconf 78' lang='lat' dir='ltr'><strong>Quos,</strong></span> <span class='ocrx_word' id='word_1_10' title='bbox 1161 529 1336 592; x_wconf 86' lang='lat' dir='ltr'><strong>speramus,</strong></span> <span class='ocrx_word' id='word_1_11' title='bbox 1351 516 1463 583; x_wconf 64' lang='lat' dir='ltr'><strong>(abac.)</strong></span> 
     </span>
     <span class='ocr_line' id='line_1_3' title="bbox 63 609 1338 696; baseline -0.005 -17"><span class='ocrx_word' id='word_1_12' title='bbox 63 615 224 679; x_wconf 87' lang='lat' dir='ltr'><strong>laetantes</strong></span> <span class='ocrx_word' id='word_1_13' title='bbox 246 614 280 677; x_wconf 91' lang='lat' dir='ltr'><strong>in</strong></span> <span class='ocrx_word' id='word_1_14' title='bbox 295 612 434 677; x_wconf 90' lang='lat' dir='ltr'><strong>Domino</strong></span> <span class='ocrx_word' id='word_1_15' title='bbox 456 615 489 675; x_wconf 91' lang='lat' dir='ltr'><strong>et</strong></span> <span class='ocrx_word' id='word_1_16' title='bbox 510 633 622 696; x_wconf 91' lang='lat' dir='ltr'><strong>pacem</strong></span> <span class='ocrx_word' id='word_1_17' title='bbox 645 610 857 675; x_wconf 71' lang='lat' dir='ltr'><strong>desideratam</strong></span> <span class='ocrx_word' id='word_1_18' title='bbox 878 609 1077 693; x_wconf 70' lang='lat' dir='ltr'>nuntiantes,</span> <span class='ocrx_word' id='word_1_19' title='bbox 1102 610 1143 674; x_wconf 91' lang='lat' dir='ltr'><strong>ad</strong></span> <span class='ocrx_word' id='word_1_20' title='bbox 1163 632 1222 674; x_wconf 90' lang='lat' dir='ltr'><strong>nos</strong></span> <span class='ocrx_word' id='word_1_21' title='bbox 1244 610 1338 674; x_wconf 91' lang='lat' dir='ltr'><strong>citius</strong></span> 
     </span>
     <span class='ocr_line' id='line_1_4' title="bbox 64 712 1336 798; baseline -0.003 -17"><span class='ocrx_word' id='word_1_22' title='bbox 64 717 178 781; x_wconf 88' lang='lat' dir='ltr'><strong>vestris</strong></span> <span class='ocrx_word' id='word_1_23' title='bbox 201 715 269 780; x_wconf 89' lang='lat' dir='ltr'><strong>Deo</strong></span> <span class='ocrx_word' id='word_1_24' title='bbox 290 714 481 779; x_wconf 82' lang='lat' dir='ltr'><strong>amabilibus</strong></span> <span class='ocrx_word' id='word_1_25' title='bbox 510 713 758 778; x_wconf 90' lang='lat' dir='ltr'><strong>correctionibus</strong></span> <span class='ocrx_word' id='word_1_26' title='bbox 766 713 793 798; x_wconf 82' lang='lat'><strong>⁸)</strong></span> <span class='ocrx_word' id='word_1_27' title='bbox 823 713 951 777; x_wconf 89' lang='lat' dir='ltr'><strong>edoctos</strong></span> <span class='ocrx_word' id='word_1_28' title='bbox 980 734 1122 776; x_wconf 88' lang='lat' dir='ltr'><strong>remeare</strong></span> <span class='ocrx_word' id='word_1_29' title='bbox 1145 712 1336 798; x_wconf 82' lang='lat' dir='ltr'><strong>dignemini.</strong></span> 
     </span>
     <span class='ocr_line' id='line_1_5' title="bbox 65 813 1340 900; baseline -0.005 -15"><span class='ocrx_word' id='word_1_30' title='bbox 65 820 203 885; x_wconf 89' lang='lat' dir='ltr'><strong>Omnem</strong></span> <span class='ocrx_word' id='word_1_31' title='bbox 224 818 257 881; x_wconf 91' lang='lat' dir='ltr'><strong>in</strong></span> <span class='ocrx_word' id='word_1_32' title='bbox 281 816 408 883; x_wconf 81' lang='lat' dir='ltr'><strong>Christo</strong></span> <span class='ocrx_word' id='word_1_33' title='bbox 429 816 668 880; x_wconf 75' lang='lat' dir='ltr'><strong>fraternitatem</strong></span> <span class='ocrx_word' id='word_1_34' title='bbox 688 836 747 879; x_wconf 91' lang='lat' dir='ltr'><strong>nos</strong></span> <span class='ocrx_word' id='word_1_35' title='bbox 770 836 894 900; x_wconf 88' lang='lat' dir='ltr'><strong>quoque</strong></span> <span class='ocrx_word' id='word_1_36' title='bbox 923 816 956 878; x_wconf 91' lang='lat' dir='ltr'><strong>et</strong></span> <span class='ocrx_word' id='word_1_37' title='bbox 983 814 1037 899; x_wconf 93' lang='lat' dir='ltr'><strong>qui</strong></span> <span class='ocrx_word' id='word_1_38' title='bbox 1065 813 1235 880; x_wconf 92' lang='lat' dir='ltr'><strong>nobiscum</strong></span> <span class='ocrx_word' id='word_1_39' title='bbox 1263 817 1340 879; x_wconf 87' lang='lat' dir='ltr'><strong>sunt</strong></span> 
     </span>
     <span class='ocr_line' id='line_1_6' title="bbox 65 919 447 1007; baseline -0.005 -22"><span class='ocrx_word' id='word_1_40' title='bbox 65 920 237 1007; x_wconf 87' lang='lat' dir='ltr'><strong>plurimum</strong></span> <span class='ocrx_word' id='word_1_41' title='bbox 260 919 447 984; x_wconf 78' lang='lat' dir='ltr'><strong>salutamus.</strong></span> 
     </span>
    </p>
   </div>
   <div class='ocr_carea' id='block_1_3' title="bbox 542 1073 856 1153">
    <p class='ocr_par' dir='ltr' id='par_1_3' title="bbox 542 1073 856 1153">
     <span class='ocr_line' id='line_1_7' title="bbox 542 1073 856 1153; baseline -0.006 -17"><span class='ocrx_word' id='word_1_42' title='bbox 542 1076 584 1137; x_wconf 80' lang='lat' dir='ltr'><strong>nt</strong></span> <span class='ocrx_word' id='word_1_43' title='bbox 605 1073 856 1153; x_wconf 73' lang='lat' dir='ltr'><strong>subscriptiones.</strong></span> 
     </span>
    </p>
   </div>
   <div class='ocr_carea' id='block_1_4' title="bbox 67 1188 1339 1380">
    <p class='ocr_par' dir='ltr' id='par_1_4' title="bbox 67 1188 1339 1380">
     <span class='ocr_line' id='line_1_8' title="bbox 156 1188 1339 1277; baseline -0.003 -20"><span class='ocrx_word' id='word_1_44' title='bbox 156 1192 352 1277; x_wconf 83' lang='lat' dir='ltr'><strong>Theophilus</strong></span> <span class='ocrx_word' id='word_1_45' title='bbox 390 1191 607 1256; x_wconf 84' lang='lat' dir='ltr'><strong>misericordia</strong></span> <span class='ocrx_word' id='word_1_46' title='bbox 641 1190 702 1254; x_wconf 91' lang='lat' dir='ltr'><strong>Dei</strong></span> <span class='ocrx_word' id='word_1_47' title='bbox 742 1190 908 1273; x_wconf 90' lang='lat' dir='ltr'><strong>episcopus</strong></span> <span class='ocrx_word' id='word_1_48' title='bbox 942 1188 1160 1254; x_wconf 77' lang='lat' dir='ltr'><strong>Heracliensis</strong></span> <span class='ocrx_word' id='word_1_49' title='bbox 1200 1189 1339 1254; x_wconf 90' lang='lat' dir='ltr'><strong>civitatis</strong></span> 
     </span>
     <span class='ocr_line' id='line_1_9' title="bbox 67 1291 1338 1380; baseline -0.003 -20"><span class='ocrx_word' id='word_1_50' title='bbox 67 1295 351 1380; x_wconf 54' lang='lat' dir='ltr'><strong>metropolitanum</strong></span> <span class='ocrx_word' id='word_1_51' title='bbox 381 1292 585 1357; x_wconf 83' lang='lat' dir='ltr'><strong>subscribens</strong></span> <span class='ocrx_word' id='word_1_52' title='bbox 613 1292 648 1355; x_wconf 92' lang='lat' dir='ltr'><strong>in</strong></span> <span class='ocrx_word' id='word_1_53' title='bbox 675 1291 897 1376; x_wconf 86' lang='lat' dir='ltr'><strong>synodalibus,</strong></span> <span class='ocrx_word' id='word_1_54' title='bbox 927 1291 1031 1355; x_wconf 89' lang='lat' dir='ltr'><strong>saluto</strong></span> <span class='ocrx_word' id='word_1_55' title='bbox 1054 1313 1109 1356; x_wconf 89' lang='lat' dir='ltr'><strong>vos</strong></span> <span class='ocrx_word' id='word_1_56' title='bbox 1132 1292 1167 1357; x_wconf 93' lang='lat' dir='ltr'><strong>in</strong></span> <span class='ocrx_word' id='word_1_57' title='bbox 1189 1291 1338 1375; x_wconf 88' lang='lat' dir='ltr'><strong>Domino,</strong></span> 
     </span>
    </p>
   </div>
   <div class='ocr_carea' id='block_1_5' title="bbox 14 1399 1340 1989">
    <p class='ocr_par' dir='ltr' id='par_1_5' title="bbox 14 1399 1340 1989">
     <span class='ocr_line' id='line_1_10' title="bbox 66 1399 206 1462; baseline -0.007 0"><span class='ocrx_word' id='word_1_58' title='bbox 66 1399 206 1462; x_wconf 89' lang='lat' dir='ltr'><strong>domine.</strong></span> 
     </span>
     <span class='ocr_line' id='line_1_11' title="bbox 152 1495 1340 1585; baseline -0.003 -22"><span class='ocrx_word' id='word_1_59' title='bbox 152 1498 326 1563; x_wconf 87' lang='lat' dir='ltr'><strong>Basiliscus</strong></span> <span class='ocrx_word' id='word_1_60' title='bbox 353 1497 570 1562; x_wconf 89' lang='lat' dir='ltr'><strong>misericordia</strong></span> <span class='ocrx_word' id='word_1_61' title='bbox 592 1496 653 1561; x_wconf 89' lang='lat' dir='ltr'><strong>Dei</strong></span> <span class='ocrx_word' id='word_1_62' title='bbox 681 1497 847 1585; x_wconf 87' lang='lat' dir='ltr'><strong>episcopus</strong></span> <span class='ocrx_word' id='word_1_63' title='bbox 876 1496 1135 1581; x_wconf 75' lang='lat' dir='ltr'><strong>Cyainensiuml)</strong></span> <span class='ocrx_word' id='word_1_64' title='bbox 1158 1495 1340 1580; x_wconf 88' lang='lat' dir='ltr'><strong>metropoli·</strong></span> 
     </span>
     <span class='ocr_line' id='line_1_12' title="bbox 65 1604 352 1684; baseline -0.003 -18"><span class='ocrx_word' id='word_1_65' title='bbox 65 1605 166 1666; x_wconf 90' lang='lat' dir='ltr'><strong>tanus</strong></span> <span class='ocrx_word' id='word_1_66' title='bbox 188 1604 224 1665; x_wconf 91' lang='lat' dir='ltr'><strong>ut</strong></span> <span class='ocrx_word' id='word_1_67' title='bbox 246 1622 352 1684; x_wconf 91' lang='lat' dir='ltr'><strong>snpra.</strong></span> 
     </span>
     <span class='ocr_line' id='line_1_13' title="bbox 152 1698 1340 1787; baseline -0.003 -20"><span class='ocrx_word' id='word_1_68' title='bbox 152 1700 336 1787; x_wconf 79' lang='lat' dir='ltr'><strong>Stephanus</strong></span> <span class='ocrx_word' id='word_1_69' title='bbox 363 1701 580 1766; x_wconf 85' lang='lat' dir='ltr'><strong>misericordia</strong></span> <span class='ocrx_word' id='word_1_70' title='bbox 608 1700 667 1764; x_wconf 92' lang='lat' dir='ltr'><strong>Dei</strong></span> <span class='ocrx_word' id='word_1_71' title='bbox 702 1700 870 1784; x_wconf 88' lang='lat' dir='ltr'><strong>episcopus</strong></span> <span class='ocrx_word' id='word_1_72' title='bbox 898 1698 1193 1765; x_wconf 87' lang='lat' dir='ltr'><strong>Nicomediensium</strong></span> <span class='ocrx_word' id='word_1_73' title='bbox 1225 1703 1340 1764; x_wconf 84' lang='lat' dir='ltr'><strong>metro·</strong></span> 
     </span>
     <span class='ocr_line' id='line_1_14' title="bbox 14 1805 419 1890; baseline -0.005 -21"><span class='ocrx_word' id='word_1_74' title='bbox 14 1813 26 1823; x_wconf 71' lang='lat'><strong><em>‘</em></strong></span> <span class='ocrx_word' id='word_1_75' title='bbox 63 1805 229 1890; x_wconf 91' lang='lat' dir='ltr'><strong>politanus</strong></span> <span class='ocrx_word' id='word_1_76' title='bbox 252 1806 289 1868; x_wconf 88' lang='lat' dir='ltr'><strong>ut</strong></span> <span class='ocrx_word' id='word_1_77' title='bbox 310 1825 419 1888; x_wconf 86' lang='lat' dir='ltr'><strong>supra.</strong></span> 
     </span>
     <span class='ocr_line' id='line_1_15' title="bbox 152 1903 1340 1989; baseline -0.001 -19"><span class='ocrx_word' id='word_1_78' title='bbox 152 1906 265 1971; x_wconf 81' lang='lat' dir='ltr'><strong>Esaias</strong></span> <span class='ocrx_word' id='word_1_79' title='bbox 292 1905 511 1970; x_wconf 83' lang='lat' dir='ltr'><strong>misericordia</strong></span> <span class='ocrx_word' id='word_1_80' title='bbox 533 1904 594 1969; x_wconf 91' lang='lat' dir='ltr'><strong>Dei</strong></span> <span class='ocrx_word' id='word_1_81' title='bbox 623 1905 790 1989; x_wconf 90' lang='lat' dir='ltr'><strong>episcopus</strong></span> <span class='ocrx_word' id='word_1_82' title='bbox 818 1903 963 1968; x_wconf 90' lang='lat' dir='ltr'><strong>Rhodiae</strong></span> <span class='ocrx_word' id='word_1_83' title='bbox 992 1903 1131 1969; x_wconf 85' lang='lat' dir='ltr'><strong>civitatis</strong></span> <span class='ocrx_word' id='word_1_84' title='bbox 1159 1905 1340 1989; x_wconf 88' lang='lat' dir='ltr'><strong>metropoli-</strong></span> 
     </span>
    </p>
   </div>
   <div class='ocr_carea' id='block_1_6' title="bbox 64 2012 1339 2193">
    <p class='ocr_par' dir='ltr' id='par_1_6' title="bbox 64 2012 1339 2193">
     <span class='ocr_line' id='line_1_16' title="bbox 64 2012 351 2091; baseline -0.007 -17"><span class='ocrx_word' id='word_1_85' title='bbox 64 2013 163 2074; x_wconf 87' lang='lat' dir='ltr'><strong>tanus</strong></span> <span class='ocrx_word' id='word_1_86' title='bbox 185 2012 222 2073; x_wconf 91' lang='lat' dir='ltr'><strong>ut</strong></span> <span class='ocrx_word' id='word_1_87' title='bbox 244 2030 351 2091; x_wconf 91' lang='lat' dir='ltr'><strong>supra.</strong></span> 
     </span>
     <span class='ocr_line' id='line_1_17' title="bbox 153 2107 1339 2193; baseline -0.002 -19"><span class='ocrx_word' id='word_1_88' title='bbox 153 2110 345 2174; x_wconf 84' lang='lat' dir='ltr'><strong>Anastasius</strong></span> <span class='ocrx_word' id='word_1_89' title='bbox 372 2110 589 2175; x_wconf 87' lang='lat' dir='ltr'><strong>misericordia</strong></span> <span class='ocrx_word' id='word_1_90' title='bbox 618 2107 678 2172; x_wconf 91' lang='lat' dir='ltr'><strong>Dei</strong></span> <span class='ocrx_word' id='word_1_91' title='bbox 707 2108 874 2193; x_wconf 90' lang='lat' dir='ltr'><strong>episcopus</strong></span> <span class='ocrx_word' id='word_1_92' title='bbox 901 2107 1129 2172; x_wconf 86' lang='lat' dir='ltr'><strong>Nicaeensium</strong></span> <span class='ocrx_word' id='word_1_93' title='bbox 1158 2109 1339 2192; x_wconf 89' lang='lat' dir='ltr'><strong>metropoli·</strong></span> 
     </span>
    </p>
   </div>
   <div class='ocr_carea' id='block_1_7' title="bbox 63 2216 1341 3726">
    <p class='ocr_par' dir='ltr' id='par_1_7' title="bbox 64 2216 352 2295">
     <span class='ocr_line' id='line_1_18' title="bbox 64 2216 352 2295; baseline -0.01 -17"><span class='ocrx_word' id='word_1_94' title='bbox 64 2217 165 2278; x_wconf 87' lang='lat' dir='ltr'><strong>tanus</strong></span> <span class='ocrx_word' id='word_1_95' title='bbox 188 2216 225 2277; x_wconf 97' lang='lat' dir='ltr'><strong>ut</strong></span> <span class='ocrx_word' id='word_1_96' title='bbox 245 2234 352 2295; x_wconf 89' lang='lat' dir='ltr'><strong>supra.</strong></span> 
     </span>
    </p>

    <p class='ocr_par' dir='ltr' id='par_1_8' title="bbox 63 2311 1339 2503">
     <span class='ocr_line' id='line_1_19' title="bbox 151 2311 1339 2397; baseline -0.003 -18"><span class='ocrx_word' id='word_1_97' title='bbox 151 2313 317 2380; x_wconf 79' lang='lat' dir='ltr'><strong>lohannes</strong></span> <span class='ocrx_word' id='word_1_98' title='bbox 345 2313 562 2378; x_wconf 85' lang='lat' dir='ltr'><strong>misericordia</strong></span> <span class='ocrx_word' id='word_1_99' title='bbox 589 2312 648 2377; x_wconf 89' lang='lat' dir='ltr'><strong>Dei</strong></span> <span class='ocrx_word' id='word_1_100' title='bbox 678 2313 843 2397; x_wconf 85' lang='lat' dir='ltr'><strong>episcopus</strong></span> <span class='ocrx_word' id='word_1_101' title='bbox 867 2311 1165 2396; x_wconf 81' lang='lat' dir='ltr'><strong>Claudiopolitanac</strong></span> <span class='ocrx_word' id='word_1_102' title='bbox 1199 2313 1339 2378; x_wconf 89' lang='lat' dir='ltr'><strong>civitatis</strong></span> 
     </span>
     <span class='ocr_line' id='line_1_20' title="bbox 63 2415 603 2503; baseline -0.006 -22"><span class='ocrx_word' id='word_1_103' title='bbox 63 2416 251 2503; x_wconf 77' lang='lat' dir='ltr'><strong>provinciae</strong></span> <span class='ocrx_word' id='word_1_104' title='bbox 273 2415 416 2480; x_wconf 88' lang='lat' dir='ltr'><strong>Isauriae</strong></span> <span class='ocrx_word' id='word_1_105' title='bbox 438 2418 474 2479; x_wconf 91' lang='lat' dir='ltr'><strong>ut</strong></span> <span class='ocrx_word' id='word_1_106' title='bbox 496 2437 603 2500; x_wconf 90' lang='lat' dir='ltr'><strong>supra.</strong></span> 
     </span>
    </p>

    <p class='ocr_par' dir='ltr' id='par_1_9' title="bbox 65 2515 1340 2704">
     <span class='ocr_line' id='line_1_21' title="bbox 151 2515 1340 2601; baseline 0.001 -20"><span class='ocrx_word' id='word_1_107' title='bbox 151 2518 310 2582; x_wconf 89' lang='lat' dir='ltr'><strong>Paternus</strong></span> <span class='ocrx_word' id='word_1_108' title='bbox 332 2517 550 2581; x_wconf 88' lang='lat' dir='ltr'><strong>misericordia</strong></span> <span class='ocrx_word' id='word_1_109' title='bbox 572 2516 633 2582; x_wconf 90' lang='lat' dir='ltr'><strong>Dei</strong></span> <span class='ocrx_word' id='word_1_110' title='bbox 656 2516 871 2601; x_wconf 85' lang='lat' dir='ltr'><strong>episcopus¹⁰)</strong></span> <span class='ocrx_word' id='word_1_111' title='bbox 894 2515 1079 2600; x_wconf 84' lang='lat' dir='ltr'><strong>provinciae</strong></span> <span class='ocrx_word' id='word_1_112' title='bbox 1102 2515 1253 2601; x_wconf 84' lang='lat' dir='ltr'><strong>Scythiae</strong></span> <span class='ocrx_word' id='word_1_113' title='bbox 1276 2540 1340 2581; x_wconf 88' lang='lat' dir='ltr'><strong>mc·</strong></span> 
     </span>
     <span class='ocr_line' id='line_1_22' title="bbox 65 2620 469 2704; baseline -0.005 -20"><span class='ocrx_word' id='word_1_114' title='bbox 65 2620 283 2704; x_wconf 87' lang='lat' dir='ltr'><strong>tropolitanus</strong></span> <span class='ocrx_word' id='word_1_115' title='bbox 305 2623 341 2684; x_wconf 93' lang='lat' dir='ltr'><strong>ut</strong></span> <span class='ocrx_word' id='word_1_116' title='bbox 363 2641 469 2703; x_wconf 89' lang='lat' dir='ltr'><strong>supra.</strong></span> 
     </span>
    </p>

    <p class='ocr_par' dir='ltr' id='par_1_10' title="bbox 64 2719 1341 2907">
     <span class='ocr_line' id='line_1_23' title="bbox 151 2719 1341 2805; baseline -0.001 -20"><span class='ocrx_word' id='word_1_117' title='bbox 151 2720 336 2785; x_wconf 88' lang='lat' dir='ltr'><strong>Marcianus</strong></span> <span class='ocrx_word' id='word_1_118' title='bbox 369 2721 586 2785; x_wconf 88' lang='lat' dir='ltr'><strong>misericordia</strong></span> <span class='ocrx_word' id='word_1_119' title='bbox 618 2721 678 2785; x_wconf 93' lang='lat' dir='ltr'><strong>Dei</strong></span> <span class='ocrx_word' id='word_1_120' title='bbox 713 2721 880 2805; x_wconf 88' lang='lat' dir='ltr'><strong>episcopus</strong></span> <span class='ocrx_word' id='word_1_121' title='bbox 903 2719 1172 2785; x_wconf 77' lang='lat' dir='ltr'><strong>Calchedonensis</strong></span> <span class='ocrx_word' id='word_1_122' title='bbox 1200 2720 1341 2785; x_wconf 85' lang='lat' dir='ltr'><strong>civitatis</strong></span> 
     </span>
     <span class='ocr_line' id='line_1_24' title="bbox 64 2822 521 2907; baseline -0.004 -18"><span class='ocrx_word' id='word_1_123' title='bbox 64 2822 334 2907; x_wconf 86' lang='lat' dir='ltr'><strong>metropolitanus</strong></span> <span class='ocrx_word' id='word_1_124' title='bbox 357 2827 521 2907; x_wconf 89' lang='lat' dir='ltr'><strong>utsupra.</strong></span> 
     </span>
    </p>

    <p class='ocr_par' dir='ltr' id='par_1_11' title="bbox 64 2923 1340 3112">
     <span class='ocr_line' id='line_1_25' title="bbox 151 2923 1340 3009; baseline 0 -21"><span class='ocrx_word' id='word_1_125' title='bbox 151 2925 311 2989; x_wconf 87' lang='lat' dir='ltr'><strong>Patricius</strong></span> <span class='ocrx_word' id='word_1_126' title='bbox 339 2925 556 2990; x_wconf 89' lang='lat' dir='ltr'><strong>misericordia</strong></span> <span class='ocrx_word' id='word_1_127' title='bbox 577 2924 637 2989; x_wconf 89' lang='lat' dir='ltr'><strong>Dei</strong></span> <span class='ocrx_word' id='word_1_128' title='bbox 666 2925 833 3009; x_wconf 90' lang='lat' dir='ltr'><strong>episcopus</strong></span> <span class='ocrx_word' id='word_1_129' title='bbox 861 2923 1170 3008; x_wconf 80' lang='lat' dir='ltr'><strong>Eudoxiopolitanae</strong></span> <span class='ocrx_word' id='word_1_130' title='bbox 1201 2924 1340 2989; x_wconf 87' lang='lat' dir='ltr'><strong>civitatis</strong></span> 
     </span>
     <span class='ocr_line' id='line_1_26' title="bbox 64 3027 520 3112; baseline -0.004 -20"><span class='ocrx_word' id='word_1_131' title='bbox 64 3027 335 3111; x_wconf 89' lang='lat' dir='ltr'><strong>metropolitanus</strong></span> <span class='ocrx_word' id='word_1_132' title='bbox 356 3032 393 3092; x_wconf 91' lang='lat' dir='ltr'><strong>nt</strong></span> <span class='ocrx_word' id='word_1_133' title='bbox 414 3049 520 3112; x_wconf 91' lang='lat' dir='ltr'><strong>supra.</strong></span> 
     </span>
    </p>

    <p class='ocr_par' dir='ltr' id='par_1_12' title="bbox 70 3127 1339 3315">
     <span class='ocr_line' id='line_1_27' title="bbox 151 3127 1339 3213; baseline 0 -20"><span class='ocrx_word' id='word_1_134' title='bbox 151 3128 361 3213; x_wconf 88' lang='lat' dir='ltr'><strong>Polydeucius</strong></span> <span class='ocrx_word' id='word_1_135' title='bbox 392 3129 609 3194; x_wconf 89' lang='lat' dir='ltr'><strong>misericordia</strong></span> <span class='ocrx_word' id='word_1_136' title='bbox 642 3129 703 3193; x_wconf 92' lang='lat' dir='ltr'><strong>Dei</strong></span> <span class='ocrx_word' id='word_1_137' title='bbox 735 3129 902 3212; x_wconf 91' lang='lat' dir='ltr'><strong>episcopus</strong></span> <span class='ocrx_word' id='word_1_138' title='bbox 937 3127 1163 3192; x_wconf 81' lang='lat' dir='ltr'><strong>Antiochense</strong></span> <span class='ocrx_word' id='word_1_139' title='bbox 1199 3127 1339 3193; x_wconf 81' lang='lat' dir='ltr'><strong>civitatis</strong></span> 
     </span>
     <span class='ocr_line' id='line_1_28' title="bbox 70 3231 527 3315; baseline -0.002 -20"><span class='ocrx_word' id='word_1_140' title='bbox 70 3231 339 3314; x_wconf 87' lang='lat' dir='ltr'><strong>metropolitanus</strong></span> <span class='ocrx_word' id='word_1_141' title='bbox 362 3235 399 3296; x_wconf 89' lang='lat' dir='ltr'><strong>ut</strong></span> <span class='ocrx_word' id='word_1_142' title='bbox 421 3253 527 3315; x_wconf 89' lang='lat' dir='ltr'><strong>supra.</strong></span> 
     </span>
    </p>

    <p class='ocr_par' dir='ltr' id='par_1_13' title="bbox 64 3330 1340 3521">
     <span class='ocr_line' id='line_1_29' title="bbox 152 3330 1340 3418; baseline 0.001 -23"><span class='ocrx_word' id='word_1_143' title='bbox 152 3332 309 3418; x_wconf 82' lang='lat' dir='ltr'><strong>Eulogius</strong></span> <span class='ocrx_word' id='word_1_144' title='bbox 330 3333 548 3397; x_wconf 87' lang='lat' dir='ltr'><strong>misericordia</strong></span> <span class='ocrx_word' id='word_1_145' title='bbox 562 3331 623 3396; x_wconf 89' lang='lat' dir='ltr'><strong>Dei</strong></span> <span class='ocrx_word' id='word_1_146' title='bbox 646 3333 814 3417; x_wconf 89' lang='lat' dir='ltr'><strong>episcopus</strong></span> <span class='ocrx_word' id='word_1_147' title='bbox 829 3330 1040 3396; x_wconf 89' lang='lat' dir='ltr'><strong>Melisiecium</strong></span> <span class='ocrx_word' id='word_1_148' title='bbox 1063 3332 1203 3396; x_wconf 85' lang='lat' dir='ltr'><strong>civitatis</strong></span> <span class='ocrx_word' id='word_1_149' title='bbox 1224 3335 1340 3397; x_wconf 91' lang='lat' dir='ltr'><strong>metro-</strong></span> 
     </span>
     <span class='ocr_line' id='line_1_30' title="bbox 64 3435 419 3521; baseline 0 -22"><span class='ocrx_word' id='word_1_150' title='bbox 64 3435 231 3521; x_wconf 88' lang='lat' dir='ltr'><strong>politanus</strong></span> <span class='ocrx_word' id='word_1_151' title='bbox 253 3436 291 3498; x_wconf 91' lang='lat' dir='ltr'><strong>ut</strong></span> <span class='ocrx_word' id='word_1_152' title='bbox 312 3456 419 3519; x_wconf 88' lang='lat' dir='ltr'><strong>supra.</strong></span> 
     </span>
    </p>

    <p class='ocr_par' dir='ltr' id='par_1_14' title="bbox 64 3534 1339 3726">
     <span class='ocr_line' id='line_1_31' title="bbox 152 3534 1339 3621; baseline 0.001 -19"><span class='ocrx_word' id='word_1_153' title='bbox 152 3535 335 3620; x_wconf 88' lang='lat' dir='ltr'><strong>Stephanus</strong></span> <span class='ocrx_word' id='word_1_154' title='bbox 367 3537 585 3602; x_wconf 86' lang='lat' dir='ltr'><strong>misericordia</strong></span> <span class='ocrx_word' id='word_1_155' title='bbox 618 3536 677 3600; x_wconf 89' lang='lat' dir='ltr'><strong>Dei</strong></span> <span class='ocrx_word' id='word_1_156' title='bbox 712 3537 879 3621; x_wconf 88' lang='lat' dir='ltr'><strong>episcopus</strong></span> <span class='ocrx_word' id='word_1_157' title='bbox 911 3534 1165 3600; x_wconf 89' lang='lat' dir='ltr'><strong>Philomeliensis</strong></span> <span class='ocrx_word' id='word_1_158' title='bbox 1200 3537 1339 3603; x_wconf 87' lang='lat' dir='ltr'><strong>civitatis</strong></span> 
     </span>
     <span class='ocr_line' id='line_1_32' title="bbox 64 3637 600 3726; baseline -0.002 -22"><span class='ocrx_word' id='word_1_159' title='bbox 64 3639 252 3726; x_wconf 85' lang='lat' dir='ltr'><strong>provinciae</strong></span> <span class='ocrx_word' id='word_1_160' title='bbox 274 3637 413 3703; x_wconf 90' lang='lat' dir='ltr'><strong>Pisidiae</strong></span> <span class='ocrx_word' id='word_1_161' title='bbox 435 3643 472 3703; x_wconf 93' lang='lat' dir='ltr'><strong>ut</strong></span> <span class='ocrx_word' id='word_1_162' title='bbox 494 3662 600 3724; x_wconf 90' lang='lat' dir='ltr'><strong>supra.</strong></span> 
     </span>
    </p>
   </div>
   <div class='ocr_carea' id='block_1_8' title="bbox 84 3763 372 3773">
    <p class='ocr_par' dir='ltr' id='par_1_15' title="bbox 84 3763 372 3773">
     <span class='ocr_line' id='line_1_33' title="bbox 84 3763 372 3773; baseline -0.01 0"><span class='ocrx_word' id='word_1_163' title='bbox 84 3765 184 3773; x_wconf 73' lang='lat'><strong>-—-</strong></span> <span class='ocrx_word' id='word_1_164' title='bbox 342 3763 372 3770; x_wconf 68' lang='grc'><strong>.-</strong></span> 
     </span>
    </p>
   </div>
   <div class='ocr_carea' id='block_1_9' title="bbox 61 3807 1341 4994">
    <p class='ocr_par' dir='ltr' id='par_1_16' title="bbox 62 3807 1341 3966">
     <span class='ocr_line' id='line_1_34' title="bbox 135 3807 1341 3883; baseline 0 -19"><span class='ocrx_word' id='word_1_165' title='bbox 135 3813 155 3879; x_wconf 80' lang='lat'><strong>⁸)</strong></span> <span class='ocrx_word' id='word_1_166' title='bbox 175 3809 280 3865; x_wconf 85' lang='lat' dir='ltr'><strong>Graece</strong></span> <span class='ocrx_word' id='word_1_167' title='bbox 299 3816 363 3873; x_wconf 79' lang='grc' dir='ltr'><strong><em>ταῖς</em></strong></span> <span class='ocrx_word' id='word_1_168' title='bbox 382 3811 535 3872; x_wconf 72' lang='lat' dir='ltr'><strong>acrisium</strong></span> <span class='ocrx_word' id='word_1_169' title='bbox 553 3809 644 3880; x_wconf 89' lang='lat' dir='ltr'><strong>aptius</strong></span> <span class='ocrx_word' id='word_1_170' title='bbox 662 3809 750 3864; x_wconf 87' lang='lat' dir='ltr'><strong>latine</strong></span> <span class='ocrx_word' id='word_1_171' title='bbox 768 3813 964 3883; x_wconf 74' lang='lat' dir='ltr'><strong>institutionibus</strong></span> <span class='ocrx_word' id='word_1_172' title='bbox 981 3807 1154 3863; x_wconf 87' lang='lat' dir='ltr'><strong>redderetur.</strong></span> <span class='ocrx_word' id='word_1_173' title='bbox 1197 3808 1274 3863; x_wconf 92' lang='lat' dir='ltr'><strong>Idem</strong></span> <span class='ocrx_word' id='word_1_174' title='bbox 1292 3809 1341 3878; x_wconf 91' lang='lat' dir='ltr'><strong>qui</strong></span> 
     </span>
     <span class='ocr_line' id='line_1_35' title="bbox 62 3893 448 3966; baseline -0.005 -16"><span class='ocrx_word' id='word_1_175' title='bbox 62 3911 151 3966; x_wconf 86' lang='lat' dir='ltr'><strong>supra</strong></span> <span class='ocrx_word' id='word_1_176' title='bbox 168 3893 329 3965; x_wconf 88' lang='lat' dir='ltr'><strong>interpretis</strong></span> <span class='ocrx_word' id='word_1_177' title='bbox 346 3895 448 3965; x_wconf 86' lang='lat' dir='ltr'><strong>lapsus.</strong></span> 
     </span>
    </p>

    <p class='ocr_par' dir='ltr' id='par_1_17' title="bbox 61 3977 1340 4994">
     <span class='ocr_line' id='line_1_36' title="bbox 134 3977 1339 4049; baseline 0 -16"><span class='ocrx_word' id='word_1_178' title='bbox 134 3983 156 4048; x_wconf 80' lang='lat'><strong>⁰)</strong></span> <span class='ocrx_word' id='word_1_179' title='bbox 165 3979 248 4034; x_wconf 85' lang='lat' dir='ltr'><strong>ItaG¹</strong></span> <span class='ocrx_word' id='word_1_180' title='bbox 258 4004 264 4046; x_wconf 87' lang='lat'>;</span> <span class='ocrx_word' id='word_1_181' title='bbox 275 3980 316 4035; x_wconf 90' lang='lat' dir='ltr'><strong>ed.</strong></span> <span class='ocrx_word' id='word_1_182' title='bbox 325 3985 547 4049; x_wconf 81' lang='lat' dir='ltr'><strong>qniZieinencium,</strong></span> <span class='ocrx_word' id='word_1_183' title='bbox 559 3979 667 4035; x_wconf 90' lang='lat' dir='ltr'><strong>duobus</strong></span> <span class='ocrx_word' id='word_1_184' title='bbox 676 3979 781 4047; x_wconf 62' lang='lat' dir='ltr'><strong>verbim</strong></span> <span class='ocrx_word' id='word_1_185' title='bbox 791 3979 976 4034; x_wconf 89' lang='lat' dir='ltr'><strong>emendantur</strong></span> <span class='ocrx_word' id='word_1_186' title='bbox 986 3996 1019 4034; x_wconf 82' lang='lat' dir='ltr'><strong>cx</strong></span> <span class='ocrx_word' id='word_1_187' title='bbox 1031 3977 1339 4049; x_wconf 82' lang='lat' dir='ltr'><strong>Constantinopolitano</strong></span> 
     </span>
     <span class='ocr_line' id='line_1_37' title="bbox 63 4063 1340 4135; baseline -0.002 -14"><span class='ocrx_word' id='word_1_188' title='bbox 63 4064 183 4121; x_wconf 87' lang='lat' dir='ltr'><strong>concilio</strong></span> <span class='ocrx_word' id='word_1_189' title='bbox 202 4081 274 4119; x_wconf 89' lang='lat' dir='ltr'><strong>anno</strong></span> <span class='ocrx_word' id='word_1_190' title='bbox 293 4070 343 4119; x_wconf 82' lang='lat' dir='ltr'><strong>ste</strong></span> <span class='ocrx_word' id='word_1_191' title='bbox 361 4063 470 4130; x_wconf 89' lang='lat' dir='ltr'><strong>habito,</strong></span> <span class='ocrx_word' id='word_1_192' title='bbox 492 4064 592 4134; x_wconf 88' lang='lat' dir='ltr'><strong>synodi</strong></span> <span class='ocrx_word' id='word_1_193' title='bbox 609 4064 677 4119; x_wconf 90' lang='lat' dir='ltr'><strong>item</strong></span> <span class='ocrx_word' id='word_1_194' title='bbox 695 4063 1019 4135; x_wconf 82' lang='lat' dir='ltr'><strong>Constantinopolitanae</strong></span> <span class='ocrx_word' id='word_1_195' title='bbox 1036 4065 1087 4119; x_wconf 91' lang='lat' dir='ltr'><strong>sub</strong></span> <span class='ocrx_word' id='word_1_196' title='bbox 1104 4063 1188 4119; x_wconf 84' lang='lat' dir='ltr'><strong>Mena</strong></span> <span class='ocrx_word' id='word_1_197' title='bbox 1200 4063 1340 4119; x_wconf 86' lang='lat' dir='ltr'><strong>actioniV</strong></span> 
     </span>
     <span class='ocr_line' id='line_1_38' title="bbox 63 4144 1340 4220; baseline -0.002 -15"><span class='ocrx_word' id='word_1_198' title='bbox 63 4150 184 4212; x_wconf 88' lang='lat' dir='ltr'><strong>inserto,</strong></span> <span class='ocrx_word' id='word_1_199' title='bbox 204 4149 248 4203; x_wconf 91' lang='lat' dir='ltr'><strong>oui</strong></span> <span class='ocrx_word' id='word_1_200' title='bbox 265 4149 341 4204; x_wconf 90' lang='lat' dir='ltr'><strong>idem</strong></span> <span class='ocrx_word' id='word_1_201' title='bbox 358 4149 509 4204; x_wconf 87' lang='lat' dir='ltr'><strong>subscribit</strong></span> <span class='ocrx_word' id='word_1_202' title='bbox 522 4154 663 4205; x_wconf 81' lang='lat' dir='ltr'><strong>Basiliscus</strong></span> <span class='ocrx_word' id='word_1_203' title='bbox 682 4157 817 4219; x_wconf 79' lang='lat' dir='ltr'><strong>episeopus</strong></span> <span class='ocrx_word' id='word_1_204' title='bbox 830 4154 922 4219; x_wconf 71' lang='lat' dir='ltr'><strong>Cyzici,</strong></span> <span class='ocrx_word' id='word_1_205' title='bbox 940 4166 1041 4220; x_wconf 83' lang='lat' dir='ltr'><strong>graece</strong></span> <span class='ocrx_word' id='word_1_206' title='bbox 1060 4150 1112 4219; x_wconf 76' lang='grc' dir='ltr'><strong>τῆς</strong></span> <span class='ocrx_word' id='word_1_207' title='bbox 1172 4144 1340 4219; x_wconf 59' lang='lat' dir='ltr'><strong>licitatione</strong></span> 
     </span>
     <span class='ocr_line' id='line_1_39' title="bbox 63 4229 1339 4306; baseline -0.001 -16"><span class='ocrx_word' id='word_1_208' title='bbox 63 4229 276 4306; x_wconf 74' lang='grc' dir='ltr'><em>μητροπόλεως.</em></span> <span class='ocrx_word' id='word_1_209' title='bbox 312 4234 447 4298; x_wconf 84' lang='lat' dir='ltr'><strong>Quocirca</strong></span> <span class='ocrx_word' id='word_1_210' title='bbox 465 4239 644 4304; x_wconf 79' lang='lat' dir='ltr'><strong>Cyzicenorum</strong></span> <span class='ocrx_word' id='word_1_211' title='bbox 667 4251 751 4303; x_wconf 85' lang='lat' dir='ltr'><strong>quam</strong></span> <span class='ocrx_word' id='word_1_212' title='bbox 769 4239 967 4303; x_wconf 76' lang='lat' dir='ltr'><strong>Cyzicinenaium</strong></span> <span class='ocrx_word' id='word_1_213' title='bbox 984 4234 1136 4288; x_wconf 87' lang='lat' dir='ltr'><strong>mallemus.</strong></span> <span class='ocrx_word' id='word_1_214' title='bbox 1172 4234 1245 4288; x_wconf 84' lang='lat' dir='ltr'><strong>Nam</strong></span> <span class='ocrx_word' id='word_1_215' title='bbox 1262 4234 1339 4304; x_wconf 86' lang='lat' dir='ltr'><strong>prius</strong></span> 
     </span>
     <span class='ocr_line' id='line_1_40' title="bbox 63 4318 1339 4393; baseline -0.002 -18"><span class='ocrx_word' id='word_1_216' title='bbox 63 4319 245 4388; x_wconf 90' lang='lat' dir='ltr'><strong>vulgatorum</strong></span> <span class='ocrx_word' id='word_1_217' title='bbox 267 4319 400 4374; x_wconf 90' lang='lat' dir='ltr'><strong>mendum</strong></span> <span class='ocrx_word' id='word_1_218' title='bbox 422 4336 477 4374; x_wconf 93' lang='lat' dir='ltr'><strong>non</strong></span> <span class='ocrx_word' id='word_1_219' title='bbox 500 4319 610 4375; x_wconf 89' lang='lat' dir='ltr'><strong>aliunde</strong></span> <span class='ocrx_word' id='word_1_220' title='bbox 634 4319 756 4390; x_wconf 88' lang='lat' dir='ltr'><strong>irrepsit,</strong></span> <span class='ocrx_word' id='word_1_221' title='bbox 784 4336 868 4389; x_wconf 87' lang='lat' dir='ltr'><strong>quam</strong></span> <span class='ocrx_word' id='word_1_222' title='bbox 894 4319 970 4390; x_wconf 90' lang='lat' dir='ltr'><strong>quod</strong></span> <span class='ocrx_word' id='word_1_223' title='bbox 996 4318 1147 4393; x_wconf 71' lang='lat' dir='ltr'><strong>antiquarii</strong></span> <span class='ocrx_word' id='word_1_224' title='bbox 1170 4325 1213 4389; x_wconf 85' lang='lat' dir='ltr'><strong>qui</strong></span> <span class='ocrx_word' id='word_1_225' title='bbox 1233 4335 1285 4389; x_wconf 92' lang='lat' dir='ltr'><strong>pro</strong></span> <span class='ocrx_word' id='word_1_226' title='bbox 1308 4341 1339 4389; x_wconf 79' lang='lat' dir='ltr'><strong>cy</strong></span> 
     </span>
     <span class='ocr_line' id='line_1_41' title="bbox 63 4402 1339 4475; baseline 0.002 -18"><span class='ocrx_word' id='word_1_227' title='bbox 63 4407 147 4475; x_wconf 88' lang='lat' dir='ltr'><strong>(puta</strong></span> <span class='ocrx_word' id='word_1_228' title='bbox 159 4406 292 4469; x_wconf 72' lang='lat' dir='ltr'><strong>Quirinum</strong></span> <span class='ocrx_word' id='word_1_229' title='bbox 303 4421 354 4474; x_wconf 91' lang='lat' dir='ltr'><strong>pro</strong></span> <span class='ocrx_word' id='word_1_230' title='bbox 369 4407 502 4473; x_wconf 72' lang='lat' dir='ltr'><strong>Cyrneas)</strong></span> <span class='ocrx_word' id='word_1_231' title='bbox 521 4405 611 4460; x_wconf 89' lang='lat' dir='ltr'><strong>solent</strong></span> <span class='ocrx_word' id='word_1_232' title='bbox 628 4404 753 4475; x_wconf 83' lang='lat' dir='ltr'><strong>pingere.</strong></span> <span class='ocrx_word' id='word_1_233' title='bbox 783 4403 880 4459; x_wconf 87' lang='lat' dir='ltr'><strong>Obiter</strong></span> <span class='ocrx_word' id='word_1_234' title='bbox 898 4404 1024 4469; x_wconf 88' lang='lat' dir='ltr'><strong>observo,</strong></span> <span class='ocrx_word' id='word_1_235' title='bbox 1043 4402 1162 4458; x_wconf 70' lang='lat' dir='ltr'><strong>ex&#39;infra</strong></span> <span class='ocrx_word' id='word_1_236' title='bbox 1174 4403 1339 4475; x_wconf 85' lang='lat' dir='ltr'><strong>subscriptis</strong></span> 
     </span>
     <span class='ocr_line' id='line_1_42' title="bbox 62 4475 1339 4560; baseline 0 -16"><span class='ocrx_word' id='word_1_237' title='bbox 62 4488 204 4560; x_wconf 88' lang='lat' dir='ltr'><strong>episcopis</strong></span> <span class='ocrx_word' id='word_1_238' title='bbox 231 4488 316 4546; x_wconf 87' lang='lat' dir='ltr'><strong>ctiam</strong></span> <span class='ocrx_word' id='word_1_239' title='bbox 338 4489 498 4560; x_wconf 88' lang='lat' dir='ltr'><strong>supradicto</strong></span> <span class='ocrx_word' id='word_1_240' title='bbox 522 4489 637 4544; x_wconf 90' lang='lat' dir='ltr'><strong>concilio</strong></span> <span class='ocrx_word' id='word_1_241' title='bbox 656 4488 971 4559; x_wconf 81' lang='lat' dir='ltr'><strong>Constantinopolitano</strong></span> <span class='ocrx_word' id='word_1_242' title='bbox 987 4488 1038 4549; x_wconf 88' lang='lat' dir='ltr'><strong>sub</strong></span> <span class='ocrx_word' id='word_1_243' title='bbox 1059 4475 1143 4543; x_wconf 72' lang='lat' dir='ltr'><strong>hiena</strong></span> <span class='ocrx_word' id='word_1_244' title='bbox 1165 4488 1339 4544; x_wconf 91' lang='lat' dir='ltr'><strong>subscribere</strong></span> 
     </span>
     <span class='ocr_line' id='line_1_43' title="bbox 67 4571 1339 4644; baseline 0.001 -15"><span class='ocrx_word' id='word_1_245' title='bbox 67 4571 232 4643; x_wconf 76' lang='lat' dir='ltr'><strong>Ttecpiridrm</strong></span> <span class='ocrx_word' id='word_1_246' title='bbox 251 4578 456 4644; x_wconf 81' lang='lat' dir='ltr'><strong>Heracliensem,</strong></span> <span class='ocrx_word' id='word_1_247' title='bbox 477 4581 639 4629; x_wconf 72' lang='lat' dir='ltr'><strong>Anactorium</strong></span> <span class='ocrx_word' id='word_1_248' title='bbox 658 4580 836 4642; x_wconf 71' lang='lat' dir='ltr'><strong>Niceronem,</strong></span> <span class='ocrx_word' id='word_1_249' title='bbox 856 4579 1016 4629; x_wconf 76' lang='lat' dir='ltr'><strong>Marcianum</strong></span> <span class='ocrx_word' id='word_1_250' title='bbox 1034 4578 1276 4644; x_wconf 76' lang='lat' dir='ltr'><strong>Calchedonemem,</strong></span> <span class='ocrx_word' id='word_1_251' title='bbox 1294 4579 1339 4630; x_wconf 78' lang='lat' dir='ltr'><strong>Jo-</strong></span> 
     </span>
     <span class='ocr_line' id='line_1_44' title="bbox 62 4664 1337 4729; baseline -0.001 -14"><span class='ocrx_word' id='word_1_252' title='bbox 62 4666 172 4715; x_wconf 84' lang='lat' dir='ltr'><strong>ltannem</strong></span> <span class='ocrx_word' id='word_1_253' title='bbox 190 4664 447 4727; x_wconf 81' lang='lat' dir='ltr'><strong>Claudiopolitanum‚</strong></span> <span class='ocrx_word' id='word_1_254' title='bbox 473 4665 580 4714; x_wconf 79' lang='lat' dir='ltr'><strong>Phocum</strong></span> <span class='ocrx_word' id='word_1_255' title='bbox 600 4665 742 4714; x_wconf 84' lang='lat' dir='ltr'><strong>Dardanae</strong></span> <span class='ocrx_word' id='word_1_256' title='bbox 766 4672 790 4714; x_wconf 87' lang='lat' dir='ltr'><strong>et</strong></span> <span class='ocrx_word' id='word_1_257' title='bbox 809 4665 969 4715; x_wconf 75' lang='lat' dir='ltr'><strong>diarcianum</strong></span> <span class='ocrx_word' id='word_1_258' title='bbox 988 4664 1140 4714; x_wconf 85' lang='lat' dir='ltr'><strong>Marcianae</strong></span> <span class='ocrx_word' id='word_1_259' title='bbox 1158 4664 1267 4714; x_wconf 83' lang='lat' dir='ltr'><strong>civitatis</strong></span> <span class='ocrx_word' id='word_1_260' title='bbox 1285 4665 1337 4729; x_wconf 83' lang='lat' dir='ltr'><strong>epi-</strong></span> 
     </span>
     <span class='ocr_line' id='line_1_45' title="bbox 61 4765 577 4814; baseline 0 -14"><span class='ocrx_word' id='word_1_261' title='bbox 61 4765 168 4814; x_wconf 84' lang='lat' dir='ltr'><strong>scopos.</strong></span> <span class='ocrx_word' id='word_1_262' title='bbox 572 4791 577 4800; x_wconf 96' lang='lat'><strong>.</strong></span> 
     </span>
     <span class='ocr_line' id='line_1_46' title="bbox 136 4829 1338 4900; baseline 0.003 -18"><span class='ocrx_word' id='word_1_263' title='bbox 136 4831 167 4897; x_wconf 83' lang='lat'><strong>¹⁰)</strong></span> <span class='ocrx_word' id='word_1_264' title='bbox 185 4829 211 4882; x_wconf 90' lang='lat' dir='ltr'><strong>Is</strong></span> <span class='ocrx_word' id='word_1_265' title='bbox 229 4830 271 4883; x_wconf 88' lang='lat' dir='ltr'><strong>est</strong></span> <span class='ocrx_word' id='word_1_266' title='bbox 292 4834 438 4884; x_wconf 84' lang='lat' dir='ltr'><strong>Tomitanae</strong></span> <span class='ocrx_word' id='word_1_267' title='bbox 456 4837 566 4885; x_wconf 86' lang='lat' dir='ltr'><strong>ciuitatis</strong></span> <span class='ocrx_word' id='word_1_268' title='bbox 584 4837 729 4900; x_wconf 81' lang='lat' dir='ltr'><strong>episcopus,</strong></span> <span class='ocrx_word' id='word_1_269' title='bbox 749 4848 868 4900; x_wconf 80' lang='lat' dir='ltr'><strong>quem-a</strong></span> <span class='ocrx_word' id='word_1_270' title='bbox 885 4829 995 4900; x_wconf 80' lang='lat' dir='ltr'><strong>Scythis</strong></span> <span class='ocrx_word' id='word_1_271' title='bbox 1012 4830 1155 4886; x_wconf 77' lang='lat' dir='ltr'><strong>monachis</strong></span> <span class='ocrx_word' id='word_1_272' title='bbox 1173 4829 1338 4886; x_wconf 80' lang='lat' dir='ltr'><strong>nominatim</strong></span> 
     </span>
     <span class='ocr_line' id='line_1_47' title="bbox 63 4912 1032 4994; baseline 0.003 -24"><span class='ocrx_word' id='word_1_273' title='bbox 63 4913 227 4973; x_wconf 88' lang='lat' dir='ltr'><strong>accusatum</strong></span> <span class='ocrx_word' id='word_1_274' title='bbox 246 4912 401 4970; x_wconf 83' lang='lat' dir='ltr'><strong>Germanus</strong></span> <span class='ocrx_word' id='word_1_275' title='bbox 420 4914 543 4994; x_wconf 84' lang='lat' dir='ltr'><strong>sociique</strong></span> <span class='ocrx_word' id='word_1_276' title='bbox 560 4915 649 4991; x_wconf 85' lang='lat' dir='ltr'><strong>legati</strong></span> <span class='ocrx_word' id='word_1_277' title='bbox 666 4916 746 4987; x_wconf 88' lang='lat' dir='ltr'><strong>epist.</strong></span> <span class='ocrx_word' id='word_1_278' title='bbox 767 4924 799 4974; x_wconf 77' lang='lat' dir='ltr'><strong>ic</strong></span> <span class='ocrx_word' id='word_1_279' title='bbox 816 4936 843 4982; x_wconf 88' lang='lat' dir='ltr'><strong>n.</strong></span> <span class='ocrx_word' id='word_1_280' title='bbox 863 4925 879 4973; x_wconf 86' lang='lat'>3</span> <span class='ocrx_word' id='word_1_281' title='bbox 896 4915 1032 4973; x_wconf 86' lang='lat' dir='ltr'><strong>nuntiant.</strong></span> 
     </span>
    </p>
   </div>
   <div class='ocr_carea' id='block_1_10' title="bbox 0 0 1606 5506">
    <p class='ocr_par' dir='ltr' id='par_1_18' title="bbox 0 0 1606 5506">
     <span class='ocr_line' id='line_1_48' title="bbox 0 0 1606 5506; baseline 0 0"><span class='ocrx_word' id='word_1_282' title='bbox 0 0 1606 5506; x_wconf 95' lang='lat' dir='ltr'><strong> </strong></span> 
     </span>
    </p>
   </div>
  </div>
 </body>
</html>
