3204 5506
188 313 248 376 112
521 329 655 377 nonxrx
679 328 830 376 rnxuvrx
855 328 892 376 m
914 327 1121 376 uonnxsnxn

187 493 303 547 ocmium
324 492 462 546 modicum
476 484 583 562 facere
605 498 631 546 et
651 492 828 564 sabJ'unpere
849 508 916 547 nram
936 491 1077 551 libellam,
1100 488 1338 562 quemadmodum
1359 494 1462 545 aestro

187 577 328 632 beatitudo
343 577 462 631 dictauit
478 617 485 631 .
502 619 508 637 ,
527 617 533 629 .
566 575 657 647 Crrjus
678 578 859 647 exemplaria
879 591 987 649 praece
1008 582 1036 631 et
1054 577 1144 631 iatine
1160 575 1341 647 apostolatui
1359 580 1461 630 oestro

186 661 354 717 directurus.
385 659 437 715 lste
452 668 541 717 autem
557 677 670 734 graecus
687 660 785 717 excidit
806 669 904 717 textus.
936 660 989 716 Sed
1011 676 1099 734 neque
1119 659 1230 715 latinam
1244 657 1305 730 ejus
1320 659 1462 732 iuterpre-

186 747 314 801 tationem
329 763 343 800 a
360 746 488 802 llioscoro
505 754 560 800 tum
578 747 683 801 missam
699 746 731 800 ad
748 763 797 801 nos
813 747 967 818 pervenisse
983 747 1124 819 qnisquam
1141 745 1190 801 nisi
1207 752 1311 801 temere
1327 740 1458 799 affirmet

186 830 344 885 Praesertim
365 848 449 905 quum
471 830 577 886 libellus
600 830 632 885 ab
654 830 794 887 llorrnisda
811 832 918 894 missus,
943 847 1021 905 quem
1043 831 1178 886 Johannes
1195 847 1209 886 a
1224 846 1255 886 sc
1270 828 1460 904 subscriptum

185 915 314 990 epistolae
329 933 394 971 suae
409 916 553 979 subnectit,
570 932 584 971 e
600 933 698 990 graeco
715 933 862 972 conversus
874 918 917 978 sit,
935 932 988 971 non
1005 914 1114 971 elatine
1131 914 1278 990 exemplari
1294 914 1459 971 authentico

185 1000 346 1075 descriptus,
364 1010 394 1056 nt
411 1002 482 1057 hunc
498 1018 557 1056 cum
573 1018 615 1062 eo,
632 1003 678 1074 qni
694 1001 825 1074 epistolae
838 1002 877 1059 26
893 1000 1030 1057 subnexus
1047 1008 1097 1061 est,
1114 1000 1264 1057 conferenti
1280 999 1459 1056 manifestum

186 1084 241 1140 het.
269 1086 352 1141 h'emo
369 1087 438 1141 enim
456 1085 531 1141 facile
546 1085 596 1141 sihi
618 1088 791 1159 persuaserit,
813 1085 933 1143 libellum
955 1087 1113 1142 allioscoro
1132 1085 1164 1140 ad
1185 1084 1355 1142 hormisdam
1374 1084 1460 1140 latine

185 1171 263 1226 aliter
278 1179 358 1244 atque
373 1173 430 1245 ipsc
446 1188 513 1245 papa
529 1170 672 1226 dictaverat
690 1173 772 1227 inisse
788 1171 961 1228 destinatum.
989 1171 1084 1245 Longe
1100 1173 1184 1247 igitur
1199 1171 1254 1226 reri
1270 1178 1312 1227 est
1328 1168 1460 1232 similius.

185 1273 246 1312 cum
262 1258 350 1330 ipsum
372 1258 555 1330 interpretem,
580 1257 626 1330 qrri
647 1256 768 1313 libellum
790 1274 804 1312 e
825 1273 923 1331 graeco
945 1258 1087 1318 convertit,
1109 1257 1291 1331 ipsi-quoque
1307 1252 1462 1332 praelixam

185 1341 327 1416 epistolam
339 1341 478 1398 *latinitate
494 1341 618 1397 donasse.

415 1491 454 1552 In
474 1491 660 1551 Harmisdee
681 1502 783 1568 papea
807 1491 969 1569 epistolam
989 1490 1029 1552 62
1051 1486 1219 1575 („Meae“).

270 1612 378 1670 Etiamsi
395 1623 497 1669 tantum
514 1631 568 1687 quo
591 1614 634 1669 die
650 1623 756 1687 accepta
774 1632 828 1670 non
844 1631 899 1688 qno
915 1614 976 1670 data
991 1623 1033 1671 est
1048 1623 1167 1677 notatur,
1190 1623 1279 1671 tamen
1295 1630 1382 1688 quum
1398 1631 1458 1671 eam

186 1698 374 1755 Theodoretus
394 1698 511 1755 Pullioni
530 1701 558 1775 in
581 1699 672 1754 urhem
694 1698 819 1755 redeunti
842 1699 984 1755 tradidisse
1003 1717 1033 1756 se
1055 1701 1163 1762 indicet.
1185 1701 1272 1773 ipsum
1295 1699 1378 1762 diem,
1402 1714 1459 1774 quo

186 1785 338 1857 conscripta
358 1793 408 1845 cst,
434 1784 562 1858 supplere
582 1784 645 1840 licet
666 1802 698 1840 ex
724 1785 839 1858 epistola
856 1785 908 1846 66,
931 1802 998 1858 quae
1019 1784 1112 1841 eadem
1133 1786 1274 1841 occasione
1295 1785 1460 1841 transmissa

185 1871 217 1925 X
232 1871 382 1926 It'atendus
404 1870 477 1925 Maii
496 1871 681 1943 consignatur.
716 1868 753 1925 Ex
777 1879 893 1942 utroque
922 1887 985 1926 vero
1008 1887 1103 1927 omncs
1129 1869 1187 1926 illas
1213 1870 1360 1945 epistolas,
1389 1885 1460 1943 quas

185 1953 273 2010 Pulliu
290 1964 353 2011 tunc
367 1955 488 2028 pertulit,
509 1964 537 2010 et
552 1956 650 2029 Aprilis
667 1954 705 2010 22
728 1954 770 2010 dic
791 1954 866 2010 datus
887 1962 915 2010 et
929 1955 1001 2011 Junii
1018 1955 1058 2013 20
1073 1965 1196 2029 acceptas
1213 1956 1297 2011 luisse
1312 1955 1459 2011 discimus.

185 2038 321 2113 Epistulae
344 2040 423 2112 hujus
444 2057 540 2114 graece
560 2041 676 2113 scriptae
693 2040 775 2095 latina
797 2039 935 2097 dumtaxat
955 2042 1143 2115 interpretatio
1165 2040 1197 2096 ad
1218 2058 1268 2096 uos
1289 2057 1305 2097 e
1326 2039 1459 2097 Vaticano

188 2125 280 2181 codice
295 2127 428 2199 pervenit.

248 2274 287 2335 In
307 2274 491 2336 Hormisdou
511 2291 614 2353 papae
637 2274 800 2352 epistolam
820 2274 860 2335 62
875 2279 908 2337 et
921 2274 963 2335 64
984 2272 1246 2356 (,‚Commendane“
1261 2287 1289 2335 et
1303 2278 1394 2351 „Non

727 2357 912 2443 miramnr“).

270 2481 388 2556 Utraque
403 2483 518 2555 epistola
533 2497 564 2537 ex
580 2484 613 2538 iis
628 2491 678 2543 est,
706 2499 771 2555 quas
786 2483 875 2540 Pallio
891 2500 951 2539 cum
972 2482 1095 2558 pluribus
1116 2483 1174 2540 aliis
1190 2483 1273 2558 Aprili
1294 2499 1390 2541 mense
1411 2480 1461 2541 dc·

186 2567 308 2624 terendas
323 2569 442 2640 suscepit
458 2585 488 2622 ac
499 2568 571 2623 lunii
584 2567 625 2624 ab
639 2568 682 2622 die
698 2567 854 2624 llormisdae
869 2568 995 2624 reddidit.
1023 2567 1062 2623 hb
1076 2571 1224 2643 interprete
1240 2575 1294 2625 uon
1309 2567 1461 2625 admodum

185 2655 274 2726 perito
296 2654 346 2708 ista
362 2652 401 2708 (32
423 2654 449 2706 in
466 2651 578 2707 latimmr
599 2669 728 2708 conversa
746 2662 796 2709 est.
830 2653 891 2708 Eam
912 2653 1032 2709 scribens
1048 2653 1168 2710 Andreas
1184 2653 1216 2708 ad
1232 2653 1341 2728 Epirum
1356 2670 1461 2710 novam

186 2739 320 2813 pertinere
336 2754 366 2793 se
381 2753 435 2792 non
452 2736 565 2792 obscure
580 2738 677 2792 innuit.
700 2737 768 2793 lline
782 2740 810 2793 in
827 2738 969 2811 encyclicis
989 2739 1086 2812 partit
1100 2737 1461 2813 concil.Calelred.mp.19.

186 2822 231 2879 uhi
251 2824 322 2878 inter
343 2823 485 2895 episcopos
506 2821 578 2895 Epiri
599 2839 683 2877 norae
703 2824 815 2879 Paulas
836 2827 990 2895 episcopas
1006 2825 1183 2880 Pmnatenus
1202 2824 1317 2898 legitur,
1344 2824 1463 2881 restitui

106 2916 114 2925 “
185 2907 279 2970 debet,
301 2908 328 2963 ni
349 2916 440 2962 nostra
462 2924 512 2962 nos
533 2907 601 2962 tatttt
617 2907 786 2977 conjectura,
808 2910 1044 2965 I'raeoalitanus.
1088 2908 1128 2964 xd
1148 2908 1289 2983 epistolam
1306 2906 1348 2965 64
1364 2917 1462 2965 autem

185 2995 296 3048 maxime
312 2991 482 3048 referendum
504 2992 618 3056 videtur,
640 2992 714 3066 qrrod
729 2993 810 3048 iidem
827 2992 907 3068 legati
923 2995 1003 3067 epist.
1018 2994 1057 3050 76
1072 2994 1243 3067 praefentur:
1269 2991 1332 3062 Quo
1352 2994 1463 3051 ordine

185 3086 284 3152 etqua
301 3081 417 3134 cantela
434 3081 704 3135 communicavimus
723 3083 753 3134 in
774 3082 898 3135 ecclesia
915 3078 1245 3152 Constantinopolitano,
1261 3081 1329 3150 jam
1343 3081 1376 3134 im
1393 3081 1466 3137 aliia

182 3166 286 3221 titteris
297 3181 356 3237 per
370 3178 483 3220 servam
499 3171 623 3219 vestram
635 3164 794 3221 Pollionem
808 3165 926 3220 directis
942 3172 1039 3220 nestra
1056 3165 1199 3220 beatitudo
1213 3167 1353 3236 cognovit.

414 3313 452 3374 In
473 3312 660 3375 Hormisdae
682 3330 783 3391 papae
807 3313 970 3391 epistolam
992 3311 1031 3374 66
1054 3309 1221 3396 („Ser'as“).

269 3436 327 3492 Non
347 3438 374 3492 in
393 3435 512 3490 editione
532 3434 650 3490 Romana
671 3437 786 3508 primum
807 3434 854 3490 sed
876 3452 890 3491 a
911 3436 1024 3493 llerliuo
1047 3453 1078 3493 ac
1097 3436 1225 3510 deinceps
1246 3437 1317 3492 inter
1336 3437 1464 3496 concilia

184 3521 291 3595 vulgata
313 3528 363 3582 est,
385 3537 435 3575 nee
457 3528 559 3575 tantum
574 3521 602 3574 in
620 3519 712 3575 codice
729 3521 854 3575 Vaticano
876 3520 923 3576 scd
940 3531 967 3577 et
982 3523 1009 3576 in
1024 3521 1179 3577 colbertino
1195 3521 1257 3579 468
1273 3528 1398 3578 veterem
1414 3540 1464 3580 ca·

185 3623 285 3661 nouum
312 3605 529 3678 compilationem
556 3604 588 3658 ad
616 3606 814 3660 institutionem
840 3604 1000 3662 clericorum
1026 3606 1154 3663 eeclesiae
1175 3606 1307 3681 Hispanae
1332 3607 1464 3682 comple·

184 3698 284 3751 etente,
305 3706 411 3745 necnon
427 3691 453 3744 in
476 3689 533 3744 aliis
548 3689 738 3745 collectionum
756 3688 886 3762 llispauae
902 3700 929 3746 et
950 3691 1110 3748 isidorianae
1126 3689 1321 3765 exemplaribus
1337 3691 1415 3748 sicut
1430 3694 1463 3750 in

185 3775 302 3831 Anselnri
318 3772 364 3830 lib.
381 3773 425 3828 h'll
440 3790 464 3828 e.
482 3773 519 3829 31
538 3782 564 3829 et
581 3773 720 3848 polycarpi
736 3773 781 3830 uh.
799 3774 841 3829 Vll
860 3772 901 3832 m.
919 3778 937 3833 5
954 3793 977 3833 c.
997 3776 1035 3833 19
1051 3774 1203 3834 exhibetur.
1233 3775 1262 3831 ln
1277 3772 1387 3831 duabus
1402 3777 1462 3835 illis

183 3859 389 3916 collectionibus
412 3867 442 3914 ut
462 3860 488 3914 in
505 3859 599 3933 priscis
616 3858 779 3914 editionibus
796 3860 860 3915 haec
875 3862 899 3916 ei
921 3859 1080 3935 praefigitur
1095 3860 1255 3935 epigraphe:
1285 3860 1388 3918 Sacra
1403 3865 1462 3920 Ja-

183 3949 252 4002 stini
266 3947 305 4002 ad
319 3946 503 4002 Hormisdam
513 3962 632 4016 papam.
665 3944 869 4002 sacratissimo
884 3963 921 4002 ae
936 3948 1099 4003 beatissimo
1115 3947 1338 4018 archiepiscopo
1355 3936 1462 4006 atma'e

184 4032 264 4088 urbis
280 4032 389 4088 Romae
404 4037 432 4086 et
443 4031 637 4103 patriarchae
653 4030 827 4086 Hormisdoe
840 4032 973 4087 destinas
987 4035 1156 4103 imperator.
1187 4031 1272 4088 Scias
1283 4037 1339 4088 etc.

373 4163 412 4224 In
432 4163 616 4225 Hormisdae
638 4180 739 4243 papae
761 4163 925 4240 epistolam
945 4162 982 4224 72
1005 4158 1258 4247 (,‚Opiuionum“).

268 4288 408 4343 llormisda
424 4287 520 4362 legatis
542 4286 607 4360 qnid
624 4285 764 4342 accidisset
780 4286 911 4342 resciendi
927 4288 1076 4360 impatiens,
1099 4296 1126 4344 et
1142 4302 1196 4343 non
1211 4302 1290 4343 secus
1306 4303 1338 4343 ae
1352 4287 1459 4347 Tantas

183 4370 215 4428 ab
231 4390 324 4428 eorum
340 4372 510 4446 proiectione
526 4371 583 4427 dies
599 4388 723 4445 quosque
738 4387 890 4434 numerans,
906 4371 1115 4428 sollicitudinem
1131 4389 1206 4428 suam
1221 4371 1308 4427 trihus
1326 4374 1461 4447 epistolis

183 4467 381 4531 consequenter
396 4459 517 4531 repetitis
538 4455 707 4531 significarit.
738 4455 851 4512 Primam
868 4458 944 4521 hanc,
963 4459 1035 4513 utin
1051 4466 1183 4532 sequente
1200 4456 1238 4513 74
1255 4464 1384 4523 testatur,
1407 4476 1463 4535 per

183 4543 385 4616 magistrianum
401 4541 553 4606 destinavit,
570 4541 679 4598 alteram
695 4550 773 4597 sexto
788 4550 851 4614 post
867 4542 909 4598 die
925 4560 974 4617 per
985 4542 1124 4599 Paulinum
1139 4541 1319 4606 defensorem,
1336 4544 1462 4619 ipsoque

183 4627 227 4683 dic
243 4628 349 4683 tertiam
360 4644 409 4701 per
424 4628 590 4702 Stephanum
605 4629 803 4701 negotiatorem
819 4628 899 4690 misit,
916 4629 1086 4683 ninimirum
1102 4630 1124 4684 sl
1141 4645 1191 4683 una
1207 4635 1254 4682 aut
1267 4627 1353 4684 altera
1368 4629 1463 4687 iuter·

184 4714 328 4786 ciperetar,
350 4714 429 4768 tertia
451 4713 545 4769 saltem
566 4711 598 4768 ad
614 4729 661 4769 eos
677 4713 840 4787 perveniret.
871 4712 1035 4787 Quamquam
1051 4714 1117 4769 haee
1131 4720 1269 4788 postrema
1282 4713 1312 4767 in
1327 4716 1463 4790 negotie-

184 4800 251 4854 toris
266 4799 436 4871 potissimum
451 4799 564 4874 gratiam
580 4798 685 4855 videtur
700 4797 768 4853 dana.
806 4797 856 4854 Per
871 4797 974 4873 legatos
991 4807 1079 4856 tamen
1095 4814 1150 4855 non
1165 4805 1286 4861 steterat,
1303 4801 1461 4872 quominus

184 4883 217 4940 de
233 4882 355 4940 omnibus
371 4901 450 4957 quam
472 4887 588 4958 primum
608 4884 708 4940 certior
730 4882 821 4946 lieret;
851 4884 984 4958 siquidem
1000 4901 1014 4941 e
1030 4884 1146 4960 singulis
1161 4882 1313 4941 civitatibus
1328 4884 1356 4941 ai
1373 4901 1464 4964 quae·
