3204 5506
384 343 391 359 ’
467 356 663 408 neisroaaa
687 344 832 404 27—29.

526 545 706 651 Epistola
733 546 778 629 29

627 700 676 738 fleu

100 793 221 850 nisdae
242 807 352 864 papae
373 793 635 851 commonitoria
662 794 706 850 ad
727 793 902 849 universos
925 791 1101 861 episcopos
1124 789 1284 846 Orientis.
1301 762 1424 900 ffissi‘li

100 925 197 981 rutiles,
216 927 259 992 qni
274 928 384 990 propina
398 927 450 990 fide
469 926 617 988 acjacentia
634 926 747 976 contenti
761 933 862 989 potrum
880 925 1017 974 consulatu
1033 924 1133 988 impune
1151 921 1183 972 ab
1195 923 1252 972 aliis

100 1010 207 1072 esaclan'
222 1011 351 1070 sinebant,
374 1027 391 1060 c
409 1013 484 1076 culpo
502 1011 594 1062 liberos
613 1027 662 1062 non
681 1026 736 1060 esse
754 1011 876 1071 ostendit,
908 1024 1000 1075 eosque
1022 1010 1058 1058 ad
1075 1009 1151 1071 sidem
1173 1007 1252 1058 libere

469 1098 586 1146 tuendum
604 1097 701 1146 aeriter
717 1097 835 1145 stimulat.

171 1228 380 1293 Hormisda
403 1229 605 1293 universis
627 1229 827 1313 episcopis
848 1228 889 1291 in
904 1227 1085 1292 Orientis
1103 1226 1286 1311 partibus

265 1332 516 1396 constitutis.

108 1451 134 1514 1.
171 1450 245 1514 Etsi
266 1450 494 1515 admonitionis
521 1473 611 1515 meae
633 1473 709 1515 cura
731 1450 913 1534 desisteret,
951 1471 1006 1514 vos
1028 1454 1137 1515 tamen
1164 1449 1284 1535 proprii

101 1572 174 1617 ores
198 1553 384 1617 conveniret
410 1553 524 1636 officii,
558 1576 624 1617 non
651 1553 857 1638 negligenter
885 1553 1048 1636 omittere,
1083 1575 1164 1638 quae
1194 1554 1286 1616 enixe

100 1674 128 1718 es
150 1655 244 1718 decet
265 1677 323 1738 pro
345 1656 472 1719 animae
494 1678 569 1719 suae
592 1654 695 1720 salute
717 1677 860 1720 servare:
882 1659 918 1719 ut
940 1654 1164 1720 mandatorum
1187 1654 1286 1720 coele-

100 1776 110 1816 1
143 1756 315 1840 disciplina
341 1779 407 1821 non
434 1757 540 1821 alieno
568 1757 688 1840 studio,
722 1759 778 1822 sed
805 1758 875 1841 ipso
903 1757 992 1821 vobis
1021 1757 1156 1822 clareret
1182 1758 1286 1822 inesse

100 1859 192 1922 osito.
237 1858 322 1922 Nam
344 1858 420 1924 licet
441 1859 535 1923 laude
556 1881 621 1923 non
645 1863 752 1923 careat
779 1860 834 1945 qui
856 1859 948 1923 bonis
971 1859 1112 1924 consiliis
1134 1860 1287 1924 obsecun-

100 1962 203 2024 tanto
225 1963 274 2024 est
295 1963 404 2025 tamen
426 1962 531 2046 potior
552 1962 586 2025 in
601 1961 721 2047 honore
742 1961 920 2045 sapientiae
935 1962 989 2047 qui
1004 1963 1173 2045 praevenit
1186 1964 1285 2044 recta,

100 2084 107 2123 l
129 2063 185 2147 qui
200 2063 343 2147 sequitur
358 2063 517 2147 matituta,
542 2067 662 2148 quanto
678 2067 727 2128 est
744 2063 900 2128 illustrius
916 2064 1028 2128 docere
1044 2085 1139 2148 quam
1154 2064 1285 2127 discere.

100 2165 216 2228 rdetur
238 2165 465 2249 unusquisque,
488 2167 523 2230 in
546 2189 608 2250 qua
630 2165 796 2230 vocatione
819 2188 837 2228 a
859 2164 997 2229 Domino
1019 2165 1063 2229 sit
1084 2169 1227 2248 vocatus,
1255 2169 1288 2229 et

112 2266 158 2329 ab
181 2288 218 2329 eo
241 2270 442 2350 exspectetur
464 2269 619 2332 advertat.
658 2268 810 2331 Miserum
832 2270 882 2331 est
902 2267 989 2332 intra
1011 2267 1160 2331 meritum
1178 2269 1287 2351 jacere

100 2367 191 2450 niti,
216 2390 313 2452 quum
334 2369 367 2432 id
389 2370 472 2453 quod
494 2371 676 2454 praefertur
697 2369 836 2452 nomine,
860 2392 926 2433 nou
949 2369 1127 2433 ostenditur
1149 2369 1285 2433 actione.

100 2491 142 2533 1a
163 2470 347 2554 meruimus,
372 2472 400 2534 si
421 2472 505 2556 quod
526 2471 685 2556 indulta¹)
708 2471 874 2553 postulant
889 2471 1087 2554 impleamus.
1122 2469 1182 2546 Qui
1198 2493 1231 2536 se
1248 2471 1288 2534 ad

100 2572 196 2636 endas
225 2573 377 2638 dominici
404 2573 513 2658 gregis
541 2595 615 2637 oves
642 2573 762 2658 gaudet
784 2573 956 2655 adscitum,
990 2573 1110 2658 cogitet
1138 2573 1176 2637 de
1205 2595 1288 2638 com-

100 2693 112 2735 a
144 2674 205 2738 sibi
233 2675 466 2759 gubernatione
490 2675 655 2759 judicium.
705 2673 848 2759 Pervigil
881 2674 1061 2739 adhibenda
1093 2675 1195 2739 tutela
1228 2679 1286 2759 est,

101 2777 239 2840 uuanda
262 2778 420 2842 custodia:
443 2798 509 2840 non
530 2778 653 2841 dandus
674 2777 758 2860 lupis
781 2777 950 2860 rapacibus
972 2778 1069 2860 laeua,
1093 2798 1159 2841 non
1181 2776 1287 2862 ullis²)

102 2898 147 2942 us
174 2878 417 2963 relinquendum
455 2880 529 2963 quia
557 2879 724 2964 neglectus
753 2901 840 2943 error
867 2880 973 2943 ovium
1002 2879 1096 2962 culpa
1124 2882 1288 2962 pastorum

108 2977 242 3063 Veniet,
266 2981 484 3066 quitationes
508 2980 647 3045 eraclitae
662 2980 910 3064 dispensationis
926 2981 1096 3044 examinet.
1136 2980 1288 3044 Omnium

100 3100 148 3145 ern
171 3085 298 3146 constat
319 3104 386 3146 esse
405 3083 582 3166 justitiam,
616 3105 676 3146 nec
698 3081 755 3145 ulli
777 3083 969 3166 impunitam
991 3081 1155 3146 licentiam
1177 3083 1287 3165 patere

100 3183 191 3266 andi3
214 3184 269 3247 sed
291 3185 362 3268 quis
384 3183 501 3268 gradus
517 3184 640 3247 nesciat
656 3185 935 3266 assumendorum,
960 3187 992 3247 et
1007 3184 1089 3248 sicut
1106 3204 1287 3268 nonaeque

100 3284 174 3367 mia,
199 3285 244 3349 ita
260 3286 385 3350 diversa
400 3308 468 3350 esse
483 3285 664 3369 supplicia?
691 3285 949 3368 Multiplicentur
964 3286 1139 3350 scientibus
1154 3274 1287 3370 plagae:

100 3406 125 3449 a
146 3387 276 3472 flagella
298 3388 450 3473 leguntur
471 3387 628 3452 inscitiae.
673 3385 771 3469 Quid,
807 3387 834 3451 si
861 3387 907 3451 ita
929 3391 979 3452 est
1005 3388 1099 3452 sicuti
1127 3409 1195 3451 esse
1221 3409 1288 3450 non

100 3508 153 3551 um
181 3492 247 3573 est,
282 3490 532 3571 aestimandum,
567 3489 642 3573 quid
669 3489 704 3552 in
732 3511 769 3553 eo
798 3490 910 3553 deceat
939 3512 1007 3554 ease
1028 3489 1200 3574 propositi,
1237 3489 1288 3553 cui

100 3610 144 3653 os
163 3613 288 3676 quoque
310 3614 431 3656 errores
454 3614 582 3656 neccsse
599 3593 647 3655 est
662 3591 836 3674 imputari?
866 3590 992 3657 Clamat
1006 3595 1135 3656 sanctus
1151 3590 1288 3676 Spiritus

100 3691 299 3777 omphetam:
317 3698 491 3774 Opustores
505 3700 618 3758 Israel:
641 3699 788 3773 numquid
799 3701 970 3774 semetipsos
987 3707 1118 3773 pascunt
1130 3701 1288 3774 pastores?
1302 3674 1398 3796 {pepla

100 3811 153 3856 um
174 3796 237 3879 est,
273 3795 343 3879 plus
372 3796 488 3879 abeo,
524 3796 573 3860 cui
601 3795 672 3879 plus
700 3795 854 3878 creditur,
890 3796 1097 3881 exigendum3
1134 3798 1167 3859 et
1195 3798 1288 3860 tanto
1339 3783 1375 3809 ”¹

100 3890 127 3960 ia
148 3919 205 3960 nos
227 3898 381 3961 obnoxios
403 3898 488 3981 fieri,
512 3900 633 3981 quanto
656 3898 801 3961 effusiore
816 3898 922 3982 gratia
938 3897 1112 3983 contigerit
1126 3896 1287 3976 honorari.

100 3994 178 4063 ister
211 3999 314 4063 bonus
348 4004 380 4063 ct
413 4001 529 4064 docens
558 4022 617 4083 per
644 3999 777 4063 obscura
804 4000 924 4082 lucem,
958 4022 1015 4083 per
1043 3999 1288 4084 similitudinum

100 4104 207 4184 gmata
229 4102 415 4184 veritatem,
444 4123 570 4165 servum
592 4100 707 4165 talenti
730 4124 749 4164 a
771 4122 804 4164 ee
826 4101 937 4165 traditi
965 4104 1093 4186 praeter
1115 4104 1289 4188 augmenta
1300 4082 1399 4205 ἓξὲξ]

100 4202 185 4267 >dem
217 4225 283 4267 non
311 4203 420 4288 arguit
447 4204 608 4267 infidelem
616 4254 630 4285 ,.
658 4203 713 4267 sed
742 4203 966 4267 condemnavit
992 4204 1150 4269 inutilem.
1194 4203 1288 4268 Unde
1336 4190 1387 4218 '⁵'

100 4308 190 4387 perto
213 4309 271 4388 est,
295 4306 329 4368 in
345 4327 406 4389 quo
421 4309 508 4369 metu
530 4327 598 4369 csse
621 4305 732 4368 deceat
747 4326 829 4387 cum,
852 4304 906 4389 qui
922 4305 1115 4369 dominicum
1129 4306 1289 4369 numisma

100 4404 212 4489 iderit,
238 4407 266 4470 si
289 4407 434 4490 culpatus
458 4411 506 4471 est
527 4406 597 4488 ille,
621 4407 675 4489 qui
698 4409 866 4490 acceptum
888 4407 957 4470 sine
979 4407 1203 4472 imminutione
1225 4429 1289 4471 ser·

100 4506 121 4571 t.
155 4508 270 4572 Nullus
293 4511 463 4572 contentus
486 4509 528 4572 sit
549 4509 735 4572 innocentia
751 4530 818 4591 sua,
842 4508 917 4592 quia
932 4508 1000 4572 Deo
1015 4511 1126 4573 nostro
1139 4509 1288 4573 universa

100 4664 321 4675 *0—-2-0-

100 4745 233 4818 )Supple
253 4755 396 4817 pectoralis
419 4754 550 4817 dlpnitolia
574 4753 665 4801 niuniu.
701 4747 768 4802 bec
790 4746 826 4803 ad
848 4763 937 4816 marg.
956 4752 1067 4816 indicta,
1097 4748 1173 4818 quod
1195 4747 1290 4802 tamen

100 4836 233 4904 raptum.

100 4919 179 4988 )Ed.
199 4926 272 4974 ultius
343 4926 386 4989 qui
399 4926 497 4989 prorius
570 4921 642 4983 Quod
657 4926 681 4973 si
696 4926 734 4973 ira
751 4929 798 4976 eal.

100 5023 211 5061 :sponsa
226 5024 328 5064 uonna.
342 5023 456 5062 nosris.
475 5009 497 5065 1.
1047 5010 1085 5073 51
