3204 5506
600 343 795 393 nmsroaan
819 334 870 392 97.
895 334 945 392 98.
1346 327 1409 394 895

134 494 190 561 hie
211 495 336 581 positis.
378 496 573 561 Obtulerunt
595 499 706 562 eontra
728 497 832 581 ipsum
854 496 999 562 libellum
1020 499 1088 561 tam
1110 497 1203 562 nobis
1225 519 1321 583 quam
1344 499 1408 583 cpi·
1421 525 1446 562 a.
1456 514 1514 564 519.

135 620 234 682 scopo
257 598 627 682 Constantinopolitano.
662 598 876 664 Convenimus
898 600 934 664 in
949 599 1076 664 domum
1091 599 1248 684 episcopi,
1272 603 1308 664 ut
1322 600 1408 666 inter

135 721 191 764 eos
213 701 438 783 intentionem,
462 722 543 784 quac
566 701 760 783 vertebatur,
785 723 1041 786 agnosceremus.
1079 700 1266 766 Praedictus
1289 702 1408 787 episeo-

135 824 195 886 pus
218 803 375 887 synodum
387 801 680 868 Calchedonensem
698 803 848 887 protulit;
870 802 952 888 legit
966 806 1042 868 ante
1057 825 1167 868 omnes
1185 803 1302 886 omnia,
1326 826 1408 888 quae

134 907 213 969 sunt
245 903 280 968 in
308 905 418 970 eodem
447 904 582 970 concilio
610 905 801 988 constituta,
836 904 958 970 dicens:
992 911 1122 970 Praeter
1148 913 1205 970 ista
1232 912 1310 971 nibil
1336 912 1410 970 milri

135 1012 223 1070 aliud
244 1012 385 1080 dicatum
408 1014 462 1087 qui
481 1014 616 1086 sequitur
636 1015 704 1085 ista,
725 1019 824 1087 potest
844 1013 923 1071 inter
937 1012 1102 1072 catholicos
1116 1028 1188 1072 esse.
1215 1006 1408 1072 ²Praedictus

134 1107 250 1172 Victor
271 1109 450 1193 respondit:
479 1113 618 1189 Suscipio
638 1115 775 1174 simililer
797 1121 826 1174 et
847 1115 988 1189 epistolas
1003 1129 1109 1189 papae
1129 1113 1239 1174 Leonis
1261 1122 1289 1174 et
1310 1118 1410 1176 saneti

135 1215 245 1290 Cprilli
264 1218 405 1291 epistolas
426 1217 596 1291 synodales,
621 1232 700 1291 puae
717 1223 788 1276 sunt
801 1218 834 1276 in
847 1216 1084 1276 calchedonensi
1095 1219 1223 1277 coneilio
1239 1219 1407 1292 alienatam

133 1323 164 1376 et
185 1333 280 1376 manu
300 1318 462 1391 subscribo,
487 1326 515 1377 et
536 1321 734 1378 sacramentis
755 1320 908 1392 confirma,
934 1320 993 1378 ista
1007 1334 1054 1378 me
1065 1321 1219 1395 suscipere
1240 1326 1270 1379 et
1278 1328 1408 1395 praeter

133 1421 191 1478 isia
214 1419 293 1478 nilu'l
315 1421 402 1493 aliud
416 1421 622 1495 praedicam
653 1427 682 1480 et
706 1421 734 1480 si
759 1422 896 1480 inventus
919 1419 1014 1492 fuero
1041 1423 1207 1496 aliquando
1234 1428 1326 1481 extra
1348 1424 1407 1482 ista

134 1522 223 1581 aliud
245 1523 450 1596 praedicans,
489 1523 604 1582 nullam
637 1525 723 1582 circa
754 1538 801 1581 me
822 1528 896 1597 peto
922 1523 1172 1583 misericordiam.
1222 1517 1361 1602 Scythae
1390 1541 1407 1582 e

134 1621 249 1682 contra
270 1618 504 1683 inchoaverunt
526 1618 646 1684 dicere:
677 1625 820 1683 Addatur
842 1631 870 1683 et
892 1641 995 1697 „unus
1017 1626 1055 1684 de
1072 1623 1099 1683 Τ
1097 1609 1255 1685 rinitate‘t.
1298 1619 1366 1685 Nos
1389 1643 1406 1685 e

133 1723 248 1785 contra
276 1720 428 1785 diximus:
459 1726 630 1795 (lucaman
657 1733 701 1785 est
728 1729 759 1786 in
789 1733 921 1800 quatuor
948 1729 1085 1787 conciliis
1112 1729 1264 1800 definitum
1290 1744 1347 1788 nec
1374 1731 1406 1788 in

131 1829 266 1902 epistolis
280 1828 362 1887 beati
370 1844 476 1903 papae
487 1828 605 1897 Leonis,
629 1845 683 1888 nos
694 1845 754 1888 nec
769 1830 872 1887 dicere
881 1844 1041 1902 passumus
1057 1846 1114 1889 nec
1128 1832 1253 1889 addere.
1287 1823 1406 1909 Displi-

133 1925 200 1988 cuit
222 1924 283 1989 hoc
306 1924 437 1988 dictum.
478 1924 590 1989 Victor
611 1925 755 2010 tamen⁵)
778 1929 886 1988 utrum
908 1926 1033 1990 sincero
1055 1927 1163 1990 animo
1185 1927 1264 1990 haec
1286 1927 1406 1991 diceret

130 2049 174 2090 an
198 2027 322 2110 doloso,
346 2028 417 2110 quis
439 2050 532 2092 nosse
554 2029 676 2111 potest,
700 2027 763 2091 nisi
786 2027 841 2111 qui
864 2027 960 2091 corda
982 2027 1170 2112 cognoscit?
1213 2027 1321 2092 Verba
1342 2029 1406 2093 ista

128 2150 190 2193 nos
206 2128 399 2212 audirimus3
423 2129 484 2192 Dei
502 2133 560 2212 est,
585 2129 727 2192 animum
745 2128 900 2212 judicare.
935 2129 1052 2193 Postea
1074 2130 1143 2194 sine
1164 2131 1257 2194 nobis
1279 2131 1404 2215 magni-

128 2231 210 2295 ficus
232 2230 477 2295 virVitalianus
498 2231 655 2315 magister
675 2230 814 2294 militum
836 2230 922 2294 inter
944 2253 977 2294 se
1000 2234 1033 2295 et
1047 2232 1232 2316 episcopum
1247 2230 1404 2298 Constan-

126 2333 381 2417 tinopolitanum
403 2335 599 2397 rocaverunt
620 2332 820 2417 praedictum
834 2332 1016 2417 Victorem,
1040 2333 1139 2397 locuti
1160 2336 1236 2397 sunt
1259 2356 1331 2398 cum
1351 2355 1403 2398 eo:

127 2434 208 2520 quid
230 2435 414 2500 definierint
436 2436 522 2500 inter
543 2456 594 2518 se,
618 2435 788 2500 nescimus.
805 2435 940 2522 ¹Postea
961 2455 1021 2499 nec
1036 2434 1149 2521 lictor
1172 2435 1212 2499 111
1227 2458 1286 2500 nos
1301 2436 1401 2520 venit,

125 2558 192 2601 nec
216 2541 266 2601 est
287 2559 383 2602 causa
405 2537 502 2601 dicta.
570 2533 572 2537 ’

215 2641 245 2704 3.
284 2639 344 2703 Isti
365 2641 476 2703 tamen
498 2637 648 2722 Scythae,
672 2640 754 2703 sciat
776 2640 941 2704 beatitudo
961 2644 1080 2722 vestra,
1103 2661 1224 2722 omnes,
1248 2641 1302 2725 qui
1320 2642 1402 2706 acei-

123 2739 259 2825 piuntl)
282 2741 439 2825 synodum
461 2740 765 2825 Calchedonemcm,
789 2741 999 2807 Nestorianos
1022 2743 1135 2806 dieunt
1149 2742 1308 2807 dicentes:
1332 2749 1401 2809 Non

121 2846 245 2920 suffieit
266 2851 399 2924 synodus
421 2855 530 2907 contra
546 2848 718 2907 Nestorium
725 2868 736 2916 ,·
760 2844 806 2908 sic
829 2845 943 2908 debere
966 2844 1121 2927 synodum
1143 2845 1314 2928 suscipere,
1339 2866 1401 2929 quo

122 2944 223 3008 modo
245 2944 308 3028 ipsi
322 2945 537 3029 exposuerint.
572 2944 633 3019 Qui
656 2945 801 3008 homines
823 2946 933 3030 quales
955 2950 1039 3028 sunt,
1064 2949 1096 3009 et
1117 2946 1227 3029 quales
1248 2947 1401 3011 intentio-

121 3067 188 3111 nes
209 3045 347 3129 habent,
378 3046 508 3130 etquid
530 3046 642 3109 volunt
664 3046 699 3109 in
721 3046 783 3110 fide
807 3046 965 3111 catholica
991 3047 1209 3131 introducere,
1245 3070 1317 3112 cum
1339 3048 1400 3113 Dei

123 3147 288 3231 adjutorio
314 3149 557 3212 manifestatum
585 3150 633 3212 est
660 3149 806 3212 omnibus
837 3149 1017 3213 catholicis:
1056 3171 1117 3214 nec
1146 3150 1272 3234 indiget
1305 3173 1400 3215 causa

121 3270 201 3314 mco
229 3250 353 3333 labore,
389 3273 485 3334 quam
512 3272 571 3334 pro
599 3272 655 3313 sua
684 3250 903 3314 misericordia
924 3250 1011 3315 Deus
1039 3251 1189 3334 produxit
1216 3252 1256 3315 ad
1284 3252 1397 3317 lucem.

122 3350 202 3435 Ego
224 3352 307 3435 quod
330 3374 349 3416 a
371 3353 516 3436 patribus
538 3351 650 3434 didici,
674 3351 757 3435 quod
773 3373 897 3435 semper
912 3351 1058 3417 Ecclesia
1074 3352 1232 3417 catholica
1247 3356 1397 3439 servavit,

121 3474 196 3517 non
217 3455 315 3536 tacui,
339 3475 405 3517 non
428 3454 590 3518 abscondi.
636 3453 728 3518 Unus
751 3458 800 3517 est
822 3454 924 3537 Deus,
954 3455 992 3518 dc
1014 3477 1076 3539 quo
1098 3455 1223 3539 Moyses
1246 3457 1396 3541 loquitur,

123 3554 255 3619 dicens:
285 3561 380 3632 Aucti,
405 3561 521 3634 Israel,
547 3562 692 3620 Dominus
713 3562 795 3620 Deus
821 3571 889 3621 tuus
915 3561 996 3621 Deus
1023 3581 1099 3639 unus
1126 3569 1169 3622 est
1175 3582 1186 3631 ;
1224 3561 1257 3622 et
1278 3559 1313 3623 in
1336 3560 1398 3624 alio
1411 3536 1492 3658 {⁰¹}

121 3658 198 3722 loco
221 3657 281 3721 ait:
315 3664 460 3723 Barcinus
487 3665 567 3722 solus
596 3660 754 3744 auceaati)
777 3680 836 3723 eos.
882 3658 985 3723 Unius
1013 3660 1212 3724 substantiae
1241 3646 1494 3737 credimuserr'r.
1595 3725 1600 3737 ,

122 3885 301 3948 compositum,
327 3878 480 3934 cavendum
503 3880 556 3946 est,
578 3895 614 3932 ne
636 3900 709 3932 anam
727 3886 784 3947 ejus
802 3900 837 3934 ex
855 3884 994 3935 Divinitate
1013 3892 1036 3935 et
1058 3886 1212 3936 nurmanitate
1233 3891 1396 3951 compositam

122 3981 188 4020 esse
207 3977 323 4018 naturam
338 3964 539 4034 intelligamus:
558 3964 633 4032 quod
645 3981 701 4018 non
712 3964 876 4034 patiendum
892 3982 951 4019 esse
963 3965 1109 4020 Facundus
1125 3985 1177 4037 pro
1194 3967 1297 4021 defens.
1311 3968 1395 4023 trium

123 4049 241 4119 capitul.
259 4050 285 4115 I,
303 4055 319 4104 ὃ
336 4048 435 4103 merito
459 4049 548 4103 docet.
588 4049 687 4104 Paucis
703 4049 875 4104 lastinianus
896 4050 926 4103 in
943 4050 1034 4105 edicto
1053 4051 1184 4105 adversus
1200 4052 1256 4106 tria
1274 4054 1397 4123 capitula

120 4152 183 4190 non
199 4135 284 4204 longe
301 4136 366 4204 post
382 4133 492 4188 initium
509 4152 569 4188 rem
586 4135 625 4188 sie
644 4135 775 4204 explicat:
794 4155 830 4189 ea
847 4142 949 4189 Deitate
967 4146 992 4189 et
1009 4142 1163 4191 humanitate
1180 4158 1254 4191 unum
1272 4143 1396 4193 Christum

120 4225 288 4289 compositum
306 4226 431 4281 dieentes,
449 4225 620 4286 confusionem
638 4227 745 4274 rinitioni
762 4242 811 4274 nnn
829 4227 1016 4274 introducimus.
1053 4221 1142 4286 Quum
1160 4225 1254 4276 autem
1271 4223 1341 4277 haec
1360 4224 1394 4277 de

119 4305 179 4359 illis
197 4304 326 4374 capitulis
345 4305 509 4373 disceptatio
528 4307 593 4359 ante
613 4322 697 4372 quam
713 4305 801 4374 legati
819 4305 1089 4376 Constantinopolim
1104 4307 1317 4375 ingrederentur
1335 4325 1394 4362 coe·

119 4390 212 4462 perit,
230 4389 367 4459 sequitur,
387 4391 418 4443 ut
429 4390 568 4444 armorui
585 4390 768 4460 praecesserit
780 4390 866 4458 diem,
884 4392 982 4461 utpote
994 4409 1049 4459 quo
1062 4392 1150 4460 legati
1166 4392 1283 4447 inillam
1296 4394 1394 4447 urbem

119 4475 244 4546 ingressi
261 4477 333 4530 sunt.
1146 4485 1149 4495 ⁴

193 4565 215 4631 ⁵)
232 4562 278 4616 Ita
296 4562 341 4629 (3¹,
360 4578 395 4616 ce
412 4573 493 4614 aretem
565 4567 661 4618 dolose.

191 4650 213 4716 ο)
232 4647 266 4700 H.
281 4663 318 4713 e.,
336 4646 384 4715 qui
402 4663 457 4700 non
475 4664 509 4701 ea
527 4646 634 4701 ratione
652 4645 804 4716 accipiunt,
824 4665 879 4717 qua
895 4646 1125 4717 interpretantur.
1160 4649 1217 4718 Ipsi
1235 4650 1309 4705 enim
1326 4651 1391 4707 Dio·

118 4748 203 4789 scoro
221 4731 309 4786 etiam
327 4732 406 4802 epist.
422 4738 453 4786 75
470 4750 497 4784 n.
511 4739 526 4786 3
543 4733 662 4798 fatente,
681 4732 734 4786 hoc
751 4731 825 4785 ultro
843 4733 1061 4802 profitebantur:
1085 4739 1140 4788 ilos
1155 4742 1276 4804 spnoarm
1288 4740 1393 4791 Uolcie-

118 4827 260 4876 donensem
276 4824 438 4887 suscepimus.

190 4908 213 4975 ¹)
231 4903 353 4957 Dubium
365 4903 446 4957 nobis
458 4919 512 4957 non
532 4905 581 4970 est,
601 4904 666 4970 quin
685 4903 729 4956 hic
747 4903 876 4959 laudetur
888 4904 955 4958 illud
968 4906 1049 4959 Dent.
1064 4912 1106 4973 32,
1120 4912 1150 4960 12
1164 4923 1217 4962 sec.
1231 4905 1391 4977 Vulgatam,
