3204 5506
488 361 684 417 srrsronaa
708 351 899 410 133-135.
1271 344 1332 410 957

61 538 140 580 rem.
186 513 248 580 Sed
275 514 350 600 quia
379 536 458 599 quos
485 515 673 600 praevenire
701 515 871 598 debueras,
907 513 996 598 sequi
1024 512 1121 577 etiam
1149 514 1329 597 remoraris
1343 528 1438 578 aceo.

60 640 128 682 non
160 617 275 682 leviter
307 638 365 701 pro
392 617 597 682 fraternitate
625 620 682 681 tua
709 616 828 682 dilatae
857 614 1062 681 correctionis
1092 614 1333 701 ingemiscimus

60 720 257 784 tarditatem.
302 718 423 784 Scribis
445 719 532 783 enim
554 740 646 784 aures
668 722 795 784 nostras
818 718 982 802 cujusdam
1010 717 1139 781 sceleris
1161 718 1332 783 atrocitate
1345 745 1388 800 ep.
1400 734 1456 784 128.

59 822 219 887 turbatas.
263 820 399 886 Utinam
420 843 521 906 usque
543 821 583 887 ad
605 843 664 886 nos
691 824 821 887 tantum
843 820 1041 885 detestabilis
1062 819 1150 884 fama
1171 841 1334 904 percurre·
1392 808 1397 816 ¹

60 927 127 1007 ret,
151 926 184 988 et
205 944 271 988 non
292 925 361 987 toto
383 924 460 988 orbe
483 922 675 990 Christianis
696 922 859 987 mentibus
881 925 949 986 tam
971 922 1142 987 dolendum
1164 943 1261 1007 quam
1283 944 1334 987 ex-

60 1025 217 1091 secrabile
238 1024 365 1089 facinus
387 1025 570 1110 nuntiaret,
593 1028 630 1090 ut
636 1025 662 1109 ³)
685 1026 739 1110 qui
757 1029 790 1090 te
805 1025 1010 1090 innocentem
1025 1024 1185 1108 nesciunt,
1210 1046 1229 1087 a
1245 1023 1334 1089 Chri-

60 1127 237 1192 stianitatis
260 1126 354 1191 simul
378 1125 511 1192 credant
531 1128 662 1192 tramite
685 1127 842 1192 deviasse!
881 1127 921 1192 ln
936 1149 999 1212 qua
1014 1125 1100 1191 enim
1115 1126 1227 1190 mundi
1241 1129 1334 1211 parte

59 1229 272 1295 immanitatis
294 1228 389 1312 hujus
413 1229 536 1294 invidia
562 1251 628 1294 non
657 1232 690 1295 et
712 1229 885 1295 catholicas
908 1229 1080 1294 contristat
1101 1227 1267 1311 ecclesias,
1302 1230 1335 1291 et

59 1331 294 1397 haereticorum
316 1352 416 1416 prava
437 1333 512 1395 vota
533 1331 703 1417 laetificat,
733 1354 813 1418 quae
840 1354 899 1396 nos
922 1354 941 1395 a
961 1330 1142 1395 dilectionis
1163 1333 1237 1394 tuae
1261 1351 1333 1394 con·

59 1434 213 1518 scientia,
237 1433 322 1498 sicut
342 1431 459 1497 litteris
481 1433 629 1518 intimas,
660 1435 787 1500 ostendi
810 1434 954 1518 cupimus
978 1431 1097 1498 aliena!
1143 1431 1225 1508 Quid
1248 1431 1334 1495 enim

58 1535 142 1600 votis
169 1536 289 1600 nostris
317 1535 421 1621 magis
450 1537 615 1619 convenit,
650 1537 715 1601 nisi
741 1540 778 1600 ut
804 1536 908 1600 redire
938 1536 978 1598 ad
1006 1556 1120 1620 paoem
1143 1532 1333 1598 catholicam

58 1638 204 1702 uolentes
227 1637 392 1722 episcopos
415 1658 434 1700 a
458 1637 646 1702 crudelitate
675 1640 707 1703 et
730 1637 918 1702 criminibus
947 1637 1118 1722 contingat
1139 1656 1264 1719 semper
1285 1635 1333 1698 in-

57 1739 172 1804 noxios
196 1739 407 1824 comprobari.
451 1738 685 1825 Exspectamus
707 1741 809 1825 igitur
815 1791 824 1823 ,
855 1739 883 1803 si
910 1759 976 1802 non
998 1737 1114 1802 desunt
1135 1736 1333 1800 fraternitati

56 1845 135 1906 tuae
158 1841 302 1906 veritatis
325 1842 393 1906 Deo
415 1844 494 1906 nota
514 1842 690 1926 praesidia,
725 1844 762 1906 ut
789 1844 822 1906 et
842 1841 929 1905 tanti
951 1840 1079 1905 sceleris
1101 1862 1121 1903 a
1142 1842 1175 1904 te
1197 1837 1332 1922 repellas

57 1943 231 2028 invidiam,
260 1946 292 2008 et
314 1944 349 2008 in
371 1944 633 2009 reconciliatione
660 1943 735 2009 fidei
756 1944 888 2008 tandem
910 1963 1019 2008 eorum
1041 1941 1095 2027 qui
1117 1940 1234 2005 reversi
1257 1943 1334 2004 sunt

56 2046 203 2132 sequaris
226 2046 381 2131 exempla.
432 2046 518 2110 Data
539 2045 586 2110 IV
609 2044 767 2111 Calendas
789 2044 994 2127 Nouembris,
1024 2042 1158 2107 Rustico
1179 2043 1248 2107 viro
1271 2041 1332 2106 cla-

56 2148 185 2212 rissimo
209 2148 347 2213 consule.

549 2335 732 2440 Epistola
758 2334 837 2419 135.

213 2488 415 2556 Justiniani
439 2489 512 2556 viri
533 2488 696 2555 illustris
718 2487 762 2554 ad
784 2486 1011 2554 Hormisdam
1034 2505 1172 2570 papam.
1358 2480 1458 2600 (ὃ-οῐὲξθ

10 2641 42 2690 ;ο,
94 2629 129 2678 Ut
148 2629 329 2693 decapitatis,
353 2644 484 2693 quneper
502 2631 600 2694 kgatos
622 2645 704 2694 nuper
726 2630 866 2687 destinata,
894 2627 1296 2694 sententiemsnamquantociee
1348 2564 1465 2684 θὲθΡῒ)

582 2716 706 2779 explices,
725 2720 815 2768 urerer.

143 2845 325 2931 Diligenter
348 2845 577 2929 apostolclatus
594 2849 698 2911 vester
713 2846 874 2931 cognovit,
898 2850 1019 2931 quanto
1034 2846 1109 2910 fidei
1125 2844 1229 2909 calore
1246 2845 1330 2910 filius

54 2951 165 3012 vester
187 2947 409 3012 serenissimus
430 2947 605 3032 imperator
634 2969 755 3033 nosque
783 2948 902 3013 fuimus
930 2949 970 3012 ab
1001 2948 1105 3013 initio.
1157 2946 1330 3033 Nunquam

57 3052 253 3115 cessavimus
276 3071 387 3135 agere,
411 3072 493 3135 quae
514 3050 724 3135 pertinebant
745 3050 785 3114 ad
807 3050 1044 3114 firmamentum
1066 3049 1232 3134 religionis
1253 3049 1331 3114 divi-

54 3174 131 3217 nae.
175 3151 238 3217 Pro
266 3174 329 3237 qua
356 3174 390 3216 re
420 3174 523 3237 nuper
549 3153 647 3216 etiam
674 3151 955 3216 reverendissimos
985 3151 1167 3215 sacerdotes
1194 3150 1330 3215 Romam

55 3253 247 3338 direximus,
282 3256 318 3318 ut
347 3254 511 3340 integrum
540 3257 784 3339 componeretur
817 3253 855 3317 de
884 3252 1048 3339 capitulis,
1082 3253 1196 3337 quibus
1225 3254 1265 3318 ad
1293 3275 1330 3319 ea

56 3355 204 3420 dubietas
227 3356 420 3421 vertebatur.
466 3355 527 3421 sed
550 3356 751 3443 ignoramus,
776 3377 856 3441 quae
879 3354 1051 3420 difficultas
1073 3355 1271 3439 provenerit,
1295 3360 1331 3419 ut

55 3457 191 3523 minime
213 3457 397 3542 sopirentur
418 3457 574 3523 hactenus
597 3480 635 3522 ea
656 3480 737 3542 quae
759 3457 908 3522 videntur
936 3479 1003 3522 esse
1026 3456 1196 3521 levissima.
1242 3455 1331 3523 Salu-

54 3563 166 3624 tantes
189 3582 266 3644 ergo
287 3564 428 3624 vestram
450 3560 663 3625 reverentiam
684 3560 822 3644 petimus
833 3560 868 3646 ¹),
898 3561 934 3623 ut
956 3558 1045 3623 nulla
1066 3559 1259 3643 praebeatur
1280 3582 1330 3624 oc·

57 3662 156 3744 casio,
180 3684 243 3747 qua
265 3663 303 3726 de
325 3666 381 3725 tua
404 3662 572 3748 quisquam
594 3664 697 3747 possit
717 3663 880 3748 ambigere
895 3661 1072 3744 voluntate,
1095 3661 1151 3725 sed
1173 3660 1329 3727 habentes

55 3785 136 3848 prae
158 3764 257 3827 oculis
275 3764 433 3849 judicium
455 3765 635 3849 majestatis
663 3785 835 3848 supernae,
865 3763 967 3828 modis
996 3763 1144 3828 omnibus
1173 3764 1329 3828 festinare

56 3866 248 3951 dignemini.

125 4140 146 4208 ⁸)
164 4137 217 4192 Hic
234 4139 374 4208 particula
392 4151 418 4193 ue
436 4156 536 4195 causae
555 4140 611 4194 vim
623 4157 657 4195 ac
668 4139 750 4194 finem
768 4138 881 4193 minime
899 4138 1000 4205 habet,
1018 4138 1067 4192 sed
1084 4139 1203 4193 refertur
1216 4138 1252 4192 ad
1271 4151 1328 4205 tam,

55 4239 146 4290 eaque
165 4222 336 4290 declaratur,
355 4224 389 4278 de
407 4225 550 4289 Dorotheo
567 4225 689 4279 immane
707 4224 777 4278 adeo
796 4224 883 4279 scelus
897 4224 1014 4292 jactari,
1032 4224 1063 4276 ut
1081 4222 1129 4291 qui
1141 4240 1203 4277 eum
1215 4221 1287 4277 illius
1299 4240 1329 4276 re

53 4309 118 4378 ipsa
136 4325 214 4362 reum
232 4308 361 4377 credunt,
379 4308 460 4363 simul
477 4310 506 4363 et
517 4309 704 4364 Christianam
715 4309 915 4379 professionem
927 4309 1048 4377 ejurasse
1060 4308 1168 4378 putent.
1198 4306 1330 4361 Notanda

53 4391 222 4447 Hormisdae
240 4392 396 4448 moderatio
419 4396 505 4461 atque
528 4394 689 4464 prudentia,
715 4411 770 4462 qua
787 4394 961 4448 Dorotheum
982 4392 1150 4463 praecipuae
1168 4391 1241 4446 sedis
1259 4392 1330 4446 anti-

53 4478 152 4532 stitem
170 4477 309 4533 devincire
327 4480 412 4547 atque
430 4478 467 4532 ad
485 4479 622 4534 unitatem
640 4479 779 4533 Ecclesiae
797 4479 929 4533 reducere
948 4478 1076 4532 conetur:
1096 4477 1135 4532 sic
1151 4475 1243 4531 annno
1257 4492 1330 4530 com·

51 4564 184 4634 paratus,
207 4564 239 4617 ut
260 4579 322 4616 cum
344 4579 377 4617 eo
400 4564 476 4618 velut
498 4582 560 4619 cum
584 4564 693 4618 insonte
716 4565 797 4632 agat,
819 4563 902 4617 modo
926 4564 995 4616 haec
1015 4561 1192 4631 indulgentia
1213 4560 1329 4616 unitatis

52 4647 191 4702 beneficio
210 4650 410 4716 compensetur.

53 4740 105 4789 135
143 4735 162 4803 ¹)
180 4733 224 4787 lta
242 4750 304 4787 cum
322 4733 388 4787 bcc
406 4735 581 4789 correximus.
618 4733 652 4787 G¹
667 4736 692 4788 a¹
711 4746 784 4802 peto,
804 4735 833 4788 et
850 4734 952 4788 omittt.
973 4754 1022 4802 qrec
1040 4750 1073 4787 ac
1090 4741 1226 4788 retractate.
