3204 5506
286 322 349 387 944
728 336 756 384 s.
774 333 979 383 noanrsnsn
1002 333 1118 379 aaran

180 507 273 556 asso.
287 489 506 556 tentissimum
533 488 718 574 episcopum
740 489 941 574 dirigendam
963 487 1052 551 vohis
1075 485 1110 550 in
1134 486 1304 571 praesenti
1326 485 1442 550 merito
1465 486 1548 551 credi·

286 593 405 675 dimus,
434 594 471 656 ut
498 595 645 655 svestra
671 591 744 655 sede
770 590 869 655 etiam
895 593 988 654 tenor
1017 589 1086 672 ejus
1108 586 1270 653 admissus
1299 587 1340 652 ad
1371 587 1549 674 colligendas

285 695 434 780 proficiat
455 697 488 758 et
511 693 696 758 adunandas
719 693 836 778 ubique
858 690 1056 756 venerabiles
1080 689 1250 774 ecclesias,
1276 693 1309 754 et
1332 689 1550 774 lerosolymita-

286 819 362 862 nam
384 795 565 882 praecipue,
590 795 641 861 cui
662 796 839 882 aniame)
862 815 972 859 omnes
992 793 1135 857 favorem
1150 793 1350 878 impendunt
1364 792 1454 878 quasi
1468 793 1550 857 matri

287 897 462 965 Christiani
483 897 635 980 nominis,
659 901 695 962 ut
716 919 810 962 nemo
833 897 950 962 audeat
971 896 1012 960 ab
1035 917 1072 960 ea
1094 917 1164 960 sese
1187 896 1385 960 discernere.
1425 894 1550 961 Consen-

286 1021 356 1064 sum
377 1000 487 1085 itaque
509 999 683 1085 propitium
703 1003 793 1065 tuam
815 999 1067 1065 sanctitudinem
1093 997 1261 1082 epistolari
1289 1018 1418 1083 quoque
1445 997 1550 1081 pagina

288 1103 438 1166 convenit
460 1101 637 1167 declarare:
660 1105 697 1167 ut
720 1102 849 1187 cognito
872 1101 1018 1166 omnibus
1041 1103 1136 1185 atque
1162 1100 1348 1184 patefacto,
1372 1097 1548 1182 tenorem²¹)

287 1204 428 1288 ejusdem
451 1203 615 1268 chartulae
639 1228 657 1268 a
679 1204 769 1268 vobis
792 1203 890 1267 etiam
911 1203 1036 1267 laudari
1058 1205 1091 1267 et
1112 1203 1274 1267 tenaciter
1302 1200 1471 1284 custodiri,
1496 1201 1548 1263 lae

286 1307 349 1370 tior
370 1305 508 1370 mundus
530 1306 674 1371 exsistat.
719 1304 852 1390 Data²²)
875 1304 905 1368 V
927 1305 1003 1369 Idus
1026 1303 1223 1390 Septembris
1246 1303 1467 1386 Calchedone‚
1494 1301 1547 1366 Ra·

286 1407 367 1472 stico
394 1407 463 1472 viro
492 1408 667 1473 clarissimo
690 1406 830 1472 consule.
875 1407 1020 1492 Accepta
1048 1406 1151 1491 pridie
1179 1406 1344 1472 Calendas
1365 1404 1545 1484 Decembris,

287 1509 415 1574 consule
438 1510 636 1594 suprascript
659 1560 666 1574 .

764 1684 930 1763 Exemplar
949 1702 1084 1762 precam

437 1799 517 1864 Deo
539 1797 703 1863 amabili
726 1819 769 1862 ac
791 1798 973 1883 piissimo
998 1799 1235 1884 imperatori
1258 1821 1304 1863 ex
1327 1797 1408 1863 Deo
1429 1798 1544 1882 Augu·

532 1903 595 1965 sto
618 1904 655 1965 et
684 1900 862 1985 principi
884 1899 1096 1982 cussinos)
1118 1899 1474 1966 Christianissimo
1493 1899 1544 1963 de·

531 2002 710 2087 precatio
733 2005 771 2066 et
797 2001 1045 2087 supplicatio
1073 2002 1120 2066 ab
1142 2001 1495 2087 Ierosolymitanis
1514 2004 1545 2064 et

531 2103 797 2169 Antiochenis
834 2108 872 2168 et
908 2104 1102 2169 secundae
1139 2102 1280 2188 Syriae
1324 2104 1482 2170 clericis
1513 2106 1545 2165 et

531 2206 746 2270 abbatibus
769 2209 807 2271 et
829 2206 1126 2290 possessoribus
1149 2205 1290 2290 Syriae
1312 2207 1543 2291 provinciae.

137 2337 191 2394 les.
204 2346 243 2406 12,
252 2347 276 2395 s.
371 2326 401 2390 5.
436 2325 573 2389 Haurite
588 2346 699 2405 aquom
722 2347 789 2390 cam
804 2332 921 2390 laetitia
936 2347 976 2390 ex
994 2329 1082 2402 sonte
1096 2331 1212 2405 salutis,
1235 2325 1433 2390 vociferator
1445 2325 1545 2389 Esaias

284 2427 442 2512 propheta
465 2427 634 2509 exclamat,
657 2427 765 2491 fontes
787 2426 901 2492 salutis
917 2427 1122 2512 evangelicae
1137 2428 1285 2492 veritatis
1304 2428 1545 2510 praedicationes

284 2529 456 2593 manifeste
477 2529 665 2611 ostendens,
694 2550 733 2592 ex
755 2529 870 2613 quibus
892 2529 978 2594 beati
1001 2528 1138 2614 apostoli
1160 2532 1193 2593 et
1215 2549 1326 2594 eorum
1349 2529 1406 2614 qui
1433 2551 1488 2615 per
1506 2551 1545 2593 or-

285 2630 393 2694 dinem
419 2631 551 2695 fuerunt
579 2629 726 2715 discipuli
754 2634 786 2695 et
814 2631 976 2715 sapientes
998 2630 1162 2696 Ecclesiae
1191 2630 1356 2714 doctores,
1386 2631 1546 2696 salutarem

285 2753 400 2816 aquam
422 2732 496 2796 fidei
518 2731 719 2816 haurientes,
750 2755 877 2798 omnem
899 2736 1046 2799 sanctam
1067 2731 1174 2818 Dei²⁴)
1198 2731 1383 2798 Ecclesiam
1407 2732 1546 2819 irrigare

284 2837 371 2917 runt,
395 2856 476 2919 quae
491 2834 526 2899 in
540 2839 633 2919 petra
648 2835 764 2899 summi
779 2835 995 2919 apostolorum
1010 2836 1147 2900 subnixa
1162 2838 1285 2900 rectam
1300 2840 1334 2900 et
1349 2835 1547 2901 inflexibilem

285 2937 519 3002 confessionem
542 2937 739 3020 custodiens,
769 2937 960 3002 fiducialiter
985 2959 1057 3001 curn
1080 2958 1117 3002 eo
1144 2936 1185 3001 ad
1212 2937 1421 3023 unigenitum
1442 2938 1547 3002 Filium

170 3019 270 3144 iiiii}
283 3039 344 3105 Dei
366 3040 619 3124 omnitempore
642 3038 816 3122 exclamat,
846 3040 971 3104 dicens:
1003 3043 1048 3104 Tu
1074 3060 1106 3104 es
1129 3044 1264 3103 Christus
1286 3045 1388 3106 Filius
1408 3046 1467 3105 Det
1487 3048 1546 3105 otri.

210 3131 216 3155 '
257 3133 378 3207 'Hanc
405 3142 580 3207 salutarem
609 3140 889 3228 confessionem²⁵)
918 3164 937 3205 a
971 3141 1091 3206 sanctis
1123 3143 1261 3226 quatuor
1294 3142 1443 3226 synodis,
1477 3163 1547 3228 quae

283 3245 478 3330 evangelicis
506 3243 686 3328 praeceptis
714 3248 789 3308 sunt
815 3242 1007 3326 honoratae,
1039 3243 1268 3327 suscipientes,
1303 3266 1472 3330 nunquam
1499 3265 1547 3329 per

283 3345 403 3411 Christi
425 3345 565 3432 gratiam
587 3367 606 3408 a
628 3345 755 3410 traditis
776 3346 870 3411 nobis
892 3346 988 3410 rectis
1011 3344 1214 3430 dogmatibus
1237 3345 1449 3429 deviavimus,
1474 3346 1545 3410 sicut

282 3468 387 3510 rerum
408 3451 548 3512 testatur
569 3446 730 3532 probatio,
755 3452 788 3511 et
809 3450 952 3533 tempore
974 3446 1175 3512 necessitatis
1197 3445 1272 3512 fidei
1295 3448 1482 3513 constantia
1502 3447 1545 3511 de

282 3551 450 3613 monstrat.
496 3549 531 3615 Si
552 3549 653 3634 igitur
674 3552 710 3612 ut
732 3548 909 3614 Christiani
930 3550 1110 3634 rationisll)
1138 3548 1213 3612 fidei
1235 3571 1348 3614 sumus
1371 3551 1543 3636 participes,

279 3791 410 3854 politanae
428 3792 538 3841 civitatis
560 3793 717 3856 episcopum,
741 3786 789 3856 qui
812 3787 960 3857 legationis
982 3789 1018 3843 ab
1036 3786 1192 3858 Epiphanio
1215 3789 1247 3842 et
1270 3788 1379 3857 synodo
1398 3789 1458 3859 ejus
1475 3786 1543 3843 dari·

281 3872 377 3937 natae,
395 3873 426 3925 ut
443 3871 529 3942 ipsius
547 3871 696 3942 Epiphanii
715 3871 920 3927 ordinationem
936 3871 1108 3927 sollemniter
1125 3871 1281 3939 nuntiaret,
1306 3873 1363 3927 dux
1381 3875 1412 3929 et
1428 3873 1542 3944 princepe

279 3955 333 4010 fuit
351 3961 405 4026 (ep.
421 3965 467 4011 131
487 3975 512 4011 n.
528 3966 551 4022 3,
570 3958 640 4011 conf.
660 3964 767 4027 ep.130
785 3975 810 4010 n.
825 3962 860 4025 2).
888 3957 955 4026 Ejus
972 3973 1057 4028 porro
1075 3957 1223 4027 aegritudo
1242 3957 1320 4012 haud
1334 3958 1420 4013 dubie
1432 3959 1460 4012 in
1472 3972 1542 4012 cana

279 4040 344 4107 fuit,
363 4059 412 4095 cur
430 4041 603 4111 Epiphanius
620 4041 684 4095 hnic
702 4041 807 4108 officio,
826 4042 901 4111 quod
918 4042 955 4097 ab
973 4042 1020 4096 illo
1034 4041 1183 4096 Hormisda
1201 4045 1350 4112 exegerat,
1367 4043 1475 4099 tardius
1487 4041 1543 4097 satis

279 4125 384 4180 fecerit.

347 4213 380 4279 ²⁰)
399 4213 424 4266 a'
448 4229 505 4281 seq.
530 4219 571 4266 cni
593 4226 674 4268 lairen
698 4233 792 4270 omnes.
832 4213 869 4267 Η8
891 4219 1016 4267 civitatum
1039 4232 1123 4267 omnes
1143 4217 1196 4278 soa.
1222 4219 1283 4282 imp.
1301 4224 1328 4268 et
1351 4221 1428 4284 qma·
1491 4234 1541 4282 μην

275 4315 368 4363 prium.

346 4384 378 4449 ²¹)
398 4383 424 4435 a'
445 4394 526 4436 tenor.
565 4382 671 4438 Clarius
692 4382 733 4437 ita
755 4383 809 4438 hoc
831 4384 1033 4438 enuntiaretur:
1057 4395 1084 4436 ur
1106 4403 1179 4453 quim
1196 4387 1311 4438 comitas
1333 4390 1459 4454 rogatu
1477 4395 1541 4451 alque

275 4470 431 4532 petefaetum
447 4472 540 4534 fuer-it,
560 4480 671 4522 tenorem
689 4481 737 4524 erc.

345 4553 378 4618 ¹²)
396 4551 463 4605 bec
482 4558 551 4607 Data
569 4557 668 4607 Idibus.

344 4637 378 4702 ²³)
396 4636 433 4689 Η8
449 4644 639 4705 gloriosissimo.
675 4638 740 4691 Mox
757 4638 794 4692 Η*
810 4644 924 4705 sontibus
942 4646 1086 4696 salvatoris.

357 4722 377 4789 ⁴)
395 4720 432 4773 Ηο
451 4722 540 4777 omitt.
562 4728 618 4777 Dei.
655 4723 692 4776 H⁸
708 4737 809 4792 petrum
883 4731 1101 4794 inconflexibilem.

356 4806 375 4873 5)
394 4805 443 4859 Η10
461 4807 524 4861 add.
544 4813 688 4863 cristodiens
702 4815 866 4877 fiducialiter.

355 4893 366 4921 6

344 4722 354 4754 2

343 4807 354 4838 ²

344 4894 354 4925 2

367 4893 376 4958 )
394 4891 431 4943 11⁶
450 4899 550 4947 ratione
565 4900 629 4960 fidei
700 4901 795 4949 domne.
