3204 5506
507 336 700 386 uersrounu
727 326 794 383 105.
820 326 890 384 106.
1266 321 1327 384 907
1387 359 1389 363 -
1467 319 1475 334 ’

52 491 224 576 juvamine
247 490 468 574 dispourmtur,
493 495 525 555 et
547 492 670 576 t(gnatius
693 494 751 575 est,
775 495 811 554 ut
834 491 891 554 sub
906 512 995 554 mora
1018 491 1157 554 omuimu
1178 491 1325 555 ccclesia·
1338 505 1428 554 0519.

57 616 133 656 rum
155 593 319 657 ordinetur
341 596 458 677 status,
488 617 582 679 quam
604 617 701 679 quum
722 616 779 678 per
801 593 1040 658 festinationem
1066 592 1185 676 aliquid
1213 593 1327 678 irnper-

56 695 184 760 fectum
210 699 390 778 remaneat,
418 697 502 760 uude
524 697 639 760 iterum
663 700 694 760 et
716 697 807 760 labor
831 695 923 760 uobis
950 699 1122 781 generetur
1150 698 1183 759 et
1208 696 1327 759 nostris

57 797 214 861 afferatur
235 798 489 862 ordinationibus
512 799 694 863 difficultas
740 798 858 884 Data⁷)
882 798 1010 862 consule
1032 798 1259 883 suprascripto.

550 985 731 1089 Epistola
759 986 839 1069 106.

1337 1117 1372 1178 (a.
1380 1120 1429 1167 510
1440 1113 1465 1167 d.

145 1137 356 1204 Hormisdou
378 1154 488 1221 papae
510 1138 553 1203 ad
576 1137 775 1204 iohannem
799 1133 1247 1221 constantinopolitanum.
1344 1180 1446 1249 auec.)

99 1279 194 1329 Tiona
212 1285 237 1328 el
255 1279 402 1328 Nicostrato
422 1279 642 1342 Constantinopoli
659 1280 761 1343 indipne
778 1283 915 1343 susceptis,
933 1294 961 1328 se
979 1281 1058 1342 ipsum
1075 1285 1187 1342 spretum
1205 1279 1294 1328 villeri.

455 1364 495 1412 lia
512 1380 585 1429 quum
601 1365 706 1428 primum
723 1366 859 1413 consultum
876 1367 934 1412 uult.

215 1496 424 1560 Hormisda
439 1495 648 1580 Johanni1)
665 1496 851 1580 episcopo
864 1494 1327 1580 Constantinopolitano

146 1615 334 1700 Reperimus
369 1614 558 1679 Thomatem
591 1619 624 1678 et
658 1614 877 1679 Nicostratum
912 1615 1027 1679 fratres
1060 1618 1092 1678 et
1127 1616 1329 1700 coepiscopos

59 1720 188 1782 nostros
210 1716 488 1800 Constantinopoli
517 1738 582 1780 nou
609 1717 656 1780 ita
678 1722 857 1800 susceptos,
888 1717 982 1781 sicuti
1005 1720 1114 1781 nostra
1137 1717 1225 1781 fuere
1249 1717 1328 1781 desi-

59 1819 166 1901 deria,
194 1826 227 1882 et
248 1819 309 1902 ipsi
332 1840 456 1902 semper
478 1819 643 1902 optabunt.
688 1819 762 1882 Non
785 1819 886 1882 solum
909 1819 994 1882 enim
1015 1819 1086 1882 loca
1114 1819 1158 1882 eis
1188 1820 1328 1906 debita²)

58 1921 213 1986 dicuntur
235 1920 358 2003 ablata,
389 1922 442 1984 sed
471 1944 489 1984 a
516 1921 737 1984 communione
764 1942 888 2006 quoque
916 1942 969 1984 eos
997 1921 1203 2006 cognovimus
1231 1921 1340 2005 fuisse·

58 2045 241 2107 suspensos.
287 2022 376 2098 Quod
400 2045 495 2108 quam
517 2023 630 2086 acerbe
652 2022 737 2086 ferat
760 2023 885 2087 animus
907 2027 1032 2105 noster,
1062 2023 1158 2087 etiam
1179 2023 1328 2088 fraterni-

57 2129 162 2190 tatem
190 2129 222 2189 et
250 2124 454 2188 dilectionem
482 2128 571 2188 tuam
601 2125 758 2189 oredimus
786 2125 964 2189 aestimare.
1010 2123 1054 2188 Et
1075 2124 1146 2188 ideo
1174 2131 1328 2210 quantam

56 2227 263 2312 diligentiam
287 2248 400 2290 causac
428 2227 542 2291 videtis
570 2227 827 2312 magnitudinem
848 2248 994 2310 poscere,
1023 2229 1151 2290 tantam
1178 2248 1233 2291 vos
1262 2228 1328 2292 effi·

58 2329 183 2394 caciam
205 2328 327 2392 debetis
350 2329 419 2392 sinc
441 2350 530 2392 mora
552 2333 726 2413 praestare,
751 2331 783 2392 et
805 2349 911 2412 agere,
935 2350 976 2392 nc
997 2350 1055 2392 nos
1070 2329 1184 2413 magis,
1209 2329 1327 2416 apudss)

56 2453 138 2515 quos
167 2430 312 2512 fuerunt,
347 2431 510 2494 videamur
539 2452 606 2494 esse
635 2430 824 2514 contempti3
854 2453 950 2514 quum
978 2430 1042 2493 illis
1071 2435 1198 2513 contra,
1233 2453 1329 2515 quam

55 2532 250 2597 desiderium
274 2554 440 2596 commune
462 2531 586 2614 habuit,
611 2532 833 2596 sollicitudinis
856 2532 1002 2597 molestia
1025 2533 1123 2596 suerit
1145 2533 1329 2598 indecenter

55 2634 181 2718 injecta
203 2634 237 2697 in
259 2638 403 2717 tantum,
427 2638 464 2699 ut
485 2656 546 2698 nec
568 2635 607 2697 de
628 2634 836 2698 facultatibus
859 2655 983 2717 eorum,
1007 2657 1088 2718 quae
1111 2635 1157 2698 eis
1179 2634 1329 2700 dicuntur

54 2739 205 2819 invasae,
235 2736 376 2800 afratre
405 2740 437 2800 et
465 2736 650 2820 coepiscopo
680 2739 788 2799 nostro
816 2735 980 2819 Johaune,
1011 2737 1136 2801 dicatur
1167 2737 1327 2824 aliquod⁴)

56 2953 207 3010 antequam,
234 2946 298 2994 sieut
323 2946 499 3008 pervideritis,
528 2951 555 2993 ut
581 2952 695 3008 oportet,
720 2946 854 3006 firmentur
880 2960 912 2993 eo
938 2960 1002 3009 quae
1029 2944 1091 2994 bene
1119 2946 1245 3009 disposita
1270 2953 1328 2995 sulit

56 3030 91 3080 ab
111 3032 157 3079 eir.

128 3114 149 3178 ⁷)
168 3111 202 3163 G¹
222 3115 291 3164 Data
309 3117 351 3164 dis
368 3113 437 3165 coiis.
455 3111 494 3172 s'r,
514 3111 556 3163 ed.
576 3115 646 3162 Dato
663 3116 812 3178 supradicto
830 3116 939 3163 consule.

57 3200 109 3249 106
146 3197 165 3263 ¹)
183 3197 215 3248 ln
232 3195 306 3264 vulg.
325 3200 437 3250 lotanni
453 3201 574 3264 episeopo
592 3207 617 3249 et
629 3200 754 3249 Dioscoro
773 3201 890 3249 diacono.
926 3193 1061 3248 Addimus
1080 3193 1175 3249 cumG
1183 3197 1188 3229 ¹
1204 3199 1328 3249 Conslan-

55 3284 235 3346 tinopolitano.
271 3280 302 3333 ln
320 3280 419 3334 eodem
437 3280 472 3335 G¹
491 3280 603 3347 quidem
620 3280 720 3349 postea
735 3279 782 3334 hic
799 3279 930 3348 adjicitur
948 3291 975 3332 et
993 3284 1118 3333 Dioscoro
1137 3285 1260 3345 diacono,
1279 3281 1328 3334 sed

55 3364 86 3418 in
106 3364 219 3433 praevio
241 3364 314 3418 illius
335 3365 426 3420 indice
449 3364 574 3434 generali
591 3365 661 3418 haec
678 3365 764 3418 verba
782 3364 890 3418 absunt.
932 3363 969 3416 Et
986 3380 1020 3417 ea
1038 3363 1150 3431 quidem
1168 3364 1264 3418 abesse
1283 3365 1327 3420 de-

55 3450 127 3503 bere
150 3447 213 3502 inde
236 3449 316 3503 nobis
338 3466 501 3519 persuasum
523 3453 577 3504 est:
607 3454 632 3502 1⁰
650 3449 724 3518 quod
745 3448 774 3502 iu
793 3466 826 3503 ea
843 3447 992 3502 Hormisda
1008 3465 1093 3500 unum
1112 3451 1140 3502 et
1158 3449 1328 3517 singularem

56 3533 211 3601 alloquitur
226 3533 269 3586 his
285 3534 377 3588 verbis
392 3541 582 3600 fraternitatem
601 3546 625 3588 et
644 3540 800 3588 dilectionem
819 3545 884 3586 tirum
903 3536 968 3599 (nou
980 3535 1097 3600 oestrum)
1117 3540 1240 3588 credimur
1253 3543 1328 3590 nesti-

55 3638 144 3675 strare:
167 3622 195 3670 2⁰
213 3619 286 3685 quod
306 3636 367 3672 eum
389 3619 418 3672 in
436 3618 553 3688 epistola
573 3626 620 3674 144
638 3620 743 3673 recolat
761 3636 794 3672 ac
812 3618 948 3672 memoret
966 3619 997 3670 ut
1015 3618 1051 3671 ad
1070 3635 1155 3671 unum
1172 3618 1328 3673 iohannem

56 3702 205 3772 scriptam3
228 3706 256 3757 3⁰
274 3703 348 3769 quod
366 3719 421 3756 non
440 3703 520 3757 aliter
545 3704 578 3758 de
597 3722 631 3759 ea
652 3704 681 3756 in
699 3703 823 3757 subnexa
842 3702 960 3772 epistola
979 3708 1026 3755 107
1048 3703 1187 3771 loquatur.
1224 3703 1327 3758 Verum

56 3786 246 3855 antiquariae,
264 3788 345 3856 hujus
363 3788 498 3857 epistolae
518 3796 565 3844 107
584 3789 652 3842 illud
671 3789 778 3857 legens:
796 3799 846 3841 tom
865 3794 900 3841 od
915 3792 1054 3841 iohannem
1071 3793 1181 3854 fratrem
1199 3800 1224 3842 et
1241 3797 1326 3857 coepi·

54 3893 161 3941 scopum
173 3884 284 3926 nostrum
295 3880 394 3941 scripta
412 3879 563 3939 direximus,
583 3895 655 3943 quem
674 3879 834 3928 dilectissimo
848 3879 902 3940 filio
921 3883 1008 3926 riostro
1022 3878 1148 3927 Dioscoro
1161 3879 1268 3928 diacono
1280 3896 1328 3943 per

55 3964 160 4011 litterar
177 3963 345 4025 injunximus,
365 3958 393 4011 iu
412 3975 475 4012 eum
492 3958 620 4012 inductus
634 3960 677 4012 est
689 3973 824 4023 errorem,
843 3958 873 4010 ut
890 3975 973 4011 unam
986 3957 1168 4026 eamdemque
1182 3958 1327 4027 epistolum

55 4040 98 4095 ibi
117 4041 270 4112 designari,
289 4042 414 4111 adeoque
432 4044 504 4097 hanc
524 4049 571 4096 100
589 4060 645 4097 non
663 4042 771 4097 tantum
783 4041 902 4096 lohanui
921 4041 1064 4111 episcopo,
1083 4041 1131 4095 sed
1151 4044 1179 4095 et
1195 4042 1327 4098 Dioscoro
1359 4052 1360 4056 ’

57 4126 177 4180 diacono
194 4125 400 4182 inscribendam
419 4127 598 4181 existimaret.

128 4213 148 4277 ²)
166 4210 200 4263 Η.
215 4227 238 4264 0.
256 4218 331 4265 redes
350 4224 375 4266 et
393 4219 514 4266 eeclesiae
531 4219 664 4281 propriae.

128 4297 148 4363 ³)
166 4295 310 4365 Ellipticus
328 4297 403 4352 locus
421 4297 461 4351 ita
479 4300 522 4352 est
540 4297 731 4367 explicandus,
751 4298 829 4367 quasi
842 4298 996 4367 legeretur:
1016 4303 1087 4366 apud
1103 4317 1158 4361 eoa,
1178 4303 1249 4366 apud
1266 4319 1327 4368 quoa

56 4385 176 4446 fuerumt,
197 4387 280 4448 spreti
296 4388 425 4436 videamur
443 4385 493 4437 ete.

126 4466 147 4532 ⁴)
166 4464 311 4519 Mallemus
334 4474 432 4537 aliquid
448 4474 602 4530 ordinatum,
626 4469 698 4522 undo
721 4468 826 4522 scilicet
847 4467 1003 4522 necessaria
1024 4467 1098 4521 vitae
1121 4467 1244 4521 subsidia
1266 4484 1327 4537 per·
1357 4482 1358 4487 ’

58 4550 192 4620 cipereut.
229 4550 270 4604 De
290 4569 344 4619 qno
358 4553 484 4606 Johaune
502 4553 547 4607 hic
564 4555 694 4623 loquatur
712 4553 874 4618 Hormisda‚
894 4553 1041 4606 obscurum
1059 4556 1108 4607 est.
1140 4553 1261 4606 Tantum
1280 4553 1327 4606 ob·

57 4651 212 4701 servamus,
224 4636 292 4689 tuuc
304 4636 436 4705 temporis
449 4637 580 4691 eeclesiae
592 4638 840 4706 ierosolymitanae
853 4655 885 4692 ac
897 4636 985 4692 tribus
998 4636 1161 4691 Palaestinis
1174 4636 1327 4706 praefuisse

56 4720 228 4786 iohannem,
251 4720 327 4788 eujus
345 4721 465 4790 epistola
483 4722 615 4790 synodica
632 4724 668 4776 ad
685 4723 841 4777 Johanuem
858 4721 1195 4791 Constantinopolitanum
1219 4722 1327 4776 concilii

57 4802 359 4872 Constantinopolitani
372 4806 422 4858 sub
435 4806 517 4859 Mena
529 4808 632 4861 actioni
644 4807 668 4860 V
681 4808 777 4875 (Hard.
789 4809 827 4873 ll,
842 4811 917 4875 1342)
930 4807 1034 4861 inserta
1046 4815 1101 4872 est,
1114 4807 1194 4874 eique
1206 4807 1327 4876 primunr

56 4888 232 4945 subscribere
242 4888 397 4944 Jobaunem
408 4889 559 4945 Caesareae
573 4891 611 4959 (iu
620 4891 788 4961 Palaestina)
802 4892 969 4963 episcopum.
997 4892 1056 4948 Nec
1068 4892 1147 4948 deest
1158 4892 1326 4962 conjectura,
