3204 5506
580 372 775 423 nrrsronnn
799 359 849 422 29.
873 362 924 422 30.
1325 354 1387 422 803

118 528 204 612 quod
226 529 430 610 exspectatur
452 548 585 591 examen
608 528 783 610 advenerit,
807 528 909 612 qualis
932 526 1083 610 apostolis
1107 527 1256 608 creditus,
1284 526 1387 610 qualis
1400 540 1493 589 0117.

118 630 300 714 aliquorum
321 629 518 693 tentantium
541 629 740 693 dubitatione
763 631 952 713 compertus,
977 629 1079 712 qualis
1095 629 1212 713 angelo
1226 650 1387 713 praenun-

117 732 225 796 tiante
247 733 436 816 promissus:
470 735 576 794 utrum
605 731 645 794 ab
673 730 736 794 illis
763 731 877 795 melius
899 731 942 794 sit
964 730 1073 815 argui,
1110 753 1152 795 an
1181 752 1253 795 curn
1281 752 1389 794 eorum

119 833 252 898 cohorte
275 833 443 917 conjungi,
466 836 573 897 utrum
594 832 692 896 talem
715 832 817 916 qualis
841 832 1010 915 videbitur,
1034 835 1090 896 aut
1104 832 1207 916 qualis
1226 832 1267 896 ab
1283 832 1389 916 impiis

117 939 275 1020 negatam,
312 935 485 999 Dominum
513 934 668 998 confiteri.
714 933 770 998 Nil
791 957 846 998 vos
869 934 1012 998 retrahat
1040 957 1059 997 a
1082 934 1200 998 salute:
1228 934 1389 999 velocibus

118 1037 162 1100 ad
184 1037 270 1101 viam
293 1038 392 1101 redite
416 1037 570 1121 vestigiis.
626 1036 748 1121 Lapsus
771 1039 917 1100 ruentem
938 1058 1004 1101 non
1026 1039 1157 1121 gravat,
1181 1037 1208 1101 si
1230 1040 1387 1122 resurgat.

118 1139 229 1224 Larga
253 1142 301 1202 est
323 1139 500 1203 dominicae
523 1138 670 1202 doctrina
693 1138 891 1221 clementiae,
915 1139 1012 1203 noxia
1027 1141 1103 1203 sunt
1118 1139 1233 1202 erroris
1248 1139 1388 1221 vincula,

118 1241 198 1304 dum
221 1241 373 1306 retinent.
412 1241 490 1306 Odit
507 1240 635 1323 justitia
658 1241 849 1324 pertinaces,
878 1241 967 1305 fovet
989 1241 1159 1304 clementia
1181 1241 1388 1326 corrigentes,

117 1342 209 1407 Data
230 1342 280 1406 III
302 1341 412 1408 Nonas
434 1343 567 1427 Aprilis,
592 1343 735 1428 Agapito
757 1344 826 1407 viro
850 1342 1025 1407 clarissimo
1049 1343 1187 1408 consule.

623 1529 804 1633 Epistola
831 1531 891 1614 30.

229 1682 440 1750 Hormisdou
462 1699 572 1767 papae
595 1684 638 1748 ad
662 1684 842 1767 episcopos
865 1683 1026 1751 orientis
1047 1682 1279 1751 orthodoxos.
1399 1679 1490 1745 (0517
1504 1673 1529 1730 d-

1401 1746 1450 1800 311
1472 1743 1514 1798 ril.

159 1823 194 1873 lla
209 1826 325 1888 praemia
342 1832 448 1874 (aeterna
466 1827 590 1874 intuentes
609 1825 718 1873 arluersa
734 1825 841 1886 sortiter
855 1825 993 1888 perferant
1005 1832 1030 1874 01
1041 1832 1189 1876 constanter
1197 1827 1261 1889 fidei
1273 1841 1357 1874 exera·
1450 1763 1470 1816 p
1517 1749 1526 1815 l

155 1911 203 1972 pla
221 1910 279 1957 aliis
293 1909 420 1974 praebere
438 1925 469 1959 ne
487 1912 611 1967 0011110111,
630 1909 748 1958 hortatur
761 1910 796 1972 (n.
808 1908 892 1972 1-3).
928 1909 1044 1974 Seipsnm
1062 1927 1108 1960 aec
1124 1911 1294 1960 sollieitudine
1313 1927 1358 1959 acc

156 1993 246 2043 labore
264 2009 390 2052 00110110,
418 2002 443 2044 el
461 2011 525 2044 nunc
541 1996 654 2058 repetita
671 1996 723 2043 uice
742 1995 884 2043 Ennodium
902 2002 927 2042 01
945 1995 1109 2059 Perepm'num
1127 1997 1152 2044 in
1172 1994 1297 2045 Orientem
1315 1998 1358 2045 mi·

618 2081 682 2129 sisae
700 2081 799 2128 nuntiat
816 2077 851 2143 (a.
864 2077 900 2143 4).

278 2209 487 2276 Hormisda
510 2212 710 2297 episcopis
732 2211 976 2277 orthodoxia.

214 2334 243 2394 1.
280 2331 342 2396 Est
368 2332 494 2416 quidem
520 2332 661 2396 fidebam
689 2331 826 2416 speciale
856 2332 1004 2397 solatium
1031 2332 1132 2416 Deus,
1166 2357 1392 2420 necunquam

116 2434 212 2498 inter
233 2433 394 2518 quaelibet
416 2435 495 2498 dura
518 2434 680 2516 deficiunt,
704 2435 759 2518 qui
781 2457 815 2498 se
838 2435 965 2499 adeum
982 2436 1050 2498 toto
1065 2436 1182 2500 mentis
1198 2438 1303 2502 studio
1319 2460 1391 2503 con-

116 2535 279 2599 tulerrmt.
314 2534 544 2600 Verumtamen
565 2536 626 2600 hoc
648 2540 756 2601 votum
778 2539 940 2621 proposito
963 2541 1068 2601 vestro
1083 2538 1196 2602 debere
1211 2561 1262 2603 me
1276 2540 1391 2624 fateor,

117 2644 162 2700 ut
185 2637 267 2701 sicut
290 2638 413 2702 exsulto
435 2640 473 2703 de
496 2639 681 2703 sinceritate
703 2639 776 2702 fidei
799 2643 933 2722 vestrae,
966 2639 1013 2703 ita
1036 2640 1073 2703 de
1096 2640 1246 2705 firmitate
1269 2664 1392 2707 merear

118 2739 266 2825 gaudere
282 2740 492 2805 constantiae.
527 2740 621 2806 Unde
637 2744 670 2805 et
685 2741 839 2826 adspectu
861 2741 1012 2806 interiore
1035 2764 1089 2806 vos
1112 2743 1253 2826 intusne,
1278 2745 1319 2809 ad
1340 2745 1392 2809 de·

119 2842 278 2905 siderium
301 2842 498 2927 colloquendi
520 2844 684 2908 vobiscum
704 2846 870 2927 promptus
899 2865 1047 2929 assurgo,
1076 2847 1113 2908 ut
1135 2849 1168 2909 et
1189 2846 1393 2911 dilectionem

121 2943 213 3008 circa
235 2944 336 3007 Deum
358 2948 498 3008 vestram
519 2945 675 3009 litterario
698 2966 843 3010 sermone
864 2967 1058 3028 remunerer,
1082 2950 1115 3009 et
1137 2969 1225 3031 spem
1247 2949 1392 3033 paginali

121 3044 350 3110 adhortatione
374 3047 574 3130 confirmem,
609 3051 704 3131 atque
733 3048 779 3111 ita
807 3045 873 3129 his,
912 3070 983 3111 oum
1005 3047 1119 3131 quibus
1147 3048 1226 3113 mihi
1248 3053 1297 3113 est
1320 3072 1393 3114 con-

122 3147 262 3212 sortium
284 3151 415 3212 sanctae
438 3150 686 3232 communioniS,
712 3149 890 3232 jucundum
913 3149 1043 3213 reddam
1070 3150 1290 3215 testimonium
1314 3153 1392 3215 cari-

122 3251 216 3314 tatis.
260 3248 334 3314 Non
357 3251 442 3314 enim
471 3252 589 3316 sufficit
618 3252 724 3315 animo
752 3273 822 3314 meo
850 3251 888 3314 de
916 3251 1005 3314 vobis
1033 3273 1101 3315 esse
1130 3274 1290 3336 securum,
1329 3253 1392 3317 nisi

123 3350 295 3416 ostendero
321 3353 412 3415 illum
434 3375 572 3437 quoque,
602 3376 663 3438 quo
692 3376 747 3416 vos
777 3352 986 3436 complector,
1021 3354 1179 3418 allectum.
1230 3353 1393 3438 Siquidem

124 3453 271 3517 declarat
293 3477 326 3518 se
348 3477 414 3519 11011
437 3477 475 3519 ex
494 3455 614 3538 jndicio
637 3455 740 3519 odisse
763 3454 857 3518 aDei
879 3454 1050 3519 dilectione
1065 3455 1191 3538 (liviam,
1216 3455 1271 3541 qui
1287 3459 1394 3541 potest

124 3579 195 3619 non
217 3577 323 3619 amare
346 3557 546 3640 conjunctos.

212 3658 242 3722 2.
280 3657 439 3722 Benedico
461 3659 561 3743 igitur
576 3657 689 3741 Deum,
714 3659 788 3722 dum
810 3660 966 3723 fervorem
988 3659 1061 3724 fidei
1083 3663 1208 3724 vestrae
1223 3661 1308 3725 inter
1322 3683 1393 3746 pro-

127 3759 224 3824 cellas
247 3761 350 3823 varias
374 3765 407 3824 01
420 3764 648 3845 tempestatum
664 3760 796 3824 adversa
812 3761 986 3826 considero.
1010 3761 1076 3826 Vos
1091 3784 1224 3847 qnoque,
1249 3766 1285 3826 ut
1299 3786 1394 3847 super

127 3861 179 3925 his
201 3862 353 3945 pietatem
377 3863 443 3947 ejus
466 3862 662 3947 glorificetis,
691 3862 835 3927 uberiore
858 3864 1071 3928 exsultatione
1094 3865 1227 3947 suadac,
1254 3865 1309 3949 qui
1332 3864 1393 3928 ele-

128 3968 251 4028 ctorum
274 3986 400 4028 suorum
423 3970 547 4029 mentes
562 3988 624 4050 quo
640 3965 834 4047 acceptiores
850 3966 910 4029 sibi
927 3966 1049 4050 reddat,
1074 3967 1246 4049 examinat,
1271 3969 1303 4030 et
1318 3966 1394 4030 licet

129 4066 276 4150 cognitos
298 4067 375 4148 sibi,
404 4066 592 4150 quibusdam
614 4071 722 4131 tamen
745 4066 988 4132 difficultatibus
1016 4067 1147 4152 probat,
1178 4072 1215 4132 ut
1232 4069 1394 4152 justitiam

127 4189 252 4253 quoque
273 4169 377 4232 inesse
400 4168 483 4232 dono
505 4169 588 4253 quod
610 4168 747 4252 largitur
769 4169 927 4233 ostendat.
964 4170 1071 4254 Atque
1093 4170 1164 4233 ideo
1185 4170 1394 4253 pertinaciter
1468 4223 1474 4238 ,

127 4270 213 4334 bono
235 4292 290 4335 vos
319 4272 468 4335 convenit
495 4271 661 4335 imminere
690 4265 867 4354 proposito,
903 4293 963 4335 nec
989 4271 1024 4335 in
1050 4271 1103 4335 via
1131 4293 1212 4355 quae
1239 4270 1326 4334 ducit
1355 4270 1394 4333 ad

128 4372 209 4438 coeli
236 4395 337 4457 regna
365 4373 510 4438 deficere.
571 4371 630 4447 Qui
660 4372 803 4436 intuetur
831 4373 982 4437 dominici
992 4376 1016 4460 ¹)
1046 4396 1178 4437 munera
1206 4395 1271 4436 non
1301 4373 1395 4436 aesti-

126 4475 247 4540 manda
268 4475 431 4559 promissi,
455 4475 573 4539 nullius
596 4477 703 4558 potest
719 4478 897 4557 respectum
912 4474 1030 4539 habere
1045 4475 1189 4559 periculi.
1219 4472 1294 4539 Non
1309 4474 1395 4538 enim

124 4578 254 4662 frangit
277 4577 486 4641 consideratio
508 4579 726 4661 praesentium
749 4577 919 4659 malorum,
954 4576 1016 4640 nisi
1038 4577 1217 4640 futurorum
1240 4576 1396 4640 bonorum
1509 4641 1510 4644 ,
1580 4589 1583 4593 ’

124 4733 431 4745 Ηη--ᾕ

121 4844 158 4895 30
197 4836 217 4905 ¹)
235 4829 286 4888 Ed.
307 4838 442 4896 dominica,
467 4833 501 4888 G¹
525 4837 610 4902 11111οὲ,
640 4833 712 4889 unde
739 4830 940 4888 restituendum
968 4830 1095 4887 duximus
1118 4837 1247 4890 dominici.
1288 4828 1396 4886 Deinde

120 4925 141 4978 1)
156 4939 194 4977 cc
213 4925 373 4975 aestimanda
388 4927 523 4988 promissa.

1128 5005 1193 5071 51*
