3204 5506
143 544 178 609 (a.
190 543 259 608 lai.)

121 694 185 748 Luc.
195 698 263 759 l,38.

146 2495 261 2561 (aler.)

273 362 336 426 (528
699 375 726 422 a.
743 375 926 422 aulsrnsn
951 377 974 422 11
999 374 1111 420 aaran

272 554 371 595 unum
384 529 557 610 Christum,
581 528 726 592 eumdem
748 527 864 590 Filium
879 526 938 592 Dei
963 533 995 592 et
1017 528 1157 591 hominis
1172 525 1400 612 unigenitum
1423 548 1443 589 a
1458 524 1558 607 Patre,

273 637 304 697 et
326 631 575 717 primogenitum
598 652 636 692 ex
659 630 793 693 mortuis
809 630 1011 711 confitemur3
1034 630 1184 711 scientes,
1210 628 1305 713 quod
1321 627 1460 712 quidem
1478 650 1558 693 eoae·

272 737 383 798 ternus
406 734 449 797 sit
471 754 527 796 suo
550 731 639 794 Patri
662 731 835 794 seeundum
859 731 1077 813 divinitatem,
1107 730 1295 795 secundum
1326 752 1432 814 quam
1460 730 1558 815 opifex

273 839 321 899 cst
349 835 505 916 omnium,
542 837 574 895 et
601 832 753 916 dignatus
783 836 831 896 est
859 836 931 915 post
959 834 1204 897 consensionem
1233 835 1382 896 sanctae
1406 831 1559 917 Virginis,

272 959 369 1022 quum
390 936 472 1000 dixit
494 935 533 998 ad
556 935 722 1019 angelum:
748 940 827 998 Ir'ccc
843 941 957 998 oricilla
973 940 1103 1015 Domini,
1124 942 1183 1011 fiat
1205 939 1288 998 mihi
1309 940 1487 999 secundam
1502 956 1560 999 eer-

272 1045 459 1115 iuraturum,
494 1035 700 1100 ineffabiliter
727 1037 787 1100 sibi
818 1059 856 1099 ex
885 1037 954 1119 ipsa
983 1036 1150 1100 aedificare
1171 1035 1359 1121 templum,
1398 1041 1435 1101 et
1457 1037 1561 1102 suum

273 1141 334 1205 sibi
357 1140 476 1221 univit,
500 1138 583 1223 quod
606 1161 672 1203 nou
696 1142 899 1202 coaeternum
926 1137 965 1202 de
994 1160 1052 1202 sua
1074 1138 1262 1202 substantia
1287 1160 1306 1202 e
1330 1139 1429 1204 coelo
1451 1138 1561 1204 detulit

274 1264 397 1326 corpus,
421 1241 476 1304 sed
498 1263 537 1303 cx
559 1262 665 1303 massa
686 1245 816 1303 nostrae
839 1241 1050 1322 substantiae,
1074 1241 1133 1305 hoc
1156 1244 1207 1305 est
1230 1263 1274 1304 ex
1298 1242 1451 1327 virgine.
1496 1241 1562 1307 Hoc

273 1343 434 1428 accipiens
463 1345 496 1406 et
523 1342 583 1405 sibi
607 1343 737 1423 uniens,
767 1365 832 1406 uon
854 1342 941 1406 Deus
965 1342 1106 1406 Verbum
1135 1343 1170 1406 in
1200 1365 1341 1408 carnem
1366 1365 1486 1409 versus
1506 1349 1562 1425 est,

272 1467 375 1530 nequo
398 1449 433 1508 ut
455 1444 648 1527 phantasma
671 1466 846 1528 apparenS,
877 1444 932 1508 sed
961 1443 1255 1508 inconvertibiliter
1285 1449 1321 1509 et
1344 1445 1563 1510 incommuta-

272 1547 380 1609 biliter
402 1568 492 1608 suam
516 1546 717 1609 conservavit
739 1546 923 1629 essentiam,
952 1547 1111 1629 primitias
1134 1549 1277 1610 natiuae
1302 1552 1447 1613 nostrae
1470 1548 1563 1613 susci·

273 1649 365 1732 piens
388 1647 451 1711 sibi
475 1648 588 1711 univit.

592 1806 708 1866 Iterum
730 1806 864 1884 ejusdem
885 1822 986 1883 papae
1008 1807 1048 1867 ad
1072 1808 1221 1867 eumdem.

357 1921 388 1984 3.
421 1919 595 2003 Nunquam
618 1923 723 1983 autem
747 1942 803 2003 per
825 1921 1089 1984 resurrectionem
1113 1920 1275 1985 unitionis
1291 1926 1437 1988 nostrae
1452 1924 1560 1989 disces

273 2023 315 2085 sit
338 2045 357 2083 a
379 2021 508 2106 proprio
530 2022 660 2104 templo,
690 2044 749 2085 nec
772 2021 933 2086 discedere
955 2026 1061 2106 potest
1082 2027 1215 2108 propter
1238 2023 1456 2091 ineffabilem
1478 2048 1560 2090 suam

274 2123 520 2207 benignitatem.

786 2276 968 2380 Epistola
994 2278 1017 2360 5

881 2413 930 2449 scu

315 2488 486 2554 Libellus,
510 2502 613 2555 quem
634 2488 803 2545 dederunt
825 2489 1039 2557 apocrisiarii
1060 2490 1326 2548 Alexandrinae
1351 2493 1524 2550 merenies

393 2589 516 2657 legatis
538 2590 581 2644 ab
603 2591 689 2646 urbe
710 2585 849 2667 Romal)
873 2591 1201 2660 constantinopolim
1224 2594 1437 2652 destinatis.

1562 2346 1582 2399 p

426 2733 727 2798 ljiloriosissimo
755 2739 869 2819 atque
898 2736 1247 2801 excellentissimo
1278 2740 1468 2822 patricio
1496 2738 1554 2805 Fe-

518 2838 610 2920 sto'2)
640 2841 677 2899 et
705 2837 1003 2902 venerabilibus
1031 2838 1235 2922 episcopis
1259 2838 1497 2908 Cresconio
1522 2846 1554 2909 el

518 2938 711 3001 Germano
735 2939 850 3002 simul
874 2961 956 3003 cum
979 2940 1062 3023 ejus
1084 2943 1297 3024 potestate
1322 2943 1502 3011 directis
1519 2946 1555 3009 in

518 3039 723 3123 legatione
760 3041 806 3103 ab
839 3042 933 3105 urbe
961 3041 1080 3106 Roma
1114 3034 1554 3112 ad'clementiesimum

518 3145 556 3204 et
578 3141 736 3206 Christo
759 3143 965 3206 amabilem
987 3142 1273 3226 imperatorem
1289 3146 1553 3214 Anastasium

519 3243 820 3307 Alexandrinae
843 3245 1094 3309 venerabilis
1116 3244 1320 3313 eeclesiae
1336 3248 1553 3317 Dioscorus

519 3344 727 3428 1.›1·esbyter
770 3349 807 3408 et
849 3345 1090 3411 Chaeremon
1138 3346 1289 3433 lector,
1346 3353 1552 3438 responsis

519 3445 693 3528 ejusdem
716 3447 913 3511 ccclesiae
936 3449 1205 3535 servierrtes³).

1585 2312 1599 2425 l

346 3634 363 3699 ¹)
383 3631 491 3684 Scilicet
515 3631 550 3685 ab
573 3631 719 3685 Anastasio
741 3650 828 3703 papa,
856 3636 887 3688 ut
908 3635 1079 3704 superiorem
1102 3635 1249 3705 epistolam
1271 3645 1284 3690 l
1311 3638 1349 3693 ad
1374 3640 1551 3697 Anubsinn
1597 3636 1599 3681 i

275 3718 430 3783 Augustum
448 3716 596 3769 deferrent.
632 3716 711 3770 Hune
730 3719 823 3770 autem
845 3718 968 3772 libellum
991 3736 1091 3788 graece
1110 3719 1245 3790 seriptum
1270 3721 1424 3780 dederant
1441 3728 1552 3783 Alexan·
1595 3746 1599 3757 ⁴

276 3799 371 3853 drinae
389 3801 520 3855 ccclesiae
538 3801 635 3870 legati,
654 3801 701 3854 scd
721 3802 767 3855 ubi
786 3803 903 3857 ltomam
921 3805 1044 3873 perlatus
1063 3804 1126 3871 init,
1144 3822 1161 3858 a
1176 3804 1320 3876 Dionysio
1334 3808 1453 3881 Exiguo
1471 3812 1552 3867 latine

276 3903 437 3939 conversum
456 3904 522 3947 csso,
541 3890 609 3939 nota
626 3886 662 3940 ad
680 3887 784 3940 calcem
802 3887 935 3952 codicum,
953 3906 986 3942 cr
1005 3888 1104 3957 quibus
1121 3889 1235 3961 prodiit,
1254 3892 1380 3962 adjecta
1398 3912 1453 3950 noe
1465 3896 1550 3952 looel

343 3973 363 4039 ²)
382 3970 433 4034 uui
456 3970 584 4024 nimirum
607 3989 624 4025 a
646 3971 818 4025 Theodorico
842 3973 876 4026 ad
899 3973 1075 4027 Anastasium
1098 3976 1255 4045 Augustum
1285 3977 1396 4034 eodem
1419 3984 1552 4053 tempere.

276 4071 331 4122 quo
350 4055 510 4109 Cresconius
529 4060 557 4109 et
575 4056 737 4122 Germanus,
761 4057 796 4110 ab
815 4057 960 4112 Anastasio
978 4075 1054 4128 papa
1075 4058 1173 4113 nrissus
1194 4060 1299 4116 fuerat.
1337 4062 1462 4121 Festum
1480 4082 1554 4122 σου·

275 4142 365 4194 torem
384 4140 460 4194 urbis
477 4141 582 4194 ltomae
601 4146 631 4195 ot
649 4148 731 4195 ciuilia
750 4149 872 4210 nicaenam
891 4149 991 4211 repotia
1008 4149 1075 4197 tune
1092 4143 1129 4197 ad
1145 4144 1329 4200 Anastasium
1349 4147 1553 4221 imperatam

276 4224 444 4279 destinatum
468 4243 527 4278 esse
550 4226 711 4280 Theodorus
733 4227 821 4280 lector
842 4227 889 4280 lib.
905 4228 941 4292 u,
964 4228 1148 4297 Theophanes
1169 4245 1234 4298 pag.
1249 4236 1305 4286 220
1321 4249 1361 4288 ae
1380 4234 1554 4308 nicephore

275 4308 321 4362 lib.
336 4308 398 4363 XVI
418 4327 439 4362 e.
453 4317 485 4363 35
503 4310 625 4375 tradunt,
643 4310 696 4363 lroc
708 4313 751 4364 est
762 4313 793 4363 ut
804 4311 1008 4365 Theodericum
1020 4311 1093 4367 inter
1105 4315 1134 4367 et
1145 4315 1332 4371 Anastasium
1345 4336 1454 4389 paoem
1465 4321 1551 4377 iniret

275 4392 346 4447 Hinc
364 4411 516 4462 anonymus
535 4412 552 4447 a
569 4394 678 4448 Valerio
698 4395 788 4448 editus
805 4402 878 4463 sacta
895 4418 959 4465 pace
978 4418 1030 4450 cum
1049 4403 1189 4454 Anastasio
1206 4405 1374 4468 imperatore
1392 4410 1552 4476 perferen

276 4484 307 4531 dc
324 4487 529 4547 praesumptione
547 4487 626 4547 repul,
643 4486 725 4533 anania
743 4495 890 4536 ornamenta
909 4487 987 4551 repul,
1006 4503 1070 4551 quoe
1084 4486 1216 4538 odoacar
1233 4489 1495 4561 contantinopoli·
1509 4497 1552 4546 ι’-

275 4575 354 4628 serat,
373 4571 470 4631 palatio
489 4570 593 4618 remissa
612 4563 687 4618 dieii.
713 4565 790 4618 idem
808 4566 906 4621 Festus
923 4569 987 4636 post
1004 4569 1123 4633 mortem
1139 4569 1285 4624 Anastasii
1301 4589 1406 4644 papae
1424 4594 1510 4647 quun
1525 4576 1552 4629 d

276 4647 350 4716 apud
368 4649 570 4702 Theodericum
592 4666 688 4717 regem
714 4652 743 4703 ct
766 4651 840 4720 apud
863 4651 1041 4707 Anastasium
1066 4651 1267 4723 imperatorem
1295 4660 1403 4725 gratis
1428 4662 1552 4733 polleret,

276 4731 429 4799 gravissimi
447 4733 475 4785 in
493 4732 616 4787 Ecclesia
633 4734 788 4788 schismatis
807 4739 903 4791 auctor
920 4754 953 4791 ac
971 4739 1064 4791 fautor
1080 4737 1247 4810 praecipuus
1265 4741 1332 4797 suit.

343 4821 362 4877 ³)
381 4817 407 4869 h.
422 4834 445 4870 e.
465 4817 511 4884 qui
530 4817 653 4886 ejusdem
672 4819 802 4874 ecelesiae
820 4821 1022 4876 Alexandrinae
1045 4822 1159 4892 negotia
1175 4823 1205 4878 iu
1222 4826 1308 4897 regia
1327 4830 1406 4887 urbe
1423 4846 1550 4905 preeun-

276 4898 352 4968 bant,
370 4901 601 4970 apocrisariorum
619 4922 732 4959 munere
749 4906 904 4974 fungentes.
