3204 5506
462 398 465 409 ·
523 380 722 430 reserares
747 383 778 428 v.
1217 364 1280 430 593

100 532 236 597 ardentis
259 533 393 615 apostoli
417 533 514 596 verba
536 535 708 617 perpende.
750 534 851 598 Nosse
874 534 1044 616 desideras,
1069 534 1210 620 quale⁷²)
1233 556 1280 597 re-

100 634 175 697 latis
189 632 373 696 hominibus
389 655 502 719 eorpus
517 639 612 718 prout
623 636 709 700 Deus
726 637 861 701 voluerit
882 637 924 700 sit
946 636 1101 699 daturus?
1130 636 1280 721 Agnosce

100 737 203 817 enter,
233 749 262 799 et
284 742 444 814 iuuenique
470 744 611 800 serninum
629 746 791 818 proprium
818 760 944 818 corpus:
977 738 1060 822 quod
1083 738 1192 821 utique
1215 760 1281 801 non

105 858 204 902 causa
226 836 274 899 vir
296 835 364 900 Deo
386 838 500 920 plenus
524 839 677 923 adnectit,
701 842 763 904 nisi
788 843 823 903 ut
844 841 968 903 futuras
985 839 1151 903 hominum
1173 839 1281 922 hujus-

121 938 337 1003 dabitationes
360 939 543 1022 expelleret.
579 941 674 1022 Audi,
698 942 840 1026 inquam,
864 942 947 1025 quod
969 942 1131 1024 sapienter
1153 941 1279 1024 adjecit,

100 1063 104 1102 ;
129 1040 337 1104 similitudine
359 1062 427 1104 rem
448 1041 561 1124 ipsam,
585 1032 636 1105 cui
653 1047 864 1126 eomparatur,
889 1064 1044 1126 agnosce:
1066 1056 1096 1106 er
1111 1049 1280 1123 unicuique,
1303 1091 1305 1095 a

101 1145 130 1225 t,
151 1151 296 1206 seminum
313 1150 475 1222 proprium
505 1166 626 1223 corpus.
672 1144 705 1209 Si
732 1146 767 1209 in
795 1144 1003 1209 similitudine
1028 1152 1187 1225 proprium
1214 1166 1281 1208 cor·

102 1250 129 1329 ),
159 1265 237 1328 ergo
260 1244 345 1307 etin
370 1266 414 1327 re,
440 1247 528 1327 eujus
551 1246 726 1309 similitudo
749 1252 807 1329 est,
836 1247 1001 1331 proprium
1025 1268 1138 1330 eorpus
1161 1250 1282 1310 certum

101 1367 154 1408 sse
177 1345 383 1409 reddendum.
424 1345 553 1410 Semina
576 1349 662 1410 enirn
684 1348 746 1410 ista
768 1349 837 1412 sine
861 1349 1076 1412 controversia
1098 1349 1282 1412 hominibus

100 1447 229 1531 roravit,
264 1448 303 1510 de
331 1469 462 1531 quorum
492 1451 601 1533 utique
629 1453 731 1513 morte
760 1453 792 1514 et
818 1451 1051 1514 resurreetione
1079 1449 1282 1532 loquebatur:

100 1569 110 1610 r
132 1548 203 1612 ideo
231 1550 359 1633 sirigula
388 1550 523 1634 singulis
547 1551 732 1634 conferens,
756 1556 912 1636 quantum
935 1552 974 1614 ad
998 1551 1189 1615 vivificanda
1210 1554 1284 1635 post

100 1672 150 1714 em
173 1672 306 1734 corpora
328 1652 514 1735 pertineret,
538 1654 576 1716 de
599 1655 691 1737 grani
715 1676 780 1717 non
802 1654 891 1737 prius
913 1652 1066 1717 vivificati
1085 1675 1179 1737 quam
1202 1674 1283 1716 mor-

102 1753 324 1837 omparatione
347 1753 504 1837 singulari
527 1755 716 1818 mirabiliter
739 1756 920 1839 explicavit.

100 1854 152 1918 22.
195 1854 320 1918 Dehine
348 1855 433 1938 quali
462 1860 535 1940 post
562 1858 827 1920 resurrectionem
856 1879 986 1941 corpore
1010 1860 1192 1921 censeretur
1215 1878 1283 1920 esse

100 1979 149 2040 pue
178 1960 346 2039 renturuS,
381 1958 412 2020 id
441 1962 504 2042 est,
539 1961 645 2021 utrum
673 1958 733 2022 hae
762 1959 961 2042 conditione,
997 1980 1093 2042 quam
1119 1960 1283 2022 moriendo

100 2058 266 2144 avernie),
299 2082 340 2123 an
363 2061 458 2143 longe
480 2060 625 2142 meliore,
649 2060 857 2124 nihilominus
884 2061 940 2124 illa
963 2060 1172 2123 similitudine
1195 2063 1283 2145 pate-

100 2212 102 2226 .
128 2182 224 2245 quam
247 2164 374 2224 secutus
396 2162 558 2244 exposuit:
589 2168 627 2226 Er
650 2171 755 2243 tuqui
775 2170 920 2242 seminas,
951 2169 1065 2227 nardum
1085 2183 1218 2241 prauum
1239 2184 1284 2225 se·
1299 2221 1309 2267 1
1314 2146 1425 2269 &7⁰28

100 2285 128 2341 s,
158 2274 190 2326 ut
209 2275 287 2342 puto
308 2270 405 2327 tritici
429 2275 483 2327 uui
505 2270 640 2343 alicujus
661 2276 846 2339 ceterorum·
873 2277 902 2328 et
923 2258 1010 2328 Deus‘
1025 2271 1080 2328 due
1108 2270 1154 2327 illi
1173 2276 1285 2344 eorpus
1332 2254 1349 2279 ”
1379 2259 1384 2268 ’
1429 2258 1434 2268 ’

100 2371 201 2429 evuli.
245 2363 285 2427 In
307 2364 368 2428 hac
391 2386 467 2449 ergo
489 2366 592 2429 forma
616 2389 729 2450 corpus
752 2366 855 2430 Deum
882 2368 958 2430 dare
980 2365 1155 2448 decentius,
1188 2387 1284 2449 quam

100 2468 152 2549 at,
176 2465 340 2530 evidenter
363 2468 532 2551 expressit,
567 2468 650 2532 sicut
677 2469 710 2532 in
740 2469 1006 2552 subseqnentibus
1028 2468 1161 2532 dicitur:
1192 2472 1284 2532 Semi·
1298 2452 1435 2574 {ffffllr

100 2576 163 2633 *in
185 2577 393 2648 corruptione,
422 2578 520 2648 surpit
541 2578 571 2634 in
595 2578 866 2651 incorruptionem
901 2578 1065 2635 seminatur
1093 2578 1124 2634 in
1147 2577 1284 2649 ipnobib'-

121 2678 220 2749 carpit
241 2678 271 2734 in
292 2677 442 2749 plurium·
476 2679 643 2737 seminatur·
670 2681 702 2738 iu
730 2680 920 2751 infirmitate,
955 2681 1053 2752 serpit
1075 2679 1105 2737 in
1129 2681 1284 2742 virtutem:

100 2785 184 2837 ratur
205 2793 317 2852 corpus
338 2780 486 2852 uuiruole,
516 2783 613 2852 serpit
635 2799 746 2856 corpus
767 2782 932 2854 spirituale.
978 2775 1062 2839 Ecce
1084 2775 1286 2859 quemadmo-

121 2874 260 2938 hominis
288 2876 453 2938 morientis
483 2898 547 2940 non
575 2877 635 2941 hoc
658 2877 850 2960 seminatur,
885 2878 968 2961 quod
996 2898 1109 2960 corpus
1138 2879 1187 2940 est
1213 2879 1286 2959 post

100 2998 171 3040 nnn.
217 2975 301 3040 Eece
319 2990 413 3057 prout
435 2984 497 3041 orell
520 2977 605 3041 Deus
635 2979 828 3062 intelligitur
854 2979 1079 3042 resurrecturis
1102 3000 1216 3061 corpus
1238 2999 1285 3040 re-

100 3099 158 3143 are
180 3082 252 3162 post
274 3082 408 3142 mortem
431 3101 502 3143 curn
525 3081 752 3144 inaestimabili
769 3103 844 3144 suae
859 3080 1094 3144 misericordiae
1108 3080 1283 3143 voluntate.

100 3180 238 3244 lfuerat
258 3180 292 3246 in
316 3182 519 3265 corruptione
547 3184 755 3266 seminatum,
787 3182 1021 3266 incorruptibili
1047 3182 1217 3247 nobilitate
1240 3203 1286 3244 re-

100 3286 159 3346 rat:
181 3283 262 3366 quod
286 3284 393 3346 fuerat
415 3288 560 3348 terrenae
584 3284 775 3349 conditionis
797 3286 832 3348 in
854 3284 1059 3368 igurobilitate
1079 3284 1228 3366 sopitum,
1251 3284 1285 3346 in

100 3382 275 3449 incoelesti
298 3387 481 3470 resuscitat;
504 3388 587 3470 quod
608 3389 716 3451 fuerat
736 3387 943 3451 mortalitatis
966 3386 1153 3449 infirmitate
1169 3384 1286 3449 resolu-

100 3485 312 3572 ‚redintegrat
327 3488 577 3553 immortalitatis
593 3490 704 3553 decore
720 3489 884 3572 vestitum,
907 3492 1067 3572 postremo
1083 3487 1166 3572 quod
1181 3487 1288 3550 fuerat

100 3587 162 3651 nale
188 3588 389 3672 defunctum,
425 3613 537 3674 corpus
571 3592 736 3675 spirituale
771 3591 911 3655 restituit
941 3595 972 3654 ct
1005 3591 1172 3654 reformat:
1207 3611 1287 3673 quae

100 3690 143 3751 cta
164 3690 337 3755 cristatum
353 3692 581 3756 meliorationis
597 3693 893 3776 sublimationisque
908 3693 1094 3776 respiciunt.
1125 3691 1185 3755 llla
1200 3713 1286 3773 vero,

100 3796 226 3856 erestat
247 3816 322 3877 pars
346 3795 592 3877 comparationis
616 3797 768 3878 adnexae,
793 3796 974 3878 specialiter
1000 3797 1040 3858 ad
1059 3795 1288 3878 proprietatem

100 3894 166 3957 roris
187 3895 358 3980 unicuique
380 3896 785 3981 redhibendampertinere
801 3899 956 3978 firmatur,
980 3919 1042 3980 qua
1058 3899 1288 3978 consequenter

100 3993 157 4060 kur:
180 4003 219 4062 Et
240 4005 401 4077 unicuique
422 4006 563 4063 seminum
581 4007 743 4078 proprium
765 4021 892 4078 corpus;
921 4000 974 4062 ubi
997 3999 1075 4061 satis
1098 4001 1232 4082 apparet
1253 3998 1286 4060 in

100 4094 139 4158 vir
159 4100 393 4184 resurgentium
416 4100 562 4163 claritate
584 4102 811 4184 proprietatem
840 4101 980 4183 eorporis
1003 4121 1070 4162 esse
1094 4120 1287 4162 mansuram.

118 4195 162 4263 23.
198 4200 267 4265 Nec
290 4203 425 4265 otiosum
448 4207 512 4283 est,
537 4203 619 4286 quod
647 4204 759 4266 beatus
786 4203 963 4287 apostolus,
998 4201 1134 4284 *quum
1162 4201 1200 4263 (le
1223 4188 1438 4308 εοίοᾛῖψ·

100 4314 165 4364 1an0
185 4324 314 4387 genere,
338 4304 420 4388 quod
444 4304 544 4366 solum
568 4308 616 4367 cst
639 4305 747 4388 utique
770 4304 998 4384 suscitandum,
1027 4325 1086 4365 nec
1109 4303 1172 4366 alia
1194 4323 1288 4386 quae-

100 4417 152 4481 que
172 4407 352 4469 substantia
375 4406 434 4470 hoc
457 4411 506 4469 est
527 4429 657 4469 munere
680 4407 877 4490 decoranda,
907 4409 1002 4488 atque
1029 4404 1100 4467 ideo
1128 4403 1289 4467 sufficeret

100 4568 330 4589 ἓ-

106 4672 132 4742 '²)
146 4678 187 4733 Ita
204 4680 248 4745 (3¹,
266 4682 295 4734 et
313 4681 489 4733 confirmatur
507 4680 586 4733 initio
605 4697 661 4748 seq.
681 4697 707 4733 n.
727 4686 767 4733 22.
799 4678 853 4731 Alii
871 4697 958 4748 priore.

106 4759 175 4827 '’lln
193 4765 227 4819 G¹
248 4765 327 4818 deest
348 4786 453 4833 eorpus,
476 4765 549 4832 quod
573 4765 747 4818 retinendum
769 4764 867 4816 siradet
889 4765 980 4817 textus
999 4760 1129 4816 Paulinus
1152 4761 1235 4816 modo
1254 4762 1290 4816 ci—

100 4857 119 4896 u.

107 4931 132 5000 “l
147 4935 188 4990 ltu
205 4936 250 5002 θ’,
268 4937 320 4990 nisi
338 4937 411 5005 quod
433 4954 494 4991 mox
514 4959 529 4989 u
546 4946 627 5005 torpe.
663 4940 691 4991 a³
709 4936 735 4989 iu
754 4953 841 5005 marg.
862 4935 980 4990 notarit:
1000 4933 1102 5001 „codd
1115 4940 1290 5004 prestarer·ru.“

100 5032 215 5077 ruroarnr
229 5040 331 5082 norrun,
346 5043 457 5077 rourrr.
476 5030 497 5082 l.
1048 5028 1088 5089 38
