3204 5506
676 377 847 427 mrrsrous
872 369 900 425 2.
1363 366 1428 432 235

222 531 318 596 assat
355 532 420 598 Nee
447 555 513 597 non
543 532 641 597 etiam
667 533 747 597 illud
776 533 962 616 adnectere,
995 534 1079 617 quod
1106 557 1204 618 quum
1234 535 1421 600 Timotheus
1432 564 1455 602 a.
1467 553 1526 602 483.

216 638 303 700 meae
321 636 480 701 memoriae
510 635 683 700 catholicus
711 636 901 721 fungeretur
929 637 1089 720 extremis,
1125 637 1251 702 divinae
1279 639 1421 723 adspira·
1585 628 1588 633 ¹

213 733 310 823 iamt)
321 738 471 803 instinctu
486 742 554 802 tam
569 737 609 800 ad
625 738 693 822 ejus
708 738 870 822 pontificis
893 739 1039 802 consulta
1061 739 1239 803 rescribens
1262 763 1358 824 quam
1381 741 1421 805 ad

209 836 266 902 urbis
281 839 502 923 Alexandrinae
525 840 655 923 clerum,
679 841 766 905 omni
789 841 990 925 providentia
1013 841 1214 907 mandaverit
1229 864 1421 927 praecaven·
1533 831 1543 843 ’

201 938 263 1023 dom,
281 946 310 1007 ut
328 943 353 1007 si
374 942 555 1028 praefatum
570 942 726 1008 Dominus
749 944 946 1008 sacerdotem
969 943 1008 1007 de
1028 948 1157 1009 terrena
1180 946 1421 1009 conversatione

100 1060 117 1129 ἢ
196 1043 297 1109 tranare
317 1046 471 1129 jussisset,
501 1067 568 1109 non
595 1046 659 1110 nisi
685 1046 724 1110 de
753 1047 980 1111 catholicorum
1014 1068 1144 1131 corpore
1167 1047 1363 1131 clericorum,
1389 1053 1422 1112 et

94 1168 96 1172 ·
186 1144 229 1228 qui
248 1145 428 1212 orthodoxae
458 1148 533 1212 fidei
565 1148 755 1231 probaretur
782 1170 851 1213 esse
885 1149 1058 1233 discipulus
1093 1149 1304 1234 omnibusque
1338 1172 1421 1214 com-

153 1291 158 1301 .
178 1248 332 1313 manicaret
351 1249 505 1334 eeclesiis,
529 1255 624 1335 atque
647 1272 667 1313 a
690 1251 855 1315 catholicis
877 1251 1043 1315 ordinatus
1066 1252 1249 1316 succederet
1269 1252 1422 1317 defuneto

169 1351 313 1435 pontifici:
334 1353 486 1417 nimirum
507 1353 671 1437 sapienter
692 1352 874 1436 intendere,
898 1353 1040 1437 Petrum,
1064 1355 1117 1438 qui
1141 1357 1197 1417 aut
1219 1354 1351 1418 anullis
1367 1359 1423 1418 aut

163 1452 205 1516 ab
221 1453 384 1519 haereticis
405 1455 481 1519 falsi
501 1454 643 1519 nominis
665 1454 751 1519 hunc
771 1456 924 1520 honorem
937 1457 1115 1539 jactaretur
1129 1456 1290 1540 indeptus,
1316 1458 1422 1520 catho-

158 1556 237 1621 licae
257 1556 420 1641 ecclesiae,
445 1559 535 1641 cujus
556 1558 728 1622 temeraria
750 1558 856 1623 fuerat
876 1558 1136 1643 praesumptione
1158 1558 1317 1642 depulsus,
1341 1582 1423 1623 nun-

154 1681 250 1744 quam
270 1681 361 1744 posse
380 1661 511 1744 penitus
532 1659 726 1744 praesidere.

237 1763 268 1827 5.
302 1760 391 1827 Haec
412 1767 446 1827 et
466 1762 658 1847 hujusmodi,
683 1783 765 1846 quae
787 1768 880 1847 gesta
903 1767 978 1827 sunt
1001 1767 1034 1827 et
1055 1764 1236 1828 dilectionis
1258 1769 1333 1828 tuae
1350 1786 1423 1828 con-

147 1864 321 1929 scientiam
347 1886 413 1929 non
439 1864 647 1951 latebunt¹⁷),
679 1869 873 1942 convenerat
894 1866 1020 1949 saepius
1048 1866 1221 1950 impertiri:
1251 1867 1422 1950 praecipue

146 1989 251 2052 quum
263 1967 301 2031 in
313 1966 364 2032 his
379 1966 654 2033 christianissimo
669 1968 809 2051 principi
824 1967 1075 2052 promulgandis,
1100 1968 1227 2051 quando
1243 1968 1282 2032 ad
1298 1969 1423 2053 regiam

144 2071 344 2154 potestatem
355 2069 423 2134 Deo
440 2070 615 2134 comitante
629 2071 793 2154 remeavit,
809 2091 939 2154 operam
954 2074 1043 2133 tuam
1057 2070 1162 2133 missis
1177 2069 1241 2134 huo
1256 2071 1374 2135 litteris
1383 2072 1421 2153 ¹⁸)

144 2194 216 2237 non
239 2172 376 2236 mouens
397 2171 603 2237 vehementer
623 2173 813 2256 impensam,
837 2173 944 2257 eisque
953 2172 992 2258 19)
1016 2173 1116 2257 digna
1139 2172 1296 2236 catholico
1312 2164 1435 2257 ponti?

144 2275 208 2339 fiee
239 2295 318 2339 voce
347 2274 547 2360 gloriareris,
581 2296 691 2339 omnes
723 2276 776 2358 qui
811 2279 923 2339 contra
955 2276 1050 2339 fidem
1077 2280 1224 2340 vestram
1247 2280 1422 2359 contraque

145 2375 445 2443 calchedonensem
467 2377 623 2461 synodum
646 2380 678 2441 et
701 2380 814 2441 contra
835 2378 1108 2462 praedicationem
1130 2377 1423 2461 sedisapostolicae

145 2480 261 2544 venire
284 2482 500 2562 tentaverant,
527 2479 625 2543 fuisse
648 2481 836 2563 prostratos.
882 2479 950 2555 Quo
979 2481 1083 2564 magis
1106 2484 1139 2544 te
1160 2503 1219 2563 pro
1242 2484 1298 2543 tua
1320 2479 1423 2543 salute

145 2588 180 2647 et
202 2581 403 2666 professione
424 2580 602 2645 ferventius
625 2581 711 2665 apud
734 2581 922 2646 elementiae
946 2583 1014 2665 ejus
1038 2602 1128 2645 aures
1143 2585 1329 2665 oportuerat
1343 2583 1423 2646 talia

104 2750 109 2756 ,
145 2683 387 2749 incessabiliter
409 2683 550 2768 allegare
573 2705 611 2749 ao
632 2706 829 2769 magnopere
851 2684 1026 2767 deprecari,
1049 2705 1111 2766 quo
1127 2705 1188 2747 nec
1203 2705 1304 2765 suam,
1328 2706 1423 2767 quam

146 2784 313 2851 catholica
333 2789 440 2849 mente
463 2785 762 2871 deprompseratw),
786 2786 936 2851 temerari
958 2785 1118 2849 ullatenus
1140 2789 1305 2869 pateretur
1321 2786 1423 2869 cujus·

143 2888 230 2953 libet
251 2887 459 2971 subreptione
481 2888 686 2970 sententiam,
710 2910 770 2952 nee
793 2889 944 2952 adversus
967 2888 1155 2951 universalis
1171 2888 1335 2952 Ecclesiae
1351 2911 1423 2951 san·

144 2993 293 3056 emonem
319 2989 411 3074 *per
438 2990 672 3054 haeretieorum
693 2990 810 3073 furias,
834 3013 913 3075 quas
935 2990 1004 3054 Deo
1026 2990 1206 3075 inspirante
1228 2991 1331 3073 pietas
1354 2994 1423 3074 ejus

143 3092 293 3173 eliserat,
321 3090 443 3156 sineret
471 3091 574 3157 denuo
596 3092 820 3178 pullulare²¹);
851 3094 925 3178 quia
946 3092 1208 3156 manifestissime
1229 3092 1422 3177 pervideres

1432 2967 1451 3021 f.
1463 2966 1553 3020 deleu-

1454 3035 1527 3088 dum.

217 3334 249 3400 ¹⁶)
270 3330 315 3385 Ita
332 3327 419 3383 nostri
437 3345 513 3394 mss,
532 3330 632 3398 quibus
649 3331 754 3401 partim
770 3332 847 3386 favet
864 3331 933 3384 illud
951 3330 1056 3385 Gelasii
1074 3330 1154 3400 epist.
1171 3339 1222 3383 ln.
1240 3337 1269 3383 14
1288 3331 1423 3400 (Petrum)

139 3421 174 3472 eb
192 3420 339 3471 haereticis
354 3419 447 3481 suham
463 3433 552 3469 nomen
568 3421 712 3471 emerdotis
730 3422 866 3485 indeptum.
901 3415 978 3469 Editi
996 3421 1172 3485 inspirationis
1242 3421 1371 3470 mandauit

95 3490 101 3497 ⁶
137 3506 312 3559 merdam
330 3505 443 3554 σαπείη
454 3504 565 3567 justene
625 3505 701 3568 hujus
718 3506 814 3556 honore
827 3507 977 3568 jactaretur
989 3521 1068 3570 saper
1082 3513 1184 3569 petram
1197 3501 1244 3567 (ad
1255 3517 1343 3568 marg.
1358 3507 1425 3555 ande

137 3589 251 3655 Peon)
271 3588 342 3640 aoth
360 3591 423 3639 ecel.
442 3605 456 3639 e
474 3606 524 3656 qna
542 3591 600 3654 ejus
620 3593 767 3641 temeraria.
802 3588 907 3640 Ansam
930 3585 994 3639 huic
1016 3584 1104 3640 errori
1126 3585 1316 3655 praebuerunt
1338 3586 1371 3638 F*
1388 3587 1425 3641 Η8

134 3679 205 3728 tm
227 3677 357 3727 konom
373 3675 525 3737 jactaretur
546 3677 605 3725 inde
627 3683 717 3739 petrus
738 3677 886 3727 catholicae.
908 3701 939 3710 -
957 3670 1017 3724 Hoc
1035 3670 1153 3725 Zenonis
1171 3670 1338 3740 rescriptum
1356 3671 1425 3725 Eva-

133 3758 218 3829 grius
239 3757 271 3810 la
293 3771 318 3808 e.
338 3754 390 3819 III,
409 3760 440 3808 la
457 3757 539 3810 notat
555 3755 598 3810 his
616 3756 721 3810 verbis:
745 3761 892 3825 imperator
914 3764 968 3824 iepe
989 3761 1044 3809 lata
1066 3761 1167 3817 sanxit,
1191 3766 1217 3810 ut
1237 3768 1300 3824 post
1321 3768 1425 3810 mortem

136 3846 275 3899 ruatber
291 3845 316 3893 is
336 3851 404 3893 esset
420 3845 568 3910 epiecopus,
591 3861 662 3911 quem
680 3849 763 3895 eterra
781 3853 807 3894 et
821 3847 931 3909 populas
949 3846 1081 3911 suffragetis
1098 3847 1150 3894 suis
1168 3846 1309 3909 elegissent.
1346 3839 1425 3906 Quod

130 3929 181 3984 ille
200 3924 312 3998 paucis
331 3923 510 3994 perstringit,
528 3925 573 3979 hie
589 3925 667 3981 Felix
685 3924 841 3981 accuratius
859 3926 988 3996 explicat.

204 4033 244 4098 ¹³)
266 4024 349 4081 maia
366 4032 458 4090 latent,
476 4042 595 4095 moxque
613 4046 678 4082 mss.
696 4034 800 4097 saepius
817 4034 949 4096 imperari.
1063 4032 1076 4044 ⁸

203 4136 243 4199 ¹⁸)
266 4128 366 4183 Etiam
387 4128 441 4182 hae
458 4127 552 4182 Acar-ii
575 4128 612 4183 ad
635 4128 807 4199 Simplicium
830 4130 942 4184 litterae
960 4147 1015 4184 non
1035 4131 1146 4183 exstant
1166 4130 1209 4194 (cf.
1230 4131 1287 4184 not.
1308 4146 1350 4199 ep.
1371 4147 1426 4183 non

124 4220 203 4275 exat
222 4212 334 4284 Simpl.
347 4230 374 4266 n.
387 4211 444 4281 VI).
471 4212 528 4266 Lex
540 4219 643 4280 autem,
663 4214 739 4284 e'ujus
757 4231 822 4267 mox
839 4214 943 4269 mentio
962 4215 1004 4280 fit,
1025 4216 1068 4267 est
1084 4214 1101 4267 l.
1124 4220 1154 4268 16
1173 4213 1239 4268 Cod.
1259 4214 1330 4267 Just.
1350 4214 1374 4279 Ι,
1394 4219 1425 4267 12

122 4311 208 4371 ,aa
233 4301 326 4355 XVI.
363 4301 426 4354 Kar.
443 4301 502 4351 ran.
522 4303 628 4353 armaio
647 4321 670 4354 v.
684 4320 706 4353 a.
720 4307 774 4354 ar
793 4301 827 4367 (a.
842 4298 870 4352 o,
885 4304 954 4363 are).

202 4407 243 4474 ¹³)
265 4403 314 4456 lta
333 4399 367 4453 Ε1
379 4398 472 4466 E2F’,
490 4399 542 4453 nisi
561 4400 636 4468 quod
654 4407 723 4471 qrcod
739 4407 825 4471 maye.
861 4400 898 4453 ΗΒ
915 4400 937 4454 b
953 4408 1088 4470 impensam
1106 4421 1162 4455 esee
1180 4408 1282 4470 dignam
1299 4422 1321 4458 c.
1339 4408 1425 4469 ponti·

114 4503 190 4566 prm
210 4491 384 4562 ylariani-o
457 4497 547 4540 eontra
568 4492 653 4541 sedem
676 4498 788 4541 noemam
812 4486 858 4553 (ad
879 4503 967 4556 marg.
988 4489 1117 4554 vestram).
1152 4485 1246 4541 Etiam
1268 4487 1301 4539 F²
1320 4486 1426 4541 omittit
1488 4486 1490 4492 ’

117 4599 190 4637 voce
213 4576 252 4631 ee
269 4569 374 4627 scribit
390 4575 476 4626 eedem
493 4583 608 4626 vestram.

199 4681 242 4746 ¹¹¹)
264 4675 303 4732 E²
322 4679 524 4742 demerserat,
542 4690 662 4742 moxque
680 4674 747 4728 editi
765 4680 857 4729 violari
875 4675 945 4741 (loco
962 4676 1101 4742 temerari).
1130 4653 1217 4730 Paulo
1230 4676 1295 4730 anto
1308 4678 1425 4744 83ορον-

118 4775 214 4824 enaim
235 4757 415 4819 mutandum
432 4758 532 4826 suasit,
550 4760 672 4814 referens
689 4759 726 4813 ad
744 4777 820 4828 sequ.
841 4780 913 4829 qaam
925 4765 1126 4827 manifestissime
1137 4766 1294 4828 pervideres.
1322 4760 1426 4822 Lectio,

120 4868 224 4923 quam
245 4843 408 4902 secundum
427 4843 536 4898 codices
554 4846 665 4898 nostros
683 4844 864 4913 praebemus,
882 4862 933 4912 per
952 4861 979 4897 se
997 4843 1109 4912 integra
1127 4846 1177 4898 est.

201 4955 241 5020 θ’)
261 4949 314 5005 Ita
328 4946 365 5002 ΕΙ
378 4945 421 5001 B‘.
451 4945 599 5001 Editorum
615 4946 697 5003 lectio
715 4944 945 5001 intrineatissima
963 4946 1062 5014 vixque
1073 4947 1137 5017 puri
1151 4963 1245 5001 sensus
1258 4966 1332 5018 qaam
1343 4967 1373 5001 m.
1384 4967 1425 5015 p.;
