3224 5506
144 106 208 171 384
618 123 645 171 s.
663 122 804 171 onaasrr
826 121 939 169 aaran

36 302 61 339 a.
73 290 130 339 494.
146 299 218 341 cum
241 279 305 342 suis
327 279 405 342 sunt
418 277 549 340 omnino
564 277 776 361 participibus
793 275 972 341 abdicandi.
1003 274 1072 340 Nec
1085 275 1268 361 quisquam,
1291 276 1468 344 enam-

142 380 334 463 pravitatem
365 378 526 462 deponere
559 400 593 441 se
621 362 851 466 promittat⁴),‘
877 378 1052 449 recitandis
1087 382 1198 442 tamen
1233 378 1468 444 nominib-

143 482 347 546 consentiens
368 481 565 565 perditorum
594 481 642 544 vel
672 481 782 545 cadem
805 480 1010 546 recitantium
1037 479 1170 543 minime
1193 481 1468 551 communio-

143 584 314 666 discretus,
345 584 386 647 ad
413 584 619 647 immaculata
647 584 825 668 sacrilegiis
853 583 949 647 ovilia
977 568 1220 668 quibuscunque
1243 585 1348 649 modis
1370 606 1468 651 εξ.-

4 694 60 763 ‘pli
69 700 134 759 537.
142 687 376 768 permittendus
398 680 530 767 intrare,
555 688 591 748 ut
605 684 751 749 Ecclesia
767 685 956 785 Deixnostri,
980 707 1059 765 quae
1072 693 1225 751 maculam
1248 707 1468 766 rupamqt

143 808 199 853 crore
227 797 364 866 sustinet,
399 787 554 852 inviolata
581 791 779 870 permaneat.
825 788 945 851 Absint
973 809 1050 872 ergo
1077 810 1097 851 a
1124 786 1275 852 fidelibus
1299 787 1468 854 Chris!

143 891 271 976 viperae
295 890 410 974 capitis
433 890 501 953 dira
525 890 724 973 commercia,
749 893 782 952 et
803 889 913 972 procul
936 889 1160 953 acoelestibus
1182 890 1316 974 pascuis
1339 896 1468 955 m0r²

9 993 239 1067 oh.o‚50.tifera
266 1014 390 1056 venena
418 991 595 1078 pellantur,
630 995 666 1054 ut
694 990 843 1055 salutaris
877 991 1028 1056 alimonia
1051 1000 1147 1074 punis
1174 999 1273 1072 illias,
1309 1000 1364 1072 qai
1388 988 1468 1087 ΜΔ

142 1103 226 1160 coelo
249 1100 402 1175 deneardi!
409 1143 418 1177 ‚
447 1093 556 1157 fideles
579 1093 663 1157 hanc
685 1098 846 1158 sumentes
870 1093 910 1156 ad
933 1095 1031 1158 vitam
1054 1096 1211 1179 perducat
1233 1098 1410 1159 aeternam!

227 1198 257 1261 3.
289 1196 377 1273 Quae
399 1200 435 1259 ut
457 1199 568 1259 mutua
584 1194 745 1259 valeamus
761 1196 983 1259 exhortatione
998 1199 1190 1282 prospicere,
1216 1196 1273 1261 det
1288 1219 1407 1283 operam

145 1303 250 1363 vestra
278 1300 420 1380 dilectio,
456 1302 492 1362 ut
520 1302 552 1362 et
579 1299 766 1383 sospitatem
795 1303 919 1362 vestrae
942 1299 1086 1363 caritatis
1108 1303 1255 1384 optatam
1285 1305 1320 1364 et
1346 1299 1408 1363 fidei

145 1402 321 1466 commruris
347 1403 506 1467 instantia
532 1401 625 1465 nobis
661 1402 802 1464 crebrius
834 1401 957 1484 aperire
986 1424 1052 1465 non
1081 1401 1223 1477 desinat:
1257 1405 1435 1487 quatenus.

143 1503 277 1568 alternis
305 1526 363 1568 nos
391 1503 657 1569 instructionibus
687 1504 879 1584 excitantes,
914 1503 1131 1588 legitimorum
1154 1504 1288 1567 Domini
1317 1526 1412 1569 sacer·

142 1606 253 1671 dotum
275 1607 432 1690 possimus
455 1605 600 1671 invenire
622 1604 811 1668 mercedem.
857 1606 918 1668 Pcr
941 1606 1062 1670 vicinas
1085 1628 1209 1691 quoque
1232 1606 1418 1692 provincias

143 1708 222 1773 hacc
245 1710 356 1772 eadem
378 1710 560 1793 patefacere
583 1711 689 1770 vestra
719 1707 835 1770 caritas
858 1707 1031 1792 vigilanter
1060 1709 1204 1792 insistat,
1234 1712 1273 1772 ut
1304 1713 1339 1773 et
1365 1709 1419 1793 qui

144 1810 321 1874 catholicae
345 1809 577 1875 communionis
606 1809 792 1873 sinceritate
815 1811 1010 1892 subsistunt,
1041 1810 1302 1895 competentibus
1330 1812 1424 1876 robo

142 1917 255 1977 rentur
278 1914 440 1998 alloquiis,
470 1916 503 1975 ct
525 1913 591 1995 qui'
602 1911 738 1975 forsitan
761 1913 801 1975 ab
823 1911 918 1995 hujus
941 1913 1133 1977 rectitudine
1155 1911 1351 1995 deviarunt,
1383 1914 1425 1978 ad

141 2015 363 2100 integritatem
386 2015 545 2099 dogmatis
569 2012 744 2078 Christiani
767 2013 947 2078 salubribus
969 2014 1099 2078 monitis
1121 2013 1336 2081 reducantur.

227 2119 258 2182 4.
295 2116 430 2181 Noverit
453 2119 559 2180 autem
582 2119 688 2179 vestra
715 2116 913 2199 fraternitas,
944 2115 1096 2181 ecclesiae
1118 2114 1426 2183 Thessalonicensis

143 2220 333 2302 antistitem,
350 2219 503 2304 nostrisl)
520 2218 797 2283 adhortationibus
813 2221 939 2303 saepius
954 2218 1136 2301 incitatum,
1161 2220 1322 2306 contagia
1340 2243 1427 2286 eom·

143 2321 305 2385 munionis
329 2325 480 2384 externae
502 2343 667 2404 nunquam
690 2322 850 2385 declinare
872 2321 1019 2405 voluisse,
1043 2343 1104 2385 nec
1119 2322 1204 2405 apud
1223 2344 1287 2386 nos
1303 2345 1429 2399 nomen

143 2423 255 2485 Aeacii
284 2422 333 2485 vel
363 2427 538 2486 ceterorum
565 2422 717 2487 similium
744 2425 937 2508 perfidorum
965 2425 1077 2507 hisquc
1106 2425 1428 2490 communicantium

144 2544 287 2608 congrua
302 2524 500 2607 professione
516 2524 693 2589 damnasse.
733 2526 933 2610 Quapropter
955 2547 1027 2589 curu
1051 2527 1317 2591 commmrionem
1340 2528 1428 2592 sedis

143 2626 335 2708 apostolicae
357 2649 423 2690 non
446 2628 602 2711 recepisse
626 2628 831 2692 manifestum
855 2632 914 2712 cst,
944 2627 1096 2712 quoniam
1117 2627 1180 2691 nisi
1202 2628 1301 2712 puris
1325 2630 1427 2695 sensi·

1 2707 129 2845 Jlssaeffffl,
143 2727 201 2790 bus
230 2731 262 2793 et
290 2729 331 2792 ab
354 2730 441 2793 omni
463 2729 604 2793 nefanda
613 2732 638 2816 θ’)
667 2732 819 2795 societate
842 2731 951 2794 *beati
973 2728 1063 2793 Petri
1089 2728 1229 2813 apostoli
1259 2752 1328 2795 nec
1355 2754 1427 2818 pos-

11 2896 26 2927 *
49 2822 52 2826 Α
142 2851 249 2903 summ
271 2853 331 2895 nec
348 2831 498 2895 debemus
514 2830 679 2895 Ecclesiae
694 2833 847 2916 praebere
863 2832 1062 2896 commercia.
1096 2820 1281 2915 Propterea
1298 2836 1428 2899 cautius

31 2896 123 3032 (fijaid
142 2933 303 3016 agendum
326 2936 375 2996 est
397 2955 469 2997 cum
491 2934 653 3017 praefato,
684 2956 744 2998 nec
768 2933 933 2998 catholicis
955 2933 1127 3017 mentibus,
1156 2932 1225 2997 *ut
1246 2933 1324 3019 fit,
1350 2957 1426 3022 apo

1 3107 3 3125 Ε
98 3107 104 3119 ‚
142 3033 273 3098 stolicae
302 3035 385 3099 sedis
419 3036 679 3100 reconciliatione
707 3037 875 3119 subropat:
909 3058 1005 3121 quam
1033 3036 1116 3098 sicut
1142 3035 1267 3100 dolosis
1298 3039 1426 3103 artibus

9 3100 253 3235 ¹}„f,⁰,s,²{,fallere
270 3140 302 3200 et
325 3138 555 3202 circumvenire
577 3160 644 3203 non
666 3138 840 3222 praevalet,
863 3137 942 3222 ital)
966 3137 1059 3200 *sub
1083 3137 1195 3220 cujus
1219 3158 1293 3203 non
1316 3143 1428 3225 potest

140 3239 295 3303 obtinere.
346 3240 581 3305 Auctoritatem
603 3262 726 3325 quoque
749 3243 909 3322 nostram,
938 3260 1020 3325 quae
1043 3239 1083 3302 ad
1104 3237 1355 3306 Dalmatiarum
1377 3246 1427 3307 est

207 3410 229 3478 ⁴)
246 3407 288 3463 Ea
306 3409 340 3462 de
359 3425 442 3463 eausa
461 3410 625 3464 nominatim
643 3408 812 3479 Euphemius
830 3408 1152 3478 Constantinopolitanae
1168 3409 1311 3479 antistes,
1330 3429 1427 3481 quam·

139 3494 181 3547 vis
199 3494 235 3548 ab
254 3493 427 3562 Eutychiana
448 3495 587 3565 pravitate
607 3513 636 3550 se
655 3495 683 3549 ut
701 3495 781 3549 dictis
798 3498 828 3549 et
845 3494 930 3563 gestis
948 3494 1126 3564 profiteretur
1142 3492 1287 3565 alienum,
1313 3502 1426 3569 aposto

140 3577 210 3633 licae
227 3579 323 3633 tamen
340 3579 412 3634 sedis
430 3579 651 3635 communionem
669 3595 725 3634 non
743 3579 860 3646 meruit,¹
874 3578 941 3648 quia
956 3578 1046 3634 noluit
1062 3596 1080 3633 a
1096 3577 1246 3633 recitando
1259 3582 1363 3638 Acasti
1378 3599 1427 3637 no·

140 3663 214 3717 mine
232 3664 380 3720 abstinere.
416 3664 487 3719 Vide
507 3665 586 3736 epist.
602 3672 616 3720 7
629 3684 655 3719 n.
669 3673 685 3721 3
698 3668 754 3720 etl
772 3666 801 3718 et
819 3664 899 3734 epist.
914 3670 984 3719 1011.
997 3670 1021 3717 4.

207 3752 227 3818 ⁴¹‘)
245 3750 307 3804 Non
326 3749 395 3804 alius
413 3750 466 3804 fuit
484 3752 519 3805 ab
532 3751 656 3818 Andrea,
676 3751 712 3805 ad
730 3767 813 3820 quem
825 3751 918 3805 exstat
929 3748 1029 3804 Felicis
1041 3749 1067 3802 11
1079 3747 1159 3819 epist.
1177 3753 1218 3804 18.
1249 3750 1339 3807 Hunc
1350 3753 1426 3808 enirn

138 3850 194 3888 non
210 3833 296 3889 Felici
319 3836 408 3889 solum
432 3835 480 3888 sed
503 3837 532 3889 et
550 3835 659 3890 Gelasio
683 3834 860 3904 superstitem
881 3833 976 3901 fuisse,
1000 3851 1037 3891 ex,
1053 3832 1148 3888 libello
1167 3835 1427 3905 apocrisiariorum

138 3919 343 3975 Alexandrinae
361 3920 493 3975 ecclesiae
512 3919 612 3989 legatis
629 3919 767 3975 Anastasii
785 3920 810 3972 Il
833 3936 924 3990 papae
943 3919 1038 3973 oblato
1061 3918 1146 3985 (infra
1162 3918 1268 3975 Anast.
1283 3922 1313 3976 11
1332 3922 1379 3994 ep'.
1391 3928 1425 3991 t),

139 4021 221 4072 quem
238 4004 376 4060 Batonius
393 4005 429 4060 ad
448 4012 617 4060 annum49'1
635 4006 734 4071 refert,
756 4005 935 4060 manifestum
952 4005 1002 4059 est.
1036 4002 1079 4057 Ex
1095 4000 1184 4057 citata
1201 4008 1306 4061 autem
1325 4007 1426 4063 relius

139 4089 258 4157 epistola
274 4090 500 4145 huncAndream
515 4092 576 4160 jam
594 4092 654 4143 tum
672 4089 842 4160 apostolicae
861 4089 934 4144 sedis
952 4087 1174 4144 communionem
1188 4087 1294 4147 dolose
1307 4098 1425 4163 captare

138 4177 268 4229 conatum
286 4193 344 4230 esse
363 4176 510 4245 colligitur.

204 4261 226 4327 ⁶)
244 4259 278 4313 θ’
298 4265 329 4314 ab
348 4267 414 4315 orani
431 4267 542 4329 nefande
559 4267 702 4323 sederatis,
721 4278 776 4330 quo
795 4278 885 4316 sermo
904 4260 989 4316 etiam
1000 4259 1125 4315 mandor
1136 4264 1266 4331 apparet
1278 4264 1423 4335 (supplen-

138 4341 203 4395 dum
220 4344 287 4398 tuno
303 4353 432 4401 consortio
451 4349 588 4414 dumetis).
852 4365 857 4374 ‘

204 4430 225 4493 ⁷)
243 4427 331 4482 Locus
347 4429 412 4497 iste,
432 4432 479 4499 qui
497 4431 609 4486 mutilus
628 4433 682 4497 cst,
700 4431 811 4501 integer
829 4431 954 4485 heresin
973 4432 1046 4485 hunc
1063 4428 1190 4484 modum:
1209 4437 1250 4485 tta
1268 4440 1423 4489 mme-

137 4516 195 4576 cjas
221 4531 270 4565 non
294 4525 381 4581 potest
407 4521 529 4572 obtinere.
577 4516 682 4570 Deinde
706 4522 868 4570 erectoritotis
890 4516 1027 4571 vocabulo
1050 4514 1200 4585 epistolam
1220 4514 1423 4588 intelligam,

138 4611 209 4664 quae
231 4613 285 4651 uon
309 4600 408 4652 exstat.
455 4601 509 4653 Alii
536 4601 604 4655 cditi
631 4602 672 4655 ita
694 4602 938 4671 interpunxcrunt:
969 4606 1082 4656 obtinere
1104 4606 1293 4657 auctoritatem
1319 4622 1423 4674 qnoque

138 4692 257 4735 nostrum.
1410 4714 1415 4725 .
