3204 5506
635 343 806 412 nrrsronn
829 355 857 411 1.⁴
1321 350 1385 415 303

220 516 259 581 28.
295 521 405 581 Sedet
431 529 512 596 tunc,
541 515 666 601 inquis,
696 523 826 581 Aeacius
854 527 951 581 tecum
979 524 1235 599 communicabat,
1263 524 1386 598 qucrrdo
1406 523 1504 587 (tr-4⁸8

165 621 287 683 lactans
311 624 483 683 haereticas
509 624 556 682 uel
576 625 630 682 istc
652 623 762 682 Petrus
791 625 845 682 sub
868 630 999 700 tyranno
1024 624 1175 684 Basilisco
1196 625 1383 684 Alexandri·
1397 594 1502 660 ⁴⁸³)

162 741 206 784 aaa
220 724 324 785 tenebat
350 727 518 786 ecclesium.
563 719 648 785 Vere
675 720 771 803 dieis,
807 722 862 784 sed
894 720 945 784 his
973 725 1052 785 tunc
1084 722 1223 786 Aeacius
1250 722 1383 786 minime

162 821 379 905 nnnunicabat,
403 824 493 887 etin
514 844 586 886 mea
609 822 831 886 communione
854 823 999 886 durabat.
1025 822 1118 887 Unde
1139 825 1246 908 potius
1269 825 1296 887 si
1318 825 1382 887 vim

160 924 240 1007 patitur
256 923 405 1006 Aeacius,
435 928 467 989 et
493 947 581 990 nunc
609 923 708 988 talem
736 946 769 988 se
798 924 895 1016 debet
920 925 1085 1009 exhibere,
1116 926 1243 1010 qualem
1269 948 1303 990 se
1331 949 1383 990 er-

159 1024 224 1090 hitnit
241 1025 296 1090 sub
317 1024 475 1091 Basilisco
496 1030 637 1111 tyranno
659 1025 821 1090 haeretico
843 1031 1045 1110 persecutore
1068 1050 1135 1092 suo.

208 1128 250 1193 29.
290 1131 354 1194 Sed
373 1151 466 1207 nunc,
495 1128 614 1215 inquis,
643 1135 783 1193 utilitatis
804 1137 927 1194 interest
949 1136 1145 1209 respublicae.
1192 1129 1255 1195 Sed
1280 1153 1399 1195 sacer--

158 1227 191 1292 dos
207 1229 337 1315 allegare
363 1230 491 1312 debuit,
520 1229 671 1294 utilitatis
699 1230 853 1295 interesse
882 1233 988 1316 potius
1017 1232 1181 1315 publicae,
1209 1236 1247 1295 ut
1273 1233 1383 1297 divina

157 1332 289 1397 amunio
311 1334 346 1396 et
366 1332 446 1396 fides
468 1331 597 1416 integra
619 1336 808 1397 servaretur.
847 1333 945 1398 Utilis
967 1338 1016 1397 est
1036 1335 1230 1418 reipublicae
1256 1335 1382 1419 religio-

155 1432 186 1496 nis
199 1435 313 1518 eversio,
337 1437 372 1498 et
393 1434 481 1498 utilis
503 1455 570 1498 non
592 1434 654 1497 erit
675 1435 871 1519 reipublicae
893 1436 1060 1520 religionis
1082 1437 1280 1521 integritas?
1319 1437 1406 1520 Nep

155 1535 201 1618 no,
217 1536 240 1600 si
258 1539 335 1601 stmt
356 1536 501 1620 ejusdem
521 1536 699 1620 religionis,
723 1539 777 1621 qui
800 1539 864 1602 ista
885 1539 1112 1622 praetendunt,
1137 1542 1170 1601 et
1191 1540 1217 1602 si
1239 1539 1382 1621 ejusdem

154 1635 274 1722 religionis
301 1639 442 1704 debeant
473 1634 622 1704 homines
643 1639 707 1703 ista
735 1641 991 1725 praetenderes)
1098 1664 1192 1725 quem
1220 1641 1316 1704 vellet
1343 1642 1382 1704 de

154 1739 233 1805 aaa
251 1740 311 1805 sibi
339 1741 487 1806 fidelibus
513 1741 688 1806 subsistere
710 1742 919 1822 sacerdotem,
948 1742 1075 1806 excluso
1103 1743 1263 1826 Johanne,
1292 1744 1381 1807 dum-

152 1841 211 1906 mdo
232 1842 425 1908 catholicum
458 1847 491 1906 et
520 1845 752 1908 communionis
775 1849 903 1909 nostrae
926 1845 1083 1929 suspectis
1111 1845 1189 1909 locis
1216 1849 1381 1929 pateretur

152 1946 288 2022 tamdem
315 1945 513 2030 pontificem.
558 1946 676 2011 Nonne
704 1947 868 2011 evidenter
895 1946 974 2010 haec
1002 1969 1051 2010 ros
1074 1947 1155 2012 facit
1177 1969 1305 2011 causam
1326 1947 1381 2011 Jo-

150 2038 316 2112 ttmisesse
340 2047 514 2132 meliorem,
543 2050 619 2113 dum
646 2071 683 2113 eo
706 2049 834 2114 excluso
863 2054 896 2113 et
924 2048 1085 2112 lraeretico
1114 2050 1287 2133 subrogato
1315 2071 1381 2112 non
1438 2051 1441 2055 ’

147 2163 246 2226 pirano
270 2149 333 2214 hoc
357 2150 512 2215 meruisse
534 2155 741 2234 monstratur,
780 2154 835 2240 sed
872 2151 1069 2235 expugnatio
1101 2150 1175 2214 fidei
1204 2151 1380 2215 catholicae

144 2251 319 2329 pacantur?
1428 2238 1430 2244 ’

198 2354 245 2418 30.
288 2353 359 2418 Nos
373 2355 414 2439 50)
446 2377 512 2419 non
545 2355 581 2421 in
608 2357 764 2421 Acacium
795 2356 867 2420 ideo
895 2357 1091 2420 sententiam
1123 2356 1271 2439 tulimus,
1305 2356 1380 2441 quia

135 2447 206 2520 mne
225 2459 283 2540 est,
307 2457 387 2541 quia
408 2457 592 2544 Acacium)
615 2459 742 2542 dicitur,
765 2459 1030 2543 quemadmodum
1053 2459 1250 2543 de'quolibet
1271 2458 1380 2523 haere-

100 2626 102 2639 ,
130 2555 179 2622 iu
197 2558 257 2623 dici
278 2562 404 2643 potest,
425 2560 480 2624 sed
502 2564 682 2645 propterea,
706 2561 781 2645 quia
803 2562 846 2625 sit
868 2583 1005 2645 persona
1026 2561 1288 2645 praevaricatrix.
1315 2561 1380 2625 lta-

100 2651 102 2657 ’
124 2678 174 2744 que
191 2660 410 2745 malefactum,
434 2662 517 2747 quod
531 2664 567 2727 in
582 2685 620 2727 ea
635 2668 695 2746 est,
718 2664 851 2748 punitur
865 2664 1062 2747 irrogatione
1078 2664 1275 2728 sententiae:
1298 2687 1379 2748 quae

118 2763 351 2848 parentatio,
376 2764 459 2848 quod
479 2765 672 2829 maleficium
693 2768 720 2830 si
742 2766 882 2849 recedat,
903 2766 971 2849 jam
994 2788 1059 2829 non
1082 2767 1144 2829 erit
1158 2766 1214 2829 illa
1230 2788 1378 2850 persona,

114 2862 145 2929 in
173 2888 272 2951 quam
303 2866 500 2930 sententiam
532 2866 736 2931 insolubilem
769 2868 912 2952 proferre
943 2890 1013 2931 sum
1047 2868 1141 2932 visus.
1187 2867 1380 2932 Remanebit

111 2967 193 3032 mim
213 2966 311 3032 homo
334 2974 368 3032 et
389 2969 539 3052 Aeacius,
562 2991 656 3054 quern
678 2987 745 3034 non
765 2970 957 3057 damnata),
981 2971 1017 3033 in
1039 2973 1194 3053 quantum
1214 2970 1310 3034 homo
1330 2975 1380 3034 est

107 3074 139 3135 et
156 3069 302 3134 hominis
324 3070 454 3134 nomine
477 3077 640 3156 censetur,
665 3072 720 3136 sed
741 3072 776 3135 in
798 3076 954 3156 quantum
968 3074 1207 3156 praevaricator
1229 3077 1262 3135 et
1282 3072 1379 3156 male-

105 3172 211 3238 factor
233 3171 345 3258 est.⁵³)
388 3171 423 3237 Si
445 3195 522 3258 ergo
544 3174 672 3238 desinat
694 3195 762 3238 esse
784 3175 1022 3258 praevaricator
1044 3177 1078 3237 et
1098 3173 1298 3256 malefactor,
1329 3174 1377 3237 eui

101 3393 189 3450 edam
207 3411 244 3450 ex
262 3392 363 3449 Felicis
380 3394 406 3447 II
423 3394 547 3464 epistolis
564 3401 581 3448 6
598 3413 625 3448 n.
644 3400 668 3461 2,
688 3402 719 3448 rt
737 3413 763 3448 n.
783 3401 807 3462 5,
827 3402 901 3450 1511.
921 3402 937 3448 4
956 3398 985 3449 et
1003 3394 1107 3448 Gelasii
1125 3396 1248 3448 tractatu
1266 3392 1303 3447 IV
1321 3399 1377 3447 no

100 3495 156 3550 seq.
176 3480 358 3549 compertum
375 3479 519 3534 habemus.
556 3479 697 3548 Simulque
715 3479 767 3547 ibi,
786 3482 817 3534 ut
834 3481 899 3534 hinc
917 3483 945 3533 ct
963 3497 996 3535 ex
1014 3480 1194 3549 sequentibus
1211 3498 1237 3534 n.
1257 3485 1290 3534 35
1303 3483 1331 3532 et
1346 3486 1378 3534 39

100 3564 291 3641 roeeieeimus,
314 3570 413 3619 curatio
431 3572 508 3619 totius
524 3569 658 3619 Ecclesiae
681 3565 761 3633 quasi
783 3566 905 3619 conditio
923 3565 1066 3619 solutionis
1083 3565 1176 3636 posita
1194 3567 1263 3618 crat.
1299 3564 1378 3618 Simi-

100 3650 161 3706 tter
178 3650 209 3704 in
229 3649 374 3703 sententia
396 3649 528 3704 adversus
544 3649 666 3704 Vitalenr
689 3652 718 3703 et
737 3650 873 3706 Misenum
896 3651 1037 3720 adjectum
1061 3654 1115 3717 est,
1138 3657 1231 3704 tamdiu
1254 3671 1299 3704 eor
1319 3655 1378 3718 fore

100 3755 255 3807 mmm,
273 3740 357 3790 denec
374 3747 479 3790 auctore
498 3741 553 3790 Deo
570 3747 597 3789 et
612 3741 703 3789 adata
720 3741 899 3791 catholicorum
913 3742 1058 3805 principum
1078 3743 1118 3790 cet
1133 3743 1223 3805 populi
1242 3740 1380 3789 Christiani

100 3826 289 3877 anamma
306 3815 455 3874 catholicum
471 3826 630 3876 sacerdotem
647 3827 786 3890 recepisset
805 3827 913 3876 ecclesio
932 3821 1046 3890 (Gelasii
1058 3822 1138 3891 epist.
1153 3829 1186 3876 30
1197 3840 1223 3874 n.
1238 3827 1254 3875 8
1267 3823 1296 3875 et
1308 3824 1343 3889 9).

152 3908 198 3975 Ὀ)
217 3906 257 3959 Im
272 3904 376 3959 houna
391 3905 445 3960 hac
462 3923 525 3960 cum
542 3906 655 3975 Maffejo
673 3906 873 3976 suppleverirn:
896 3912 1014 3962 Tolcrori
1030 3919 1130 3976 posset,
1148 3913 1180 3962 ri.

161 3994 198 4060 ¹⁹)
218 3988 327 4059 Incipit
344 3989 493 4060 explicatio
511 3991 584 4045 illius
596 3993 763 4060 sententiae,
782 4010 853 4061 quac
868 3991 929 4060 jam
941 4010 967 4044 n.
981 3993 1149 4046 utbreviter
1165 3991 1315 4056 perstricta
1327 3993 1377 4057 est,

100 4077 234 4135 mucium
254 4074 444 4129 anathematis
455 4074 564 4130 vinculo
583 4083 861 4147 nunqncmeotvcndum
879 4093 950 4143 esse,
969 4094 1096 4145 quaeque
1109 4076 1209 4129 deinde
1227 4075 1337 4145 longius
1349 4076 1378 4128 in

100 4165 222 4220 sedatu
242 4158 284 4214 tv
301 4159 469 4230 (deputatur.
500 4161 577 4215 Haec
595 4162 708 4228 quidem
726 4161 867 4229 usquead
884 4163 972 4216 verba
990 4172 1015 4216 ct
1033 4168 1157 4229 incipiunt
1174 4182 1230 4216 esre
1248 4168 1377 4230 puerinon

100 4259 167 4305 rut
184 4255 233 4303 vet
252 4251 335 4299 everti
356 4255 381 4298 et
402 4252 518 4314 plantari
539 4248 647 4302 codices
664 4248 697 4300 F²
716 4249 753 4301 Hs
770 4248 799 4299 in
817 4246 1014 4300 additamentis
1032 4245 1200 4301 collectionis
1218 4245 1377 4299 Hadrianou

100 4352 140 4391 nc
157 4329 355 4401 ascriptione
372 4330 458 4384 minio
475 4333 575 4386 notata
591 4333 748 4402 proferunt:
768 4337 814 4386 Ee
830 4339 940 4401 epistota
958 4337 1027 4387 tecti
1045 4337 1117 4400 Papa
1137 4336 1232 4385 Gelosii
1249 4336 1285 4384 ad
1295 4337 1378 4384 orien-

100 4428 153 4477 rla
172 4425 211 4474 de
232 4421 342 4470 vitanda
360 4421 527 4471 communione
547 4423 649 4479 Acoeti,
672 4423 715 4472 uos
737 4425 813 4472 datar
836 4419 942 4487 inlelliqi
963 4425 1052 4471 niellam
1071 4438 1128 4471 esec
1146 4422 1266 4470 uinculum
1284 4422 1377 4469 insolu-

100 4515 132 4563 ᾗ
154 4509 215 4560 aiei
234 4506 309 4555 ἅνω
326 4506 397 4564 iiior,
415 4510 460 4572 qut
475 4508 502 4556 in
519 4523 610 4558 errore
627 4510 776 4572 persistant.

155 4595 193 4663 Ἰ)
214 4589 259 4645 ΗΘ
276 4595 315 4643 aa
335 4594 438 4643 aaziae
461 4595 561 4644 dicitur.
595 4589 661 4643 Mox
678 4589 747 4643 editi
764 4594 923 4656 niclcsactum
941 4600 991 4654 cet,
1015 4594 1083 4657 quod
1104 4593 1130 4640 in
1148 4608 1177 4642 co
1197 4598 1235 4640 cst
1252 4591 1378 4656 punitura,-

100 4679 173 4736 2110
184 4677 233 4734 ΙΨ
247 4674 400 4744 sequimur.

156 4767 193 4831 ⁵¹)
216 4760 259 4815 H*
277 4765 383 4820 damno,
408 4760 524 4814 fortusse
541 4765 632 4815 Mauo
654 4759 817 4827 legendum}
840 4765 942 4813 damnat
962 4758 1067 4813 scilicet
1083 4765 1210 4813 sententia
1228 4763 1376 4813 insolubilia.

154 4852 194 4917 ι1)
216 4844 319 4899 Verba
335 4855 375 4898 eet
393 4861 481 4914 usqne
499 4844 536 4898 ad
553 4855 579 4898 et
596 4850 746 4913 mnefuctor
764 4863 827 4898 cum
844 4845 881 4897 Hi
893 4845 931 4897 N³
943 4845 1078 4898 addimus.
1109 4843 1215 4898 Deinde
1233 4845 1271 4897 Η8
1285 4852 1376 4914 poeni-

100 4957 144 4992 η
162 4931 235 5008 <alii
249 4932 367 5003 penitae)
440 4935 546 5000 incipiat
564 4931 609 5000 (at
629 4935 745 5001 incipiet)
817 4933 871 4984 Sed
887 4935 992 4998 incipiet
1009 4930 1054 4997 (al.
1074 4933 1220 5002 incipiente)
1239 4950 1303 4990 etse.
