3224 5506
173 355 234 419 766
611 367 639 415 s.
656 365 863 415 normanna
884 363 1000 412 aaran

66 539 159 587 auru
172 523 303 605 sulitur,
339 543 404 585 uon
434 520 536 584 solum
565 519 745 583 exhortatio
772 518 827 583 sed
855 517 1030 603 postulatio
1052 537 1177 601 quoque
1206 518 1320 583 creditu
1338 539 1383 581 esse
1459 532 1471 572 l

172 625 382 707 conveniam,
406 626 442 687 ut
463 623 585 686 duabus
612 622 647 685 in
675 643 775 685 unum
797 619 1064 684 concurrentibus
1088 621 1192 685 causis
1213 622 1319 685 animus
1333 619 1386 684 iuci-
1460 632 1471 693 a

170 728 269 808 tatus,
294 725 376 809 quod
399 724 477 787 felix
500 727 532 787 et
553 723 672 788 bonum
694 724 840 807 partibus
862 723 920 805 sit,
945 721 1053 786 valeat
1074 723 1219 808 adipisci.
1260 721 1390 789 Sicania
1462 733 1471 771 ἐ

173 828 318 893 Christus
341 827 428 890 Deus
452 829 484 890 et
505 826 662 889 Dominus
684 828 794 889 noster
823 828 857 889 et
883 846 941 909 per
962 824 1167 890 mitissimam
1188 824 1393 890 volunuumet
1464 860 1468 871 ·

173 930 344 1014 quamdam
365 928 613 1011 dispensationis
635 927 823 1011 petitionem
839 948 897 990 nos
913 927 1075 991 revocavit
1090 927 1130 991 ad
1145 949 1191 1012 se,
1214 929 1397 1012 erraremus
1466 934 1471 972 ἲ

173 1033 302 1116 proprio
324 1031 482 1115 sanguine
503 1029 646 1093 libertati
669 1028 827 1111 restituit,
858 1033 894 1092 ut
922 1027 1059 1092 salutem
1088 1030 1274 1119 mortalitati
1294 1031 1401 1116 praestit·
1469 1035 1471 1042 '

173 1137 239 1217 ret3
261 1155 327 1198 non
349 1134 474 1197 videtur
497 1131 684 1213 absurdum,
707 1134 775 1193 tam
798 1130 882 1215 apud
903 1129 1170 1215 gloriosissimum
1192 1146 1406 1218 regem,qua1ss

175 1237 258 1320 apud
280 1235 500 1299 beatissimum
522 1254 640 1318 papam
655 1232 758 1295 almae
773 1232 862 1296 urbis
876 1231 998 1296 Romae
1020 1236 1130 1316 patres
1152 1236 1343 1320 conscriptos,
1360 1233 1411 1297 im·

174 1338 287 1420 periali
309 1337 459 1420 petitioni
482 1336 686 1418 conjunctos,
716 1357 754 1398 ea
775 1357 922 1419 sperare,
951 1357 1032 1419 quae
1061 1340 1093 1400 et
1115 1337 1209 1401 nobis
1236 1340 1268 1402 et
1287 1337 1337 1401 sibi
1352 1334 1416 1400 Det]

174 1440 395 1503 annuentem
418 1459 584 1502 commune
612 1438 798 1520 proficiant:
825 1437 886 1502 hoc
908 1441 972 1520 est,
1001 1461 1043 1502 ne
1070 1439 1280 1523 fugitivorum
1304 1430 1422 1504 audiam

175 1541 384 1604 concinnatos
407 1561 567 1603 sermones
590 1541 624 1602 et
640 1539 807 1603 mendacio
829 1539 896 1603 solo
918 1541 1121 1624 compositos,
1144 1541 1201 1606 sed
1223 1541 1426 1607 seductione

175 1645 341 1726 suscepta,
374 1663 470 1726 quam
497 1643 530 1705 et
559 1641 675 1705 veritas
704 1645 737 1704 ct
758 1643 938 1726 legatorum
966 1642 1020 1725 qui
1042 1643 1156 1707 directi
1180 1647 1257 1707 sunt
1275 1632 1431 1729 inquisitio

174 1744 344 1827 patefecit,
374 1743 415 1806 ud
437 1743 647 1807 desideratam
675 1764 787 1828 pacem
816 1743 1005 1827 acceptabili
1028 1745 1097 1808 Deo
1126 1745 1288 1831 voluptate
1308 1755 1434 1810 conam·

175 1846 293 1932 anu).
338 1845 559 1909 Indubitatum
582 1845 737 1929 siquidem
760 1849 809 1909 est
830 1866 869 1909 ex
892 1846 990 1930 longa
1012 1868 1171 1911 annorum
1193 1848 1283 1932 serie,
1305 1847 1438 1912 mulam

176 1951 303 2031 partem
322 1947 516 2032 reipublicae
539 1952 678 2011 vestram
700 1948 863 2011 vindicare
887 1949 1114 2014 constantiam.
1157 1949 1294 2015 Proinde
1313 1937 1442 2035 opor-btl

175 2050 414 2114 sanctissimum
437 2053 561 2115 coetum
584 2051 724 2113 vestrum
747 2049 856 2113 solerti
884 2050 990 2115 studio
1019 2073 1057 2115 ac
1083 2052 1218 2135 provido
1240 2051 1340 2116 labore
1358 2060 1446 2116 con·

175 2152 307 2217 tendere
328 2155 396 2215 tam
418 2152 503 2236 apud
525 2151 683 2215 excelsum
706 2172 825 2236 regem,
856 2152 908 2216 cui
929 2152 1062 2237 regendi
1085 2174 1141 2218 vos
1164 2157 1305 2237 potestas
1324 2159 1354 2219 et
1370 2138 1452 2218 sol·

176 2255 307 2319 licitudo
330 2253 497 2319 commissa
524 2256 587 2335 est,
619 2275 714 2337 quarn
743 2254 827 2337 apud
854 2254 1069 2319 venerabilem
1096 2277 1233 2340 papam,
1268 2257 1316 2321 cui
1340 2257 1462 2350 intel]

177 2356 309 2421 cedendi
331 2352 416 2439 apud
438 2355 542 2418 Deum
563 2354 701 2418 facultas
724 2359 773 2418 est
794 2356 965 2441 praestita,
989 2357 1081 2421 utin
1104 2378 1143 2421 ea
1164 2360 1258 2441 parte
1279 2359 1369 2423 animi
1391 2361 1467 2417 ΞΝ

175 2459 353 2522 bonitatem
376 2458 550 2542 dignentur
572 2457 756 2540 impendere
763 2507 771 2540 ,
801 2459 835 2521 in
858 2479 921 2541 qua
942 2459 1108 2543 utriusque
1130 2458 1324 2544 reipublicae
1342 2480 1433 2525 m?
1446 2465 1471 2510 a·

176 2560 234 2624 bra
256 2562 385 2644 sperata
407 2560 546 2623 sanitate
574 2559 747 2623 salventur.
792 2560 972 2644 Implebitis
999 2561 1086 2624 enim
1113 2565 1255 2627 veterem
1277 2553 1471 2629 consula-ll

176 2663 283 2727 dinem
310 2665 343 2727 et
371 2661 467 2724 nimis
496 2659 630 2724 consilio
663 2665 768 2726 vestro
798 2662 1014 2745 notissimam,
1048 2665 1076 2726 si
1099 2686 1152 2747 ea,
1187 2687 1268 2749 quae
1294 2666 1471 2752 publi-⁴ll

176 2765 308 2828 utilitati
324 2763 528 2844 conveniunt,
552 2764 731 2847 tractando,
749 2765 917 2848 sperando,
935 2765 1127 2849 postulando
1144 2766 1293 2832 effectum
1307 2756 1471 2853 alipii

176 2866 244 2931 Deo
267 2868 395 2953 auspice
416 2865 568 2929 feceritis
616 2866 698 2929 Data
721 2865 926 2931 VCalendas
950 2868 1089 2951 Augusti
1113 2866 1322 2956 calchedone,
1345 2870 1471 2934 P&

175 2970 243 3033 viro
267 2966 442 3034 clarissimo
465 2966 603 3032 consule.

680 3156 861 3260 Epistola
888 3157 931 3240 13

36 3312 165 3445 §3335
334 3313 545 3379 Hormisdae
567 3329 677 3396 papae
699 3310 742 3375 ad
766 3307 994 3376 Anastasium
1016 3311 1285 3394 imperatorem.

211 3453 244 3502 (lt
262 3458 323 3511 vitre,
344 3470 415 3519 quam
433 3456 562 3517 inpressam
571 3455 694 3509 videatur,
714 3453 822 3510 insistat,
842 3458 866 3501 et
876 3452 951 3513 fidem
964 3451 1095 3502 verbenam
1106 3468 1208 3504 moran
1220 3455 1312 3520 effecta
1322 3465 1471 3506 reru-³

209 3531 353 3602 comprobet
366 3537 423 3601 (al
436 3546 461 3589 et
474 3538 510 3602 2).
539 3539 603 3588 Nam
619 3554 669 3602 per
686 3539 766 3602 ipsum
782 3545 861 3595 stare,
880 3543 906 3586 ut
923 3553 979 3601 pax
992 3540 1155 3588 ecelesiarum
1167 3541 1317 3591 restituatur
1327 3540 1436 3605 (az-
1454 3532 1471 3597 di

327 3670 537 3735 Hormisda
560 3670 779 3735 Anastasio
801 3671 986 3756 Augusto
1008 3671 1471 3759 perTbeopompun-,Ue

419 3772 686 3838 Severianum.

263 3895 289 3955 l.
325 3892 497 3957 Sollicitari
519 3893 660 3957 animum
675 3897 778 3976 tuum,
802 3892 1049 3958 clementissime
1063 3893 1249 3979 imperator,
1271 3889 1457 3959 ambimus

175 3995 328 4058 aviditate
351 4016 592 4079 commemoras,
623 3997 723 4059 donec
745 4000 893 4079 speratae
920 3995 1055 4060 unitatis
1076 3995 1308 4083 redintegratio
1326 3994 1443 4079 epistt

175 4096 353 4181 contingat.
393 4095 485 4161 Bona
507 4100 583 4162 sunt
604 4098 760 4162 desideria
782 4098 905 4182 salutis,
929 4101 962 4163 et
983 4096 1154 4164 laudabilis
1175 4121 1257 4185 quae
1276 4121 1310 4165 se
1327 4093 1432 4178 huju

100 4250 110 4269 ,
174 4198 259 4261 modi
281 4198 349 4261 Deo
373 4199 574 4264 commendat
596 4200 745 4265 intentio.
789 4199 984 4265 Prudentiae
1005 4199 1164 4285 siquidem
1188 4200 1321 4287 speciale
1337 4196 1421 4261 <loa

83 4327 86 4331 ⁴
174 4303 318 4364 mentum
341 4304 405 4385 est,
433 4324 531 4385 quum
554 4303 601 4384 id,
630 4303 714 4395 quod
736 4302 798 4367 sibi
820 4302 898 4367 utile
921 4302 1036 4386 credit,
1070 4303 1277 4389 impatienter
1293 4294 1409 4384 inqm'a‘t
1469 4328 1471 4345 ²

174 4402 258 4466 Nam
281 4403 308 4465 si
330 4403 365 4466 iri
387 4425 553 4488 corporum
576 4404 693 4468 morbis
716 4405 813 4469 noxia
834 4407 884 4469 est
910 4403 1003 4468 tarda
1026 4405 1168 4490 curatio,
1196 4407 1311 4491 quanto
1326 4412 1403 4479 Μ

173 4505 208 4566 in
238 4505 341 4568 saluto
368 4506 494 4569 animae
521 4507 652 4590 gravius
680 4510 729 4570 cst
755 4507 907 4571 ferendus
935 4506 1147 4571 remediorum
1173 4506 1307 4572 fidebam
1328 4494 1397 4565 wlf

174 4607 359 4689 appetitus?
386 4607 490 4683 Quum
506 4630 692 4673 moneamur
707 4609 927 4693 spiritualibus
946 4608 1115 4693 institutis,
1139 4628 1275 4695 nequae
1285 4599 1391 4693 W

173 4712 308 4790 possunt
330 4708 364 4772 in
387 4709 469 4773 diem
482 4714 654 4815 ⁸posterum
676 4711 882 4791 differantur,
911 4711 1071 4776 clamante
1093 4709 1317 4797 sapientissimo
1332 4692 1387 4767 δώ
1463 4790 1471 4815 ,-

175 4844 480 4861 ——-——-———-

240 4930 263 4996 ¹)
280 4927 330 4982 Ed.
350 4943 497 4991 concurram
516 4947 635 4999 moxque
654 4933 687 4986 (3¹
707 4940 806 4986 maltum
871 4937 1005 4999 judicare,
1023 4931 1073 4986 ubi
1090 4948 1155 4987 eum
1172 4932 1220 5015 ed,
1233 4921 1364 4987 ΜΨ
1462 4894 1471 4983 i
