3204 5506
628 394 632 401 ·
688 388 860 439 sersaoni
884 379 913 436 6.
1374 375 1438 441 245
1492 455 1494 459 ι

212 543 315 608 claris
336 542 479 607 custodiae
507 563 619 626 passus
652 542 750 605 fueris
778 542 972 625 mancipari,
1012 543 1093 636 et¹⁵)
1123 543 1160 615 ecl
1190 545 1436 628 processionem,
1449 570 1474 607 a.
1488 558 1546 607 484.

205 667 281 730 quae
297 644 343 708 tibi
361 667 425 710 eum
448 644 616 709 haereticis
639 643 785 726 habetur,
810 643 924 707 exinde
939 644 1121 727 productos,
1145 645 1229 708 sicut
1243 668 1351 710 eonrm
1367 670 1438 730 pro·
1515 693 1517 698 s

197 747 323 811 sessione
341 746 530 831 patefactum
558 749 621 828 est,
658 746 697 809 ad
731 746 964 809 haereticorum
991 749 1142 829 tuamque
1171 748 1436 832 communionem,

192 852 365 933 contempta,
392 869 473 932 quae
500 848 549 912 uel
572 848 715 932 gentium
737 848 809 931 jure
832 848 952 911 servari
975 848 1095 932 clebsrit,
1124 849 1286 934 legatione
1315 853 1436 933 pertra-

185 950 311 1036 xeris¹⁸l
328 949 533 1034 praemiisque
556 950 744 1033 corruperis,
767 954 800 1013 et
822 950 856 1012 in
877 949 1051 1013 laesionem
1073 950 1160 1014 beati
1176 950 1264 1019 Petri
1287 952 1434 1035 apostoli,

179 1075 199 1115 a
222 1051 307 1134 cujas
330 1051 398 1116 sede
424 1050 563 1135 profecti
590 1051 731 1133 fuerant,
761 1073 827 1115 non
856 1051 959 1115 solum
980 1051 1164 1117 inefficaces
1186 1053 1288 1117 redire
1310 1053 1435 1140 feceris,

174 1154 232 1217 sed
255 1153 342 1216 etism
362 1153 604 1238 impugnatores
626 1153 778 1236 omniurn,
802 1175 882 1236 quae
904 1153 1035 1216 fuerant
1049 1155 1211 1238 mandata,
1235 1156 1434 1220 monstraris.

170 1255 212 1319 ln
246 1275 368 1339 quorum
402 1255 590 1338 deceptione
622 1258 712 1318 tuam
746 1256 922 1338 nequitiam
950 1255 1129 1338 prodidisti,
1166 1260 1199 1320 et
1225 1258 1266 1321 ad
1294 1256 1436 1321 libellum

164 1357 284 1441 fratris⁶
307 1360 338 1421 et
359 1357 537 1441 coepiscopi
565 1356 629 1419 mei
651 1355 821 1440 iohannis,
851 1357 904 1440 qui
927 1359 960 1420 te
983 1357 1180 1441 gravissimis
1203 1359 1436 1441 objectionibus

161 1458 335 1542 impetivit,
358 1459 392 1522 in
415 1458 591 1542 apostolica
613 1457 687 1522 sede
710 1457 883 1522 secundum
907 1480 1045 1522 canones
1067 1460 1259 1542 respondere
1275 1459 1435 1542 diffidens,
1526 1456 1529 1462 ’

157 1561 295 1644 objecta
325 1559 471 1625 firmasti.
521 1560 661 1624 Felicem
694 1581 818 1643 quoque
852 1558 1051 1624 defensorem
1083 1561 1302 1625 fidelissimum
1330 1561 1434 1644 nobis,

155 1663 356 1728 necessitate
382 1662 525 1727 faciente
547 1662 647 1726 serius
670 1661 933 1747 subsecutum¹⁷),
962 1662 1133 1748 indignum
1154 1663 1218 1727 tuis
1242 1663 1340 1727 oerrlis
1363 1685 1435 1727 cen·

161 1856 213 1864 μου·

147 1981 219 2039 post
235 1973 302 2023 daec
319 1974 351 2023 de
368 1974 486 2024 melodia
504 1973 611 2035 ejiciens
623 1987 706 2021 secrau
722 1973 788 2034 fecit
804 1973 960 2036 procedere,
979 1977 1005 2020 at
1017 1974 1091 2038 quasi
1102 1975 1248 2034 confinitate
1261 1973 1336 2022 Petri
1347 1989 1434 2022 sacer·

149 2060 229 2109 dotia
246 2059 448 2114 dimitterentur,
472 2053 533 2106 tum
551 2069 584 2107 ex
602 2050 664 2123 ipsa
681 2051 780 2107 Felicis
798 2053 886 2107 nostri
904 2052 1038 2106 relatione
1056 2053 1084 2105 in
1103 2052 1181 2121 epist.
1201 2059 1260 2107 811.
1282 2061 1295 2106 1
1315 2065 1339 2106 ct
1357 2058 1431 2107 clear-

147 2146 198 2206 tis,
225 2157 293 2209 quas
314 2141 477 2206 bajulabant,
500 2143 621 2191 violenter
639 2142 734 2191 ablatis
756 2143 792 2190 ad
809 2143 1034 2191 comnnmiranrlnm
1052 2149 1100 2193 etc.
1135 2137 1227 2205 Atque
1249 2137 1291 2190 his
1313 2137 1432 2191 concinit

148 2223 346 2292 Theophanes
367 2222 571 2290 chronograph.
598 2221 651 2288 (ed.
670 2221 756 2274 Bona.
775 2240 801 2290 p.
821 2225 881 2289 204)
905 2229 997 2290 tepetis
1021 2227 1100 2274 Itonia
1117 2226 1256 2289 prosectis,
1281 2221 1383 2289 inquit,
1407 2235 1432 2277 et

146 2314 224 2378 apud
245 2311 368 2376 Abydum
386 2312 497 2361 Zenonis
519 2317 545 2360 et
565 2310 657 2360 Aeacii
678 2313 783 2360 consilio
806 2313 928 2370 detentis,
951 2313 976 2360 ui
997 2327 1095 2376 qnoque
1118 2310 1209 2359 ablatis
1232 2326 1319 2360 coram
1340 2314 1433 2361 titteris

144 2400 271 2463 ipsisque
290 2398 316 2444 ia
335 2411 464 2447 carcerem
480 2397 618 2458 conjectis,
637 2410 682 2445 eos
699 2396 749 2443 nisi
766 2411 819 2444 cnm
837 2396 935 2445 Acacio
954 2402 979 2445 et
998 2396 1077 2445 Petro
1097 2394 1192 2458 Monpo
1210 2397 1432 2449 comranaicarent.

143 2483 352 2545 interfecturam
372 2496 400 2531 se
420 2480 489 2530 Zeno
512 2483 683 2548 constristatur.
718 2475 755 2528 Et
775 2492 840 2545 pag.
861 2481 911 2528 205
935 2475 969 2528 de
987 2475 1089 2529 Aeaeio
1113 2474 1220 2528 subdit:
1246 2482 1315 2544 ipsos
1340 2481 1433 2531 Felicis

141 2567 263 2618 Romam
279 2567 410 2629 pontificis
428 2566 614 2633 apocrisiarios
631 2564 762 2614 blanditiis
781 2565 899 2614 delinitas
917 2571 942 2613 et
959 2565 1075 2628 pecuniis
1094 2565 1221 2614 inescatos
1238 2573 1345 2629 praeter
1363 2582 1431 2615 aran·
1529 2614 1531 2619 .

140 2653 273 2702 dolorm
290 2648 343 2699 sibi
362 2650 536 2714 impositorum
556 2651 601 2711 fas
623 2651 649 2698 in
667 2650 858 2699 conmnmioncm
877 2649 952 2697 Petri
973 2651 1096 2704 arlduxit,
1119 2635 1230 2698 sinaitas
1253 2651 1432 2700 catholicarum

137 2738 264 2801 partiam
283 2735 310 2782 ia
329 2735 462 2784 aduersam
475 2733 674 2784 contestantibus
691 2741 766 2797 atque
778 2734 981 2782 reclamantibus.
1011 2730 1043 2782 In
1061 2728 1132 2782 libro
1149 2729 1303 2798 pontificali
1320 2730 1432 2798 quidem

137 2814 300 2871 mistam
319 2813 473 2884 mancipati
496 2813 638 2878 discuntur,
662 2831 748 2881 quum
765 2813 929 2867 Heracleam
948 2812 1094 2866 venissent.
1131 2814 1169 2867 At
1186 2813 1314 2868 Valesius
1332 2814 1359 2868 in
1378 2815 1432 2868 dis·

134 2903 206 2957 sert.
230 2899 278 2954 ad
296 2898 366 2953 calc.
385 2896 556 2951 Theodoreti
573 2916 599 2967 p.
622 2903 669 2952 180
687 2898 865 2968 Theophanis
883 2898 967 2952 fidem
985 2899 1109 2967 praefert
1127 2898 1256 2964 dicentis,
1276 2917 1322 2953 eos
1339 2901 1432 2967 Abydi

132 2986 294 3041 detentos.
334 2982 420 3037 Nobis
438 2997 504 3036 vero
526 2998 582 3036 non
600 2982 667 3035 levis
686 2985 729 3036 est
746 2982 879 3053 suspicio,
903 2999 949 3036 eos
971 2983 1092 3051 primum
1110 2983 1202 3051 Abydi
1220 3001 1237 3037 a
1255 2983 1372 3037 Zenonis
1391 3003 1432 3038 sa-

130 3070 289 3127 tellitibus
309 3067 538 3137 comprehensos,
556 3084 675 3136 moxque
688 3067 797 3138 elapsos
814 3066 916 3136 inipso
929 3067 997 3120 urbe
1009 3068 1087 3136 regia
1100 3065 1243 3121 custodiae
1256 3068 1430 3137 mancipatos

128 3157 244 3220 fuisse,
273 3169 364 3220 quum
385 3151 459 3206 infra
480 3151 510 3205 in
530 3151 614 3206 Folio.
633 3151 712 3221 epist.
731 3157 792 3206 811.
813 3159 826 3204 1
846 3151 975 3205 (ficantur
992 3159 1028 3207 ad
1049 3158 1276 3207 corrsmnnicnndam
1293 3158 1431 3207 haereticis

124 3247 182 3296 noc
207 3248 259 3294 eet
284 3242 466 3305 apocrisiariis
485 3242 660 3291 Alexandrini
681 3242 768 3306 Petri,
793 3242 916 3291 aduersas
934 3257 1004 3306 quem
1022 3243 1117 3298 ierant,
1143 3243 1174 3290 de
1198 3243 1345 3291 custodia
1367 3259 1430 3306 pro·

124 3332 219 3381 ducti.
265 3322 351 3376 Idem
368 3320 454 3376 etiam
472 3319 648 3386 hicaunam,
672 3337 742 3388 quae
763 3321 846 3373 modo
866 3321 1059 3390 expendimus,
1082 3320 1163 3390 hujus
1183 3321 1317 3390 epistolae
1335 3325 1428 3377 verba.

206 3412 247 3477 ¹⁵)
269 3406 302 3460 d¹
322 3412 372 3460 sert
387 3417 413 3460 et
483 3426 534 3475 pro
552 3411 694 3460 haereticis.
730 3405 848 3460 Nomine
866 3413 1051 3474 processionis,
1077 3423 1132 3474 qua
1150 3405 1294 3475 episcopus
1313 3408 1349 3461 ad
1362 3409 1430 3462 cele-

121 3494 291 3551 brandum
317 3491 489 3546 sollemniter
512 3491 675 3545 sacrificium
697 3492 847 3560 porgebat,
870 3490 1033 3559 plerumque
1055 3492 1117 3544 tota
1140 3490 1265 3544 sacrificii
1288 3492 1361 3546 actio
1384 3493 1429 3546 de-

121 3578 333 3651 signabatur.
368 3575 440 3630 Hine
457 3594 508 3630 usn
526 3576 613 3641 venit,
632 3578 664 3628 ut
681 3575 728 3643 qni
745 3575 915 3644 processioni
932 3575 1090 3643 hujusmodi
1107 3576 1287 3641 interessent,
1307 3594 1368 3630 sum
1388 3595 1429 3631 co-

118 3666 203 3722 ieris
224 3659 459 3734 procedentibus
483 3661 686 3714 communicare
708 3663 895 3725 censerentur,
915 3661 948 3714 ci.
968 3662 1025 3714 not.
1045 3666 1061 3714 8
1079 3659 1107 3712 in
1126 3660 1247 3729 Simplio.
1267 3661 1381 3730 epistt
1401 3664 1429 3715 et

118 3752 238 3808 Geras.
262 3745 351 3816 epist.
372 3751 403 3799 14
422 3762 444 3799 c.
464 3753 508 3811 26,
526 3746 627 3814 fragm.
648 3749 689 3802 38.

206 3836 248 3901 ¹⁸)
269 3831 293 3884 i²
312 3835 467 3899 perti-altere
540 3850 704 3898 corrumpere
775 3834 878 3896 feceras
950 3842 1115 3886 rnorsstrmes.
1146 3831 1182 3883 D²
1194 3831 1229 3883 D⁹
1245 3831 1274 3883 d²
1291 3836 1426 3898 pertrahe·

118 3940 172 3975 m
264 3934 449 3984 corrumperes
467 3915 507 3982 (d²
519 3919 665 3984 corruptos)
736 3921 840 3982 faceres
905 3915 1069 3975 monstrares,
1098 3915 1131 3967 Ε1
1145 3915 1179 3967 Ε2
1191 3916 1224 3968 F²
1236 3916 1273 3969 H‘t
1286 3916 1322 3968 N³
1335 3915 1378 3980 (Ρ2
1390 3916 1427 3969 Hs

117 4003 327 4075 mahtarii
340 4005 462 4068 wamiis
479 4002 527 4067 ...)
545 4019 708 4067 corrnrnpere
727 4011 752 4053 et
769 4005 795 4052 in
813 4005 951 4053 illusionem
969 4000 1013 4066 (ll²
1032 4004 1187 4068 inlusionem)
1262 4011 1426 4055 inonstrarcs.

119 4086 287 4145 Similiter
307 4085 338 4136 et
348 4082 385 4136 D'
396 4090 423 4137 in
434 4089 583 4146 illusionem,
602 4082 639 4136 D²
651 4083 687 4136 Do
699 4090 735 4138 ad
752 4084 799 4151 (Di
812 4087 847 4152 in)
860 4090 1018 4147 inlusionem,
1038 4085 1153 4137 D⁷D¹¹1¹
1168 4093 1193 4138 in
1206 4091 1333 4144 lusionem,
1353 4084 1426 4138 tunde

119 4175 157 4229 dt
179 4177 227 4226 ad
249 4172 405 4235 itboeiorrem,
423 4168 453 4221 d‘
470 4175 496 4222 in
512 4175 659 4223 illusionem.
695 4168 758 4222 Mes.
777 4152 796 4221 l
807 4169 829 4221 O
848 4175 873 4221 ia
892 4175 1039 4232 tirasonam,
1063 4169 1138 4237 quod
1162 4173 1191 4223 et
1213 4186 1275 4221 enm
1293 4168 1425 4236 tlrljuncto

119 4265 150 4317 b.
165 4259 262 4312 Petri
278 4251 378 4321 aptius
390 4249 529 4322 congruit
556 4254 643 4307 Porro
662 4253 691 4306 (1²
710 4253 749 4307 ita
767 4253 840 4307 hnnc
857 4253 948 4308 locum
966 4255 1084 4323 profert:
1107 4259 1277 4321 praesitisque
1290 4265 1427 4320 corruptos

122 4366 184 4400 aaa
204 4347 300 4396 soluta
319 4342 466 4404 inefficaces
482 4344 570 4392 redire
586 4344 690 4406 faceres
706 4344 754 4392 sed
771 4345 845 4392 ctiam
863 4324 896 4391 in‘
906 4344 1044 4392 illusionem
1060 4343 1083 4394 tr.
1099 4343 1171 4391 I'eni
1241 4341 1359 4404 sacrant,
1379 4344 1425 4390 irn-

119 4437 313 4500 pnynatores
330 4428 434 4476 omnium
507 4434 671 4480 monstrares.

207 4512 248 4576 ¹²)
267 4509 318 4560 lta
333 4506 367 4560 E·
385 4506 419 4559 Ε1
430 4506 463 4560 F¹
475 4507 512 4561 Η8
524 4507 540 4561 J
553 4508 575 4561 0
589 4524 603 4561 c
616 4524 630 4561 c
641 4506 671 4561 i2.
699 4505 723 4559 D
737 4507 780 4575 (θ’
795 4507 842 4575 D²)
860 4508 887 4560 d‘
902 4507 930 4560 d²
949 4513 1101 4569 anscarium,
1121 4510 1219 4561 contra
1236 4508 1358 4561 mentem
1376 4507 1426 4562 Fo-

122 4599 213 4662 licis,
237 4592 291 4662 qui
311 4591 487 4646 defensorem
503 4590 581 4645 illum
595 4597 766 4659 fidelissimum
778 4592 853 4645 haud
867 4592 950 4646 (labie
962 4609 1018 4645 non
1030 4594 1167 4659 vocasset,
1186 4593 1208 4646 si
1221 4593 1265 4646 vel
1277 4610 1338 4646 sero
1352 4595 1425 4647 esset

124 4679 251 4738 Aeaeio
269 4677 430 4730 obsecutus.
467 4676 505 4730 At
525 4682 670 4745 infirmitate
694 4683 856 4745 inpediente,
881 4677 922 4731 ait
938 4677 1083 4732 Liberatus
1105 4678 1123 4730 l.
1144 4697 1165 4731 c.
1186 4695 1247 4747 cap.
1269 4683 1313 4745 18,
1337 4680 1423 4732 serius

124 4763 317 4822 subsecutus
339 4762 384 4815 est
405 4759 474 4814 alios
495 4760 615 4831 legat083
637 4774 771 4832 postquam
793 4773 874 4815 aretem
897 4768 990 4816 Vitatis
1012 4774 1037 4815 ct
1056 4767 1172 4817 Misenus
1190 4785 1206 4816 a
1224 4769 1340 4817 custodia
1360 4770 1423 4817 Con-

124 4852 321 4916 stantinopoli
341 4846 407 4898 sunt
428 4846 543 4915 egressi,
569 4846 692 4916 perrexit
715 4864 777 4900 enm
805 4848 907 4901 chartis
930 4846 1122 4902 ecclesiasticis
1147 4849 1422 4921 Constantinopolinr,

126 4951 292 5008 passuque
311 4941 352 4988 est
370 4935 467 5000 etipse
483 4935 588 4986 sublatis
605 4936 700 4986 chartis
716 4936 887 5002 pravissimam
904 4937 1052 4990 custodiant.
