<?xml version="1.0" encoding="UTF-8"?>
<!DOCTYPE html PUBLIC "-//W3C//DTD XHTML 1.0 Transitional//EN"
    "http://www.w3.org/TR/xhtml1/DTD/xhtml1-transitional.dtd">
<html xmlns="http://www.w3.org/1999/xhtml" xml:lang="en" lang="en">
 <head>
  <title>
</title>
<meta http-equiv="Content-Type" content="text/html;charset=utf-8" />
  <meta name='ocr-system' content='tesseract 3.04.00' />
  <meta name='ocr-capabilities' content='ocr_page ocr_carea ocr_par ocr_line ocrx_word'/>
</head>
<body>
  <div class='ocr_page' id='page_1' title='image "./epistolaeromano00thiegoog/epistolaeromano00thiegoog_0784.png"; bbox 0 0 3204 5506; ppageno 0'>
   <div class='ocr_carea' id='block_1_1' title="bbox 109 346 1334 443">
    <p class='ocr_par' dir='ltr' id='par_1_1' title="bbox 109 346 1334 443">
     <span class='ocr_line' id='line_1_1' title="bbox 109 346 1334 443; baseline 0.002 -32"><span class='ocrx_word' id='word_1_1' title='bbox 109 363 304 443; x_wconf 59' lang='lat' dir='ltr'><strong><em>myrsrorus</em></strong></span> <span class='ocrx_word' id='word_1_2' title='bbox 321 352 372 413; x_wconf 80' lang='lat'><strong><em>23.</em></strong></span> <span class='ocrx_word' id='word_1_3' title='bbox 389 353 439 411; x_wconf 79' lang='lat'><strong><em>24.</em></strong></span> <span class='ocrx_word' id='word_1_4' title='bbox 462 386 502 394; x_wconf 89' lang='lat'>—</span> <span class='ocrx_word' id='word_1_5' title='bbox 523 363 668 412; x_wconf 79' lang='lat' dir='ltr'><strong><em>nomam</em></strong></span> <span class='ocrx_word' id='word_1_6' title='bbox 683 362 794 412; x_wconf 80' lang='lat' dir='ltr'><strong><em>neren.</em></strong></span> <span class='ocrx_word' id='word_1_7' title='bbox 811 362 882 412; x_wconf 81' lang='lat' dir='ltr'><strong><em>non</em></strong></span> <span class='ocrx_word' id='word_1_8' title='bbox 897 363 1066 412; x_wconf 77' lang='lat' dir='ltr'><strong><em>exeram.</em></strong></span> <span class='ocrx_word' id='word_1_9' title='bbox 1083 363 1226 411; x_wconf 83' lang='lat' dir='ltr'><strong><em>u.1-v1.</em></strong></span> <span class='ocrx_word' id='word_1_10' title='bbox 1272 346 1334 413; x_wconf 84' lang='grc'><strong><em>735</em></strong></span> 
     </span>
    </p>
   </div>
   <div class='ocr_carea' id='block_1_2' title="bbox 63 526 1332 769">
    <p class='ocr_par' dir='ltr' id='par_1_2' title="bbox 63 526 1332 769">
     <span class='ocr_line' id='line_1_2' title="bbox 65 526 1332 599; baseline 0 -19"><span class='ocrx_word' id='word_1_11' title='bbox 65 526 214 581; x_wconf 88' lang='lat' dir='ltr'><strong><em>abstinere</em></strong></span> <span class='ocrx_word' id='word_1_12' title='bbox 227 526 397 599; x_wconf 86' lang='lat' dir='ltr'><strong><em>deleyerint,</em></strong></span> <span class='ocrx_word' id='word_1_13' title='bbox 411 528 451 592; x_wconf 54' lang='lat' dir='ltr'><strong><em>‚oi</em></strong></span> <span class='ocrx_word' id='word_1_14' title='bbox 470 533 497 581; x_wconf 91' lang='lat' dir='ltr'><strong><em>et</em></strong></span> <span class='ocrx_word' id='word_1_15' title='bbox 512 528 601 581; x_wconf 89' lang='lat' dir='ltr'><strong><em>armis</em></strong></span> <span class='ocrx_word' id='word_1_16' title='bbox 621 529 650 580; x_wconf 89' lang='lat' dir='ltr'><strong><em>iu</em></strong></span> <span class='ocrx_word' id='word_1_17' title='bbox 664 528 891 596; x_wconf 75' lang='lat' dir='ltr'><strong><em>praevaricatae</em></strong></span> <span class='ocrx_word' id='word_1_18' title='bbox 906 528 1109 582; x_wconf 87' lang='lat' dir='ltr'><strong><em>communionis</em></strong></span> <span class='ocrx_word' id='word_1_19' title='bbox 1124 528 1269 582; x_wconf 87' lang='lat' dir='ltr'><strong><em>consortia</em></strong></span> <span class='ocrx_word' id='word_1_20' title='bbox 1284 527 1332 580; x_wconf 92' lang='lat' dir='ltr'><strong><em>dc·</em></strong></span> 
     </span>
     <span class='ocr_line' id='line_1_3' title="bbox 64 608 1332 685; baseline -0.001 -20"><span class='ocrx_word' id='word_1_21' title='bbox 64 612 201 666; x_wconf 88' lang='lat' dir='ltr'><strong><em>testanda</em></strong></span> <span class='ocrx_word' id='word_1_22' title='bbox 217 609 329 683; x_wconf 87' lang='lat' dir='ltr'><strong><em>(Symm.</em></strong></span> <span class='ocrx_word' id='word_1_23' title='bbox 346 612 425 683; x_wconf 84' lang='lat' dir='ltr'><strong>epist.</strong></span> <span class='ocrx_word' id='word_1_24' title='bbox 441 611 480 666; x_wconf 88' lang='grc'><strong><em>10</em></strong></span> <span class='ocrx_word' id='word_1_25' title='bbox 501 627 528 665; x_wconf 86' lang='lat' dir='ltr'><strong><em>n.</em></strong></span> <span class='ocrx_word' id='word_1_26' title='bbox 544 609 604 681; x_wconf 80' lang='grc'><strong>11).</strong></span> <span class='ocrx_word' id='word_1_27' title='bbox 635 608 712 677; x_wconf 80' lang='lat' dir='ltr'><strong><em>Quod</em></strong></span> <span class='ocrx_word' id='word_1_28' title='bbox 729 610 835 684; x_wconf 89' lang='lat' dir='ltr'><strong><em>quidem</em></strong></span> <span class='ocrx_word' id='word_1_29' title='bbox 857 627 919 666; x_wconf 80' lang='lat' dir='ltr'><strong><em>mox</em></strong></span> <span class='ocrx_word' id='word_1_30' title='bbox 934 619 997 685; x_wconf 88' lang='lat' dir='ltr'><strong><em>post</em></strong></span> <span class='ocrx_word' id='word_1_31' title='bbox 1012 612 1086 680; x_wconf 79' lang='lat' dir='ltr'><strong><em>initia</em></strong></span> <span class='ocrx_word' id='word_1_32' title='bbox 1100 609 1275 683; x_wconf 85' lang='lat' dir='ltr'><strong><em>pontificatus</em></strong></span> <span class='ocrx_word' id='word_1_33' title='bbox 1290 611 1332 665; x_wconf 92' lang='lat' dir='ltr'><strong><em>sni</em></strong></span> 
     </span>
     <span class='ocr_line' id='line_1_4' title="bbox 63 693 620 769; baseline 0.002 -20"><span class='ocrx_word' id='word_1_34' title='bbox 63 693 168 751; x_wconf 84' lang='lat' dir='ltr'><strong><em>iactum</em></strong></span> <span class='ocrx_word' id='word_1_35' title='bbox 183 711 244 750; x_wconf 86' lang='lat' dir='ltr'><strong><em>esse</em></strong></span> <span class='ocrx_word' id='word_1_36' title='bbox 259 696 317 769; x_wconf 90' lang='lat' dir='ltr'><strong><em>ipse</em></strong></span> <span class='ocrx_word' id='word_1_37' title='bbox 333 694 507 768; x_wconf 76' lang='lat' dir='ltr'><strong>Symmachus</strong></span> <span class='ocrx_word' id='word_1_38' title='bbox 523 696 620 750; x_wconf 90' lang='lat' dir='ltr'><strong><em>innuit.</em></strong></span> 
     </span>
    </p>
   </div>
   <div class='ocr_carea' id='block_1_3' title="bbox 62 821 1332 1074">
    <p class='ocr_par' dir='ltr' id='par_1_3' title="bbox 62 821 1332 1074">
     <span class='ocr_line' id='line_1_5' title="bbox 672 821 731 886; baseline 0 0"><span class='ocrx_word' id='word_1_39' title='bbox 672 821 731 886; x_wconf 90' lang='lat' dir='ltr'><strong><em>III.</em></strong></span> 
     </span>
     <span class='ocr_line' id='line_1_6' title="bbox 62 931 1332 1006; baseline -0.001 -18"><span class='ocrx_word' id='word_1_40' title='bbox 62 950 144 988; x_wconf 80' lang='lat' dir='ltr'><strong><em>arano</em></strong></span> <span class='ocrx_word' id='word_1_41' title='bbox 160 931 308 990; x_wconf 76' lang='grc'><strong>5001111.</strong></span> <span class='ocrx_word' id='word_1_42' title='bbox 326 938 411 1003; x_wconf 88' lang='lat' dir='ltr'><strong><em>temp.</em></strong></span> <span class='ocrx_word' id='word_1_43' title='bbox 440 933 541 988; x_wconf 67' lang='lat' dir='ltr'><strong><em>:leonii</em></strong></span> <span class='ocrx_word' id='word_1_44' title='bbox 554 933 734 988; x_wconf 73' lang='lat' dir='ltr'><strong><em>Arelatensis</em></strong></span> <span class='ocrx_word' id='word_1_45' title='bbox 749 932 1004 1004; x_wconf 86' lang='lat' dir='ltr'><strong><em>adSymmachum</em></strong></span> <span class='ocrx_word' id='word_1_46' title='bbox 1023 933 1058 988; x_wconf 89' lang='lat' dir='ltr'><strong><em>de</em></strong></span> <span class='ocrx_word' id='word_1_47' title='bbox 1078 934 1245 1005; x_wconf 81' lang='lat' dir='ltr'><strong><em>differentia</em></strong></span> <span class='ocrx_word' id='word_1_48' title='bbox 1261 950 1332 1006; x_wconf 89' lang='lat' dir='ltr'><strong><em>qua-</em></strong></span> 
     </span>
     <span class='ocr_line' id='line_1_7' title="bbox 217 1017 1236 1074; baseline 0 -2"><span class='ocrx_word' id='word_1_49' title='bbox 217 1019 282 1072; x_wconf 89' lang='lat' dir='ltr'><strong><em>dam</em></strong></span> <span class='ocrx_word' id='word_1_50' title='bbox 297 1021 374 1073; x_wconf 88' lang='lat' dir='ltr'><strong><em>inter</em></strong></span> <span class='ocrx_word' id='word_1_51' title='bbox 389 1019 530 1072; x_wconf 90' lang='lat' dir='ltr'><strong><em>ecclesias</em></strong></span> <span class='ocrx_word' id='word_1_52' title='bbox 544 1018 743 1072; x_wconf 78' lang='lat' dir='ltr'><strong><em>Arelatensem</em></strong></span> <span class='ocrx_word' id='word_1_53' title='bbox 759 1024 786 1072; x_wconf 90' lang='lat' dir='ltr'><strong><em>cl</em></strong></span> <span class='ocrx_word' id='word_1_54' title='bbox 807 1017 991 1074; x_wconf 83' lang='lat' dir='ltr'><strong><em>Viennensem</em></strong></span> <span class='ocrx_word' id='word_1_55' title='bbox 1008 1019 1108 1073; x_wconf 87' lang='lat' dir='ltr'><strong><em>oborta</em></strong></span> <span class='ocrx_word' id='word_1_56' title='bbox 1124 1020 1236 1074; x_wconf 85' lang='lat' dir='ltr'><strong><em>relatio.</em></strong></span> 
     </span>
    </p>
   </div>
   <div class='ocr_carea' id='block_1_4' title="bbox 55 1117 1336 1854">
    <p class='ocr_par' dir='ltr' id='par_1_4' title="bbox 55 1117 1336 1854">
     <span class='ocr_line' id='line_1_8' title="bbox 152 1117 1333 1193; baseline -0.003 -19"><span class='ocrx_word' id='word_1_57' title='bbox 152 1119 211 1174; x_wconf 81' lang='lat' dir='ltr'><strong><em>Mox</em></strong></span> <span class='ocrx_word' id='word_1_58' title='bbox 227 1127 291 1193; x_wconf 93' lang='lat' dir='ltr'><strong><em>post</em></strong></span> <span class='ocrx_word' id='word_1_59' title='bbox 305 1117 428 1173; x_wconf 87' lang='lat' dir='ltr'><strong><em>sedatum</em></strong></span> <span class='ocrx_word' id='word_1_60' title='bbox 444 1119 558 1192; x_wconf 92' lang='lat' dir='ltr'><strong><em>primum</em></strong></span> <span class='ocrx_word' id='word_1_61' title='bbox 575 1118 689 1173; x_wconf 84' lang='lat' dir='ltr'><strong><em>schisma</em></strong></span> <span class='ocrx_word' id='word_1_62' title='bbox 704 1136 753 1192; x_wconf 92' lang='lat' dir='ltr'><strong><em>per</em></strong></span> <span class='ocrx_word' id='word_1_63' title='bbox 768 1117 951 1174; x_wconf 86' lang='lat' dir='ltr'><strong><em>Crescentinm</em></strong></span> <span class='ocrx_word' id='word_1_64' title='bbox 972 1117 1159 1192; x_wconf 87' lang='lat' dir='ltr'><strong><em>presbyterum</em></strong></span> <span class='ocrx_word' id='word_1_65' title='bbox 1181 1118 1286 1174; x_wconf 76' lang='lat' dir='ltr'><strong><em>litterae</em></strong></span> <span class='ocrx_word' id='word_1_66' title='bbox 1301 1117 1333 1172; x_wconf 92' lang='lat' dir='ltr'><strong><em>ab</em></strong></span> 
     </span>
     <span class='ocr_line' id='line_1_9' title="bbox 61 1202 1332 1276; baseline 0.001 -19"><span class='ocrx_word' id='word_1_67' title='bbox 61 1205 170 1259; x_wconf 82' lang='lat' dir='ltr'><strong><em>Aeonio</em></strong></span> <span class='ocrx_word' id='word_1_68' title='bbox 186 1203 336 1258; x_wconf 78' lang='lat' dir='ltr'><strong><em>Arelatensi</em></strong></span> <span class='ocrx_word' id='word_1_69' title='bbox 352 1204 479 1276; x_wconf 87' lang='lat' dir='ltr'><strong><em>episcopo</em></strong></span> <span class='ocrx_word' id='word_1_70' title='bbox 496 1202 605 1258; x_wconf 84' lang='lat' dir='ltr'><strong><em>Romam</em></strong></span> <span class='ocrx_word' id='word_1_71' title='bbox 620 1202 723 1259; x_wconf 81' lang='lat' dir='ltr'><strong><em>delatae</em></strong></span> <span class='ocrx_word' id='word_1_72' title='bbox 738 1211 810 1267; x_wconf 89' lang='lat' dir='ltr'><strong><em>sunt,</em></strong></span> <span class='ocrx_word' id='word_1_73' title='bbox 827 1202 924 1276; x_wconf 89' lang='lat' dir='ltr'><strong><em>quibus</em></strong></span> <span class='ocrx_word' id='word_1_74' title='bbox 939 1207 1083 1260; x_wconf 88' lang='lat' dir='ltr'><strong><em>luctamen</em></strong></span> <span class='ocrx_word' id='word_1_75' title='bbox 1099 1205 1332 1259; x_wconf 80' lang='lat' dir='ltr'><strong><em>interArelalen-</em></strong></span> 
     </span>
     <span class='ocr_line' id='line_1_10' title="bbox 61 1289 1336 1361; baseline -0.001 -18"><span class='ocrx_word' id='word_1_76' title='bbox 61 1296 168 1345; x_wconf 87' lang='lat' dir='ltr'><strong><em>semet</em></strong></span> <span class='ocrx_word' id='word_1_77' title='bbox 184 1289 368 1345; x_wconf 82' lang='lat' dir='ltr'><strong><em>Viennensem</em></strong></span> <span class='ocrx_word' id='word_1_78' title='bbox 384 1291 536 1344; x_wconf 89' lang='lat' dir='ltr'><strong><em>ecclesiam</em></strong></span> <span class='ocrx_word' id='word_1_79' title='bbox 553 1289 670 1361; x_wconf 81' lang='lat' dir='ltr'><strong><em>aliquod</em></strong></span> <span class='ocrx_word' id='word_1_80' title='bbox 689 1291 724 1344; x_wconf 90' lang='lat' dir='ltr'><strong><em>de</em></strong></span> <span class='ocrx_word' id='word_1_81' title='bbox 745 1290 913 1346; x_wconf 80' lang='lat' dir='ltr'><strong><em>ordinandis</em></strong></span> <span class='ocrx_word' id='word_1_82' title='bbox 934 1292 1077 1360; x_wconf 89' lang='lat' dir='ltr'><strong><em>episcopis</em></strong></span> <span class='ocrx_word' id='word_1_83' title='bbox 1096 1292 1126 1344; x_wconf 89' lang='lat' dir='ltr'><strong><em>in</em></strong></span> <span class='ocrx_word' id='word_1_84' title='bbox 1148 1292 1248 1345; x_wconf 87' lang='lat' dir='ltr'><strong><em>uicinis</em></strong></span> <span class='ocrx_word' id='word_1_85' title='bbox 1263 1290 1336 1345; x_wconf 83' lang='lat' dir='ltr'><strong><em>oriri</em></strong></span> 
     </span>
     <span class='ocr_line' id='line_1_11' title="bbox 60 1372 1334 1447; baseline 0.002 -20"><span class='ocrx_word' id='word_1_86' title='bbox 60 1373 253 1429; x_wconf 83' lang='lat' dir='ltr'><strong><em>nuntiabatur:</em></strong></span> <span class='ocrx_word' id='word_1_87' title='bbox 274 1376 324 1429; x_wconf 89' lang='lat' dir='ltr'><strong><em>illa</em></strong></span> <span class='ocrx_word' id='word_1_88' title='bbox 341 1389 374 1427; x_wconf 93' lang='lat' dir='ltr'><strong><em>re</em></strong></span> <span class='ocrx_word' id='word_1_89' title='bbox 389 1374 519 1429; x_wconf 89' lang='lat' dir='ltr'><strong><em>uidelicet</em></strong></span> <span class='ocrx_word' id='word_1_90' title='bbox 531 1372 675 1444; x_wconf 76' lang='lat' dir='ltr'><strong><em>faciente,</em></strong></span> <span class='ocrx_word' id='word_1_91' title='bbox 703 1375 780 1447; x_wconf 89' lang='lat' dir='ltr'><strong><em>quod</em></strong></span> <span class='ocrx_word' id='word_1_92' title='bbox 793 1382 914 1429; x_wconf 88' lang='lat' dir='ltr'><strong><em>sunctae</em></strong></span> <span class='ocrx_word' id='word_1_93' title='bbox 936 1375 1146 1431; x_wconf 88' lang='lat' dir='ltr'><strong><em>recordationis</em></strong></span> <span class='ocrx_word' id='word_1_94' title='bbox 1160 1372 1334 1429; x_wconf 82' lang='lat' dir='ltr'><strong><em>Anastasius</em></strong></span> 
     </span>
     <span class='ocr_line' id='line_1_12' title="bbox 61 1458 1333 1531; baseline 0 -18"><span class='ocrx_word' id='word_1_95' title='bbox 61 1474 134 1531; x_wconf 87' lang='lat' dir='ltr'><strong><em>papa</em></strong></span> <span class='ocrx_word' id='word_1_96' title='bbox 157 1465 290 1514; x_wconf 88' lang='lat' dir='ltr'><strong><em>tractans</em></strong></span> <span class='ocrx_word' id='word_1_97' title='bbox 311 1458 510 1529; x_wconf 82' lang='lat' dir='ltr'><strong><em>confusionem</em></strong></span> <span class='ocrx_word' id='word_1_98' title='bbox 526 1461 696 1530; x_wconf 84' lang='lat' dir='ltr'><strong><em>prouinciae</em></strong></span> <span class='ocrx_word' id='word_1_99' title='bbox 717 1461 815 1531; x_wconf 86' lang='lat' dir='ltr'><strong><em>aliqua</em></strong></span> <span class='ocrx_word' id='word_1_100' title='bbox 832 1466 935 1516; x_wconf 89' lang='lat' dir='ltr'><strong><em>contra</em></strong></span> <span class='ocrx_word' id='word_1_101' title='bbox 957 1466 1080 1516; x_wconf 88' lang='lat' dir='ltr'><strong><em>ueterem</em></strong></span> <span class='ocrx_word' id='word_1_102' title='bbox 1101 1459 1333 1516; x_wconf 84' lang='lat' dir='ltr'><strong><em>consuetudinem</em></strong></span> 
     </span>
     <span class='ocr_line' id='line_1_13' title="bbox 55 1542 1332 1617; baseline -0.001 -19"><span class='ocrx_word' id='word_1_103' title='bbox 55 1545 187 1615; x_wconf 85' lang='lat' dir='ltr'><strong><em>jusserit</em></strong></span> <span class='ocrx_word' id='word_1_104' title='bbox 202 1545 361 1600; x_wconf 81' lang='lat' dir='ltr'><strong><em>obseruari.</em></strong></span> <span class='ocrx_word' id='word_1_105' title='bbox 392 1542 539 1616; x_wconf 84' lang='lat' dir='ltr'><strong><em>Rescripsit</em></strong></span> <span class='ocrx_word' id='word_1_106' title='bbox 554 1542 729 1616; x_wconf 77' lang='lat' dir='ltr'><strong><em>Symmachus</em></strong></span> <span class='ocrx_word' id='word_1_107' title='bbox 746 1545 847 1617; x_wconf 84' lang='lat' dir='ltr'><strong><em>antiqui</em></strong></span> <span class='ocrx_word' id='word_1_108' title='bbox 865 1542 934 1614; x_wconf 88' lang='lat' dir='ltr'><strong><em>juris</em></strong></span> <span class='ocrx_word' id='word_1_109' title='bbox 955 1552 1083 1598; x_wconf 90' lang='lat' dir='ltr'><strong><em>strennus</em></strong></span> <span class='ocrx_word' id='word_1_110' title='bbox 1099 1552 1218 1600; x_wconf 83' lang='lat' dir='ltr'><strong><em>assertor</em></strong></span> <span class='ocrx_word' id='word_1_111' title='bbox 1233 1542 1332 1597; x_wconf 82' lang='grc'><strong>111011.</strong></span> 
     </span>
     <span class='ocr_line' id='line_1_14' title="bbox 62 1625 1333 1702; baseline -0.001 -20"><span class='ocrx_word' id='word_1_112' title='bbox 62 1625 191 1683; x_wconf 87' lang='lat' dir='ltr'><strong><em>Octobris</em></strong></span> <span class='ocrx_word' id='word_1_113' title='bbox 212 1629 273 1684; x_wconf 91' lang='lat' dir='ltr'><strong><em>anni</em></strong></span> <span class='ocrx_word' id='word_1_114' title='bbox 295 1627 357 1684; x_wconf 89' lang='grc'><strong><em>500</em></strong></span> <span class='ocrx_word' id='word_1_115' title='bbox 377 1625 467 1702; x_wconf 88' lang='lat' dir='ltr'><strong><em>(epist.</em></strong></span> <span class='ocrx_word' id='word_1_116' title='bbox 480 1626 519 1699; x_wconf 88' lang='lat'><strong><em>3).</em></strong></span> <span class='ocrx_word' id='word_1_117' title='bbox 571 1626 658 1694; x_wconf 80' lang='lat' dir='ltr'><strong><em>Quare</em></strong></span> <span class='ocrx_word' id='word_1_118' title='bbox 680 1645 762 1701; x_wconf 93' lang='lat' dir='ltr'><strong><em>quum</em></strong></span> <span class='ocrx_word' id='word_1_119' title='bbox 788 1629 914 1701; x_wconf 90' lang='lat' dir='ltr'><strong><em>proprius</em></strong></span> <span class='ocrx_word' id='word_1_120' title='bbox 940 1629 1123 1685; x_wconf 85' lang='lat' dir='ltr'><strong><em>internuntius</em></strong></span> <span class='ocrx_word' id='word_1_121' title='bbox 1150 1628 1253 1683; x_wconf 87' lang='lat' dir='ltr'><strong><em>litteras</em></strong></span> <span class='ocrx_word' id='word_1_122' title='bbox 1274 1627 1333 1682; x_wconf 90' lang='lat' dir='ltr'><strong><em>illas</em></strong></span> 
     </span>
     <span class='ocr_line' id='line_1_15' title="bbox 62 1712 1333 1787; baseline 0.001 -21"><span class='ocrx_word' id='word_1_123' title='bbox 62 1714 164 1768; x_wconf 78' lang='lat' dir='ltr'><strong><em>Aeonii</em></strong></span> <span class='ocrx_word' id='word_1_124' title='bbox 185 1712 381 1776; x_wconf 85' lang='lat' dir='ltr'><strong><em>transtulisset,</em></strong></span> <span class='ocrx_word' id='word_1_125' title='bbox 403 1714 474 1786; x_wconf 86' lang='lat' dir='ltr'><strong><em>ipsas</em></strong></span> <span class='ocrx_word' id='word_1_126' title='bbox 496 1714 537 1767; x_wconf 78' lang='lat' dir='ltr'><strong><em>vix</em></strong></span> <span class='ocrx_word' id='word_1_127' title='bbox 558 1714 632 1787; x_wconf 88' lang='lat' dir='ltr'><strong><em>prius</em></strong></span> <span class='ocrx_word' id='word_1_128' title='bbox 654 1715 756 1768; x_wconf 84' lang='lat' dir='ltr'><strong><em>aestivo</em></strong></span> <span class='ocrx_word' id='word_1_129' title='bbox 778 1722 899 1787; x_wconf 88' lang='lat' dir='ltr'><strong><em>tempore</em></strong></span> <span class='ocrx_word' id='word_1_130' title='bbox 922 1712 1041 1784; x_wconf 88' lang='lat' dir='ltr'><strong><em>ejusdem</em></strong></span> <span class='ocrx_word' id='word_1_131' title='bbox 1063 1714 1125 1770; x_wconf 88' lang='lat' dir='ltr'><strong><em>anni</em></strong></span> <span class='ocrx_word' id='word_1_132' title='bbox 1144 1715 1257 1787; x_wconf 88' lang='lat' dir='ltr'><strong><em>scriptas</em></strong></span> <span class='ocrx_word' id='word_1_133' title='bbox 1274 1728 1333 1768; x_wconf 90' lang='lat' dir='ltr'><strong><em>esse</em></strong></span> 
     </span>
     <span class='ocr_line' id='line_1_16' title="bbox 61 1796 210 1854; baseline 0 -1"><span class='ocrx_word' id='word_1_134' title='bbox 61 1796 210 1854; x_wconf 85' lang='lat' dir='ltr'><strong><em>constabit.</em></strong></span> 
     </span>
    </p>
   </div>
   <div class='ocr_carea' id='block_1_5' title="bbox 669 1891 727 1956">
    <p class='ocr_par' dir='ltr' id='par_1_5' title="bbox 669 1891 727 1956">
     <span class='ocr_line' id='line_1_17' title="bbox 669 1891 727 1956; baseline 0.017 -1"><span class='ocrx_word' id='word_1_135' title='bbox 669 1891 727 1956; x_wconf 88' lang='lat' dir='ltr'><strong><em>IV.</em></strong></span> 
     </span>
    </p>
   </div>
   <div class='ocr_carea' id='block_1_6' title="bbox 60 2001 1333 2143">
    <p class='ocr_par' dir='ltr' id='par_1_6' title="bbox 60 2001 1333 2143">
     <span class='ocr_line' id='line_1_18' title="bbox 60 2001 1333 2077; baseline 0 -19"><span class='ocrx_word' id='word_1_136' title='bbox 60 2005 138 2058; x_wconf 87' lang='lat' dir='ltr'><strong><em>anui</em></strong></span> <span class='ocrx_word' id='word_1_137' title='bbox 152 2001 212 2059; x_wconf 85' lang='lat'><strong><em>501</em></strong></span> <span class='ocrx_word' id='word_1_138' title='bbox 228 2005 316 2058; x_wconf 91' lang='lat' dir='ltr'><strong><em>initio.</em></strong></span> <span class='ocrx_word' id='word_1_139' title='bbox 356 2002 520 2075; x_wconf 75' lang='lat' dir='ltr'><strong><em>Symmachi</em></strong></span> <span class='ocrx_word' id='word_1_140' title='bbox 539 2004 579 2058; x_wconf 90' lang='lat' dir='ltr'><strong><em>ad</em></strong></span> <span class='ocrx_word' id='word_1_141' title='bbox 602 2003 807 2059; x_wconf 74' lang='lat' dir='ltr'><strong><em>Theodericum</em></strong></span> <span class='ocrx_word' id='word_1_142' title='bbox 829 2018 923 2076; x_wconf 89' lang='lat' dir='ltr'><strong><em>reyem</em></strong></span> <span class='ocrx_word' id='word_1_143' title='bbox 945 2005 981 2058; x_wconf 90' lang='lat' dir='ltr'><strong><em>de</em></strong></span> <span class='ocrx_word' id='word_1_144' title='bbox 1001 2004 1205 2077; x_wconf 88' lang='lat' dir='ltr'><strong><em>conqreyanda</em></strong></span> <span class='ocrx_word' id='word_1_145' title='bbox 1224 2003 1333 2075; x_wconf 86' lang='lat' dir='ltr'><strong><em>synodo</em></strong></span> 
     </span>
     <span class='ocr_line' id='line_1_19' title="bbox 216 2089 545 2143; baseline 0.003 -1"><span class='ocrx_word' id='word_1_146' title='bbox 216 2089 333 2142; x_wconf 87' lang='lat' dir='ltr'><strong><em>litterae</em></strong></span> <span class='ocrx_word' id='word_1_147' title='bbox 348 2091 545 2143; x_wconf 86' lang='lat' dir='ltr'><strong><em>assentientes.</em></strong></span> 
     </span>
    </p>
   </div>
   <div class='ocr_carea' id='block_1_7' title="bbox 51 2186 1332 2689">
    <p class='ocr_par' dir='ltr' id='par_1_7' title="bbox 51 2186 1332 2689">
     <span class='ocr_line' id='line_1_20' title="bbox 151 2186 1332 2263; baseline -0.001 -20"><span class='ocrx_word' id='word_1_148' title='bbox 151 2186 239 2256; x_wconf 81' lang='lat' dir='ltr'><strong><em>Quum</em></strong></span> <span class='ocrx_word' id='word_1_149' title='bbox 254 2189 331 2244; x_wconf 89' lang='lat' dir='ltr'><strong><em>initio</em></strong></span> <span class='ocrx_word' id='word_1_150' title='bbox 346 2189 406 2243; x_wconf 90' lang='lat' dir='ltr'><strong><em>anni</em></strong></span> <span class='ocrx_word' id='word_1_151' title='bbox 423 2189 482 2245; x_wconf 89' lang='grc'><strong><em>501</em></strong></span> <span class='ocrx_word' id='word_1_152' title='bbox 506 2189 649 2244; x_wconf 89' lang='lat' dir='ltr'><strong><em>adversarii</em></strong></span> <span class='ocrx_word' id='word_1_153' title='bbox 670 2188 821 2262; x_wconf 81' lang='lat' dir='ltr'><strong><em>Symmachi</em></strong></span> <span class='ocrx_word' id='word_1_154' title='bbox 841 2189 931 2244; x_wconf 80' lang='lat' dir='ltr'><strong><em>‹lenno</em></strong></span> <span class='ocrx_word' id='word_1_155' title='bbox 952 2191 1106 2263; x_wconf 89' lang='lat' dir='ltr'><strong><em>conspirare</em></strong></span> <span class='ocrx_word' id='word_1_156' title='bbox 1131 2190 1285 2262; x_wconf 87' lang='lat' dir='ltr'><strong><em>coepissent</em></strong></span> <span class='ocrx_word' id='word_1_157' title='bbox 1305 2196 1332 2242; x_wconf 91' lang='lat' dir='ltr'><strong><em>et</em></strong></span> 
     </span>
     <span class='ocr_line' id='line_1_21' title="bbox 57 2272 1331 2348; baseline -0.001 -19"><span class='ocrx_word' id='word_1_158' title='bbox 57 2272 135 2348; x_wconf 93' lang='lat' dir='ltr'><strong><em>apud</em></strong></span> <span class='ocrx_word' id='word_1_159' title='bbox 153 2273 350 2329; x_wconf 85' lang='lat' dir='ltr'><strong><em>Theodericum</em></strong></span> <span class='ocrx_word' id='word_1_160' title='bbox 366 2290 460 2347; x_wconf 79' lang='lat' dir='ltr'><strong><em>regem</em></strong></span> <span class='ocrx_word' id='word_1_161' title='bbox 476 2290 581 2329; x_wconf 90' lang='lat' dir='ltr'><strong><em>omnem</em></strong></span> <span class='ocrx_word' id='word_1_162' title='bbox 603 2273 715 2347; x_wconf 89' lang='lat' dir='ltr'><strong><em>lapidem</em></strong></span> <span class='ocrx_word' id='word_1_163' title='bbox 732 2283 870 2329; x_wconf 87' lang='lat' dir='ltr'><strong><em>moverent</em></strong></span> <span class='ocrx_word' id='word_1_164' title='bbox 891 2274 989 2348; x_wconf 89' lang='lat' dir='ltr'><strong><em>hicque</em></strong></span> <span class='ocrx_word' id='word_1_165' title='bbox 1010 2274 1043 2330; x_wconf 91' lang='lat' dir='ltr'><strong><em>de</em></strong></span> <span class='ocrx_word' id='word_1_166' title='bbox 1059 2273 1212 2348; x_wconf 79' lang='lat' dir='ltr'><strong><em>colbgenda</em></strong></span> <span class='ocrx_word' id='word_1_167' title='bbox 1226 2272 1331 2346; x_wconf 90' lang='lat' dir='ltr'><strong><em>synodo</em></strong></span> 
     </span>
     <span class='ocr_line' id='line_1_22' title="bbox 56 2360 1331 2434; baseline -0.001 -19"><span class='ocrx_word' id='word_1_168' title='bbox 56 2360 201 2433; x_wconf 81' lang='lat' dir='ltr'><strong><em>cogitaret</em></strong></span> <span class='ocrx_word' id='word_1_169' title='bbox 216 2374 283 2431; x_wconf 90' lang='lat' dir='ltr'><strong><em>qnae</em></strong></span> <span class='ocrx_word' id='word_1_170' title='bbox 299 2375 354 2414; x_wconf 89' lang='lat' dir='ltr'><strong><em>rem</em></strong></span> <span class='ocrx_word' id='word_1_171' title='bbox 371 2367 558 2432; x_wconf 81' lang='lat' dir='ltr'><strong><em>cognosceret,</em></strong></span> <span class='ocrx_word' id='word_1_172' title='bbox 574 2363 637 2431; x_wconf 86' lang='lat' dir='ltr'><strong><em>ipse</em></strong></span> <span class='ocrx_word' id='word_1_173' title='bbox 652 2376 764 2432; x_wconf 86' lang='lat' dir='ltr'><strong><em>quoque</em></strong></span> <span class='ocrx_word' id='word_1_174' title='bbox 780 2377 862 2431; x_wconf 88' lang='lat' dir='ltr'><strong><em>papa</em></strong></span> <span class='ocrx_word' id='word_1_175' title='bbox 886 2362 915 2416; x_wconf 89' lang='lat' dir='ltr'><strong><em>in</em></strong></span> <span class='ocrx_word' id='word_1_176' title='bbox 936 2361 1094 2434; x_wconf 82' lang='lat' dir='ltr'><strong><em>colliyendo</em></strong></span> <span class='ocrx_word' id='word_1_177' title='bbox 1110 2360 1218 2430; x_wconf 88' lang='lat' dir='ltr'><strong><em>synodo</em></strong></span> <span class='ocrx_word' id='word_1_178' title='bbox 1235 2361 1331 2415; x_wconf 88' lang='lat' dir='ltr'><strong><em>uolun-</em></strong></span> 
     </span>
     <span class='ocr_line' id='line_1_23' title="bbox 54 2443 1332 2519; baseline -0.002 -18"><span class='ocrx_word' id='word_1_179' title='bbox 54 2451 154 2501; x_wconf 85' lang='lat' dir='ltr'><strong><em>tatem</em></strong></span> <span class='ocrx_word' id='word_1_180' title='bbox 169 2458 251 2499; x_wconf 90' lang='lat' dir='ltr'><strong><em>suam</em></strong></span> <span class='ocrx_word' id='word_1_181' title='bbox 265 2446 370 2499; x_wconf 85' lang='lat' dir='ltr'><strong><em>litteris</em></strong></span> <span class='ocrx_word' id='word_1_182' title='bbox 385 2445 585 2499; x_wconf 88' lang='lat' dir='ltr'><strong><em>demonstrare</em></strong></span> <span class='ocrx_word' id='word_1_183' title='bbox 600 2445 763 2517; x_wconf 89' lang='lat' dir='ltr'><strong><em>properavit.</em></strong></span> <span class='ocrx_word' id='word_1_184' title='bbox 802 2443 874 2511; x_wconf 80' lang='lat' dir='ltr'><strong><em>Quae</em></strong></span> <span class='ocrx_word' id='word_1_185' title='bbox 896 2461 979 2517; x_wconf 93' lang='lat' dir='ltr'><strong><em>quum</em></strong></span> <span class='ocrx_word' id='word_1_186' title='bbox 1000 2444 1136 2519; x_wconf 79' lang='lat' dir='ltr'><strong><em>praefatus</em></strong></span> <span class='ocrx_word' id='word_1_187' title='bbox 1158 2461 1205 2499; x_wconf 81' lang='lat' dir='ltr'><strong><em>res</em></strong></span> <span class='ocrx_word' id='word_1_188' title='bbox 1226 2445 1253 2499; x_wconf 89' lang='lat' dir='ltr'><strong><em>in</em></strong></span> <span class='ocrx_word' id='word_1_189' title='bbox 1269 2461 1332 2498; x_wconf 91' lang='lat' dir='ltr'><strong><em>con-</em></strong></span> 
     </span>
     <span class='ocr_line' id='line_1_24' title="bbox 52 2528 1332 2603; baseline 0 -20"><span class='ocrx_word' id='word_1_190' title='bbox 52 2537 179 2603; x_wconf 81' lang='lat' dir='ltr'><strong><em>gregata</em></strong></span> <span class='ocrx_word' id='word_1_191' title='bbox 195 2546 262 2584; x_wconf 80' lang='lat' dir='ltr'><strong><em>moa:</em></strong></span> <span class='ocrx_word' id='word_1_192' title='bbox 272 2535 340 2600; x_wconf 89' lang='lat' dir='ltr'><strong><em>post</em></strong></span> <span class='ocrx_word' id='word_1_193' title='bbox 353 2529 537 2601; x_wconf 73' lang='lat' dir='ltr'><strong><em>festivitatem</em></strong></span> <span class='ocrx_word' id='word_1_194' title='bbox 559 2528 709 2602; x_wconf 86' lang='lat' dir='ltr'><strong><em>paschalem</em></strong></span> <span class='ocrx_word' id='word_1_195' title='bbox 725 2530 786 2584; x_wconf 86' lang='lat' dir='ltr'><strong><em>anni</em></strong></span> <span class='ocrx_word' id='word_1_196' title='bbox 802 2528 860 2586; x_wconf 87' lang='lat'><strong><em>501</em></strong></span> <span class='ocrx_word' id='word_1_197' title='bbox 879 2528 984 2602; x_wconf 88' lang='lat' dir='ltr'><strong><em>synodo</em></strong></span> <span class='ocrx_word' id='word_1_198' title='bbox 1005 2531 1141 2603; x_wconf 88' lang='lat' dir='ltr'><strong><em>episcopis</em></strong></span> <span class='ocrx_word' id='word_1_199' title='bbox 1158 2528 1212 2599; x_wconf 89' lang='lat' dir='ltr'><strong><em>jam</em></strong></span> <span class='ocrx_word' id='word_1_200' title='bbox 1232 2545 1332 2602; x_wconf 93' lang='lat' dir='ltr'><strong><em>propo·</em></strong></span> 
     </span>
     <span class='ocr_line' id='line_1_25' title="bbox 51 2611 1331 2689; baseline -0.002 -19"><span class='ocrx_word' id='word_1_201' title='bbox 51 2621 144 2670; x_wconf 88' lang='lat' dir='ltr'><strong><em>neret</em></strong></span> <span class='ocrx_word' id='word_1_202' title='bbox 159 2611 270 2685; x_wconf 88' lang='lat' dir='ltr'><strong><em>(Symm.</em></strong></span> <span class='ocrx_word' id='word_1_203' title='bbox 288 2612 394 2686; x_wconf 72' lang='lat' dir='ltr'><strong><em>episto</em></strong></span> <span class='ocrx_word' id='word_1_204' title='bbox 411 2631 437 2669; x_wconf 90' lang='lat' dir='ltr'><strong><em>n.</em></strong></span> <span class='ocrx_word' id='word_1_205' title='bbox 447 2612 491 2686; x_wconf 68' lang='lat'><strong><em>2),⁴</em></strong></span> <span class='ocrx_word' id='word_1_206' title='bbox 503 2614 606 2669; x_wconf 90' lang='lat' dir='ltr'><strong><em>litteras</em></strong></span> <span class='ocrx_word' id='word_1_207' title='bbox 621 2613 679 2668; x_wconf 90' lang='lat' dir='ltr'><strong><em>illas</em></strong></span> <span class='ocrx_word' id='word_1_208' title='bbox 695 2615 763 2671; x_wconf 88' lang='lat' dir='ltr'><strong><em>circa</em></strong></span> <span class='ocrx_word' id='word_1_209' title='bbox 776 2615 850 2670; x_wconf 89' lang='lat' dir='ltr'><strong><em>initia</em></strong></span> <span class='ocrx_word' id='word_1_210' title='bbox 863 2615 926 2671; x_wconf 90' lang='lat' dir='ltr'><strong><em>anni</em></strong></span> <span class='ocrx_word' id='word_1_211' title='bbox 935 2614 993 2672; x_wconf 84' lang='lat'><strong><em>501</em></strong></span> <span class='ocrx_word' id='word_1_212' title='bbox 1008 2617 1121 2689; x_wconf 88' lang='lat' dir='ltr'><strong><em>scriptas</em></strong></span> <span class='ocrx_word' id='word_1_213' title='bbox 1137 2630 1197 2670; x_wconf 90' lang='lat' dir='ltr'><strong><em>esse</em></strong></span> <span class='ocrx_word' id='word_1_214' title='bbox 1213 2622 1331 2687; x_wconf 90' lang='lat' dir='ltr'><strong><em>apparet.</em></strong></span> 
     </span>
    </p>
   </div>
   <div class='ocr_carea' id='block_1_8' title="bbox 683 2741 724 2806">
    <p class='ocr_par' dir='ltr' id='par_1_8' title="bbox 683 2741 724 2806">
     <span class='ocr_line' id='line_1_26' title="bbox 683 2741 724 2806; baseline 0 0"><span class='ocrx_word' id='word_1_215' title='bbox 683 2741 724 2806; x_wconf 91' lang='lat' dir='ltr'><strong><em>V.</em></strong></span> 
     </span>
    </p>
   </div>
   <div class='ocr_carea' id='block_1_9' title="bbox 47 2850 1332 3008">
    <p class='ocr_par' dir='ltr' id='par_1_9' title="bbox 47 2850 1332 3008">
     <span class='ocr_line' id='line_1_27' title="bbox 47 2850 1332 2925; baseline -0.002 -16"><span class='ocrx_word' id='word_1_216' title='bbox 47 2869 144 2909; x_wconf 86' lang='lat' dir='ltr'><strong><em>anno</em></strong></span> <span class='ocrx_word' id='word_1_217' title='bbox 161 2850 220 2907; x_wconf 87' lang='grc'><strong><em>501</em></strong></span> <span class='ocrx_word' id='word_1_218' title='bbox 238 2854 310 2908; x_wconf 89' lang='lat' dir='ltr'><strong><em>circ.</em></strong></span> <span class='ocrx_word' id='word_1_219' title='bbox 326 2854 387 2907; x_wconf 86' lang='lat' dir='ltr'><strong><em>init.</em></strong></span> <span class='ocrx_word' id='word_1_220' title='bbox 417 2853 493 2909; x_wconf 80' lang='lat' dir='ltr'><strong><em>Auiti</em></strong></span> <span class='ocrx_word' id='word_1_221' title='bbox 512 2852 680 2908; x_wconf 87' lang='lat' dir='ltr'><strong><em>Viennensis</em></strong></span> <span class='ocrx_word' id='word_1_222' title='bbox 695 2856 824 2924; x_wconf 89' lang='lat' dir='ltr'><strong><em>episcopi</em></strong></span> <span class='ocrx_word' id='word_1_223' title='bbox 838 2853 877 2908; x_wconf 91' lang='lat' dir='ltr'><strong><em>ad</em></strong></span> <span class='ocrx_word' id='word_1_224' title='bbox 891 2851 1090 2925; x_wconf 80' lang='lat' dir='ltr'><strong><em>Symmachum</em></strong></span> <span class='ocrx_word' id='word_1_225' title='bbox 1104 2869 1214 2924; x_wconf 88' lang='lat' dir='ltr'><strong><em>papam</em></strong></span> <span class='ocrx_word' id='word_1_226' title='bbox 1229 2859 1332 2907; x_wconf 89' lang='lat' dir='ltr'><strong><em>contra</em></strong></span> 
     </span>
     <span class='ocr_line' id='line_1_28' title="bbox 218 2938 769 3008; baseline 0 -17"><span class='ocrx_word' id='word_1_227' title='bbox 218 2938 292 2993; x_wconf 88' lang='lat' dir='ltr'><strong><em>sedis</em></strong></span> <span class='ocrx_word' id='word_1_228' title='bbox 307 2952 378 2993; x_wconf 89' lang='lat' dir='ltr'><strong><em>suae</em></strong></span> <span class='ocrx_word' id='word_1_229' title='bbox 392 2938 609 2993; x_wconf 83' lang='lat' dir='ltr'><strong><em>deminutionem</em></strong></span> <span class='ocrx_word' id='word_1_230' title='bbox 626 2940 769 3008; x_wconf 77' lang='lat' dir='ltr'><strong><em>exceptio.</em></strong></span> 
     </span>
    </p>
   </div>
   <div class='ocr_carea' id='block_1_10' title="bbox 36 3037 1334 3619">
    <p class='ocr_par' dir='ltr' id='par_1_10' title="bbox 36 3037 1334 3619">
     <span class='ocr_line' id='line_1_29' title="bbox 151 3037 1332 3112; baseline 0.001 -21"><span class='ocrx_word' id='word_1_231' title='bbox 151 3039 229 3094; x_wconf 87' lang='lat' dir='ltr'><strong><em>Anno</em></strong></span> <span class='ocrx_word' id='word_1_232' title='bbox 244 3038 303 3095; x_wconf 93' lang='grc'><strong>501</strong></span> <span class='ocrx_word' id='word_1_233' title='bbox 326 3055 349 3093; x_wconf 92' lang='lat' dir='ltr'><strong><em>a.</em></strong></span> <span class='ocrx_word' id='word_1_234' title='bbox 367 3039 393 3094; x_wconf 90' lang='lat' dir='ltr'><strong><em>d.</em></strong></span> <span class='ocrx_word' id='word_1_235' title='bbox 409 3038 442 3092; x_wconf 90' lang='grc'><strong><em>111</em></strong></span> <span class='ocrx_word' id='word_1_236' title='bbox 463 3037 525 3093; x_wconf 91' lang='lat' dir='ltr'><strong><em>idus</em></strong></span> <span class='ocrx_word' id='word_1_237' title='bbox 542 3037 671 3093; x_wconf 85' lang='lat' dir='ltr'><strong><em>Octobres</em></strong></span> <span class='ocrx_word' id='word_1_238' title='bbox 693 3038 866 3112; x_wconf 86' lang='lat' dir='ltr'><strong><em>Symmachus</em></strong></span> <span class='ocrx_word' id='word_1_239' title='bbox 887 3055 954 3112; x_wconf 91' lang='lat' dir='ltr'><strong><em>papa</em></strong></span> <span class='ocrx_word' id='word_1_240' title='bbox 981 3038 1012 3093; x_wconf 91' lang='lat' dir='ltr'><strong><em>ad</em></strong></span> <span class='ocrx_word' id='word_1_241' title='bbox 1034 3040 1140 3095; x_wconf 87' lang='lat' dir='ltr'><strong><em>hvitum</em></strong></span> <span class='ocrx_word' id='word_1_242' title='bbox 1155 3038 1332 3093; x_wconf 86' lang='lat' dir='ltr'><strong><em>Viennensem</em></strong></span> 
     </span>
     <span class='ocr_line' id='line_1_30' title="bbox 47 3122 1333 3197; baseline -0.005 -14"><span class='ocrx_word' id='word_1_243' title='bbox 47 3128 114 3182; x_wconf 87' lang='lat' dir='ltr'><strong><em>hoc</em></strong></span> <span class='ocrx_word' id='word_1_244' title='bbox 133 3123 216 3178; x_wconf 94' lang='lat' dir='ltr'><strong><em>modo</em></strong></span> <span class='ocrx_word' id='word_1_245' title='bbox 231 3125 352 3196; x_wconf 86' lang='lat' dir='ltr'><strong><em>scripsit:</em></strong></span> <span class='ocrx_word' id='word_1_246' title='bbox 374 3124 438 3179; x_wconf 83' lang='lat' dir='ltr'><strong><em>Nou</em></strong></span> <span class='ocrx_word' id='word_1_247' title='bbox 454 3125 550 3179; x_wconf 87' lang='lat' dir='ltr'><strong><em>debuit</em></strong></span> <span class='ocrx_word' id='word_1_248' title='bbox 565 3126 715 3179; x_wconf 82' lang='grc'><strong>1111111111</strong></span> <span class='ocrx_word' id='word_1_249' title='bbox 736 3130 813 3179; x_wconf 89' lang='lat' dir='ltr'><strong><em>tuam</em></strong></span> <span class='ocrx_word' id='word_1_250' title='bbox 829 3124 992 3195; x_wconf 80' lang='lat' dir='ltr'><strong><em>offendere,</em></strong></span> <span class='ocrx_word' id='word_1_251' title='bbox 1017 3125 1095 3197; x_wconf 88' lang='lat' dir='ltr'><strong><em>quod</em></strong></span> <span class='ocrx_word' id='word_1_252' title='bbox 1113 3124 1153 3178; x_wconf 89' lang='lat' dir='ltr'><strong><em>ad</em></strong></span> <span class='ocrx_word' id='word_1_253' title='bbox 1162 3122 1290 3194; x_wconf 81' lang='lat' dir='ltr'><strong><em>fratrem</em></strong></span> <span class='ocrx_word' id='word_1_254' title='bbox 1306 3130 1333 3178; x_wconf 90' lang='lat' dir='ltr'><strong><em>et</em></strong></span> 
     </span>
     <span class='ocr_line' id='line_1_31' title="bbox 45 3209 1331 3281; baseline -0.005 -12"><span class='ocrx_word' id='word_1_255' title='bbox 45 3212 268 3281; x_wconf 82' lang='lat' dir='ltr'><strong><em>coepiscopum</em></strong></span> <span class='ocrx_word' id='word_1_256' title='bbox 283 3215 411 3265; x_wconf 89' lang='lat' dir='ltr'><strong><em>nostrum</em></strong></span> <span class='ocrx_word' id='word_1_257' title='bbox 426 3210 563 3264; x_wconf 84' lang='lat' dir='ltr'><strong><em>Aeonium</em></strong></span> <span class='ocrx_word' id='word_1_258' title='bbox 584 3224 679 3280; x_wconf 89' lang='lat' dir='ltr'><strong><em>nuper</em></strong></span> <span class='ocrx_word' id='word_1_259' title='bbox 694 3212 906 3280; x_wconf 87' lang='lat' dir='ltr'><strong><em>rescripsimus.</em></strong></span> <span class='ocrx_word' id='word_1_260' title='bbox 939 3209 1003 3265; x_wconf 87' lang='lat' dir='ltr'><strong><em>Non</em></strong></span> <span class='ocrx_word' id='word_1_261' title='bbox 1019 3213 1091 3264; x_wconf 89' lang='lat' dir='ltr'><strong><em>euim</em></strong></span> <span class='ocrx_word' id='word_1_262' title='bbox 1100 3211 1169 3281; x_wconf 86' lang='lat' dir='ltr'><strong><em>juri</em></strong></span> <span class='ocrx_word' id='word_1_263' title='bbox 1183 3215 1231 3263; x_wconf 89' lang='lat' dir='ltr'><strong><em>tuo</em></strong></span> <span class='ocrx_word' id='word_1_264' title='bbox 1242 3222 1331 3279; x_wconf 89' lang='lat' dir='ltr'><strong><em>prae·</em></strong></span> 
     </span>
     <span class='ocr_line' id='line_1_32' title="bbox 36 3291 1333 3374; baseline -0.005 -22"><span class='ocrx_word' id='word_1_265' title='bbox 36 3297 228 3374; x_wconf 79' lang='lat' dir='ltr'><strong><em>judicatum</em></strong></span> <span class='ocrx_word' id='word_1_266' title='bbox 240 3293 300 3365; x_wconf 81' lang='lat' dir='ltr'><strong><em>suit</em></strong></span> <span class='ocrx_word' id='word_1_267' title='bbox 315 3302 365 3354; x_wconf 79' lang='lat' dir='ltr'><strong><em>etc.</em></strong></span> <span class='ocrx_word' id='word_1_268' title='bbox 387 3293 498 3366; x_wconf 91' lang='lat' dir='ltr'><strong><em>(Symm.</em></strong></span> <span class='ocrx_word' id='word_1_269' title='bbox 515 3295 595 3366; x_wconf 89' lang='lat' dir='ltr'><strong><em>epist.</em></strong></span> <span class='ocrx_word' id='word_1_270' title='bbox 609 3292 648 3365; x_wconf 90' lang='grc'><strong><em>5).</em></strong></span> <span class='ocrx_word' id='word_1_271' title='bbox 694 3292 768 3348; x_wconf 90' lang='lat' dir='ltr'><strong><em>Unde</em></strong></span> <span class='ocrx_word' id='word_1_272' title='bbox 788 3294 882 3348; x_wconf 80' lang='lat' dir='ltr'><strong><em>Avitus</em></strong></span> <span class='ocrx_word' id='word_1_273' title='bbox 902 3295 1050 3366; x_wconf 84' lang='lat' dir='ltr'><strong><em>generatim</em></strong></span> <span class='ocrx_word' id='word_1_274' title='bbox 1072 3295 1172 3348; x_wconf 90' lang='lat' dir='ltr'><strong><em>certior</em></strong></span> <span class='ocrx_word' id='word_1_275' title='bbox 1193 3292 1277 3348; x_wconf 87' lang='lat' dir='ltr'><strong><em>iactus</em></strong></span> <span class='ocrx_word' id='word_1_276' title='bbox 1299 3291 1333 3346; x_wconf 91' lang='lat' dir='ltr'><strong><em>de</em></strong></span> 
     </span>
     <span class='ocr_line' id='line_1_33' title="bbox 45 3376 1332 3458; baseline -0.003 -24"><span class='ocrx_word' id='word_1_277' title='bbox 45 3395 149 3458; x_wconf 82' lang='lat' dir='ltr'><strong><em>papae</em></strong></span> <span class='ocrx_word' id='word_1_278' title='bbox 171 3377 285 3451; x_wconf 90' lang='lat' dir='ltr'><strong><em>epistola</em></strong></span> <span class='ocrx_word' id='word_1_279' title='bbox 308 3377 340 3432; x_wconf 91' lang='lat' dir='ltr'><strong><em>ad</em></strong></span> <span class='ocrx_word' id='word_1_280' title='bbox 361 3380 493 3434; x_wconf 79' lang='lat' dir='ltr'><strong><em>theunium</em></strong></span> <span class='ocrx_word' id='word_1_281' title='bbox 516 3379 616 3434; x_wconf 88' lang='lat' dir='ltr'><strong><em>directa</em></strong></span> <span class='ocrx_word' id='word_1_282' title='bbox 637 3378 748 3451; x_wconf 83' lang='lat' dir='ltr'><strong><em>(Symm.</em></strong></span> <span class='ocrx_word' id='word_1_283' title='bbox 771 3379 849 3451; x_wconf 88' lang='lat' dir='ltr'><strong><em>epist.</em></strong></span> <span class='ocrx_word' id='word_1_284' title='bbox 867 3376 910 3448; x_wconf 83' lang='lat'><strong><em>3),</em></strong></span> <span class='ocrx_word' id='word_1_285' title='bbox 939 3394 1007 3451; x_wconf 89' lang='lat' dir='ltr'><strong><em>qnae</em></strong></span> <span class='ocrx_word' id='word_1_286' title='bbox 1027 3379 1157 3434; x_wconf 87' lang='lat' dir='ltr'><strong><em>Anastasii</em></strong></span> <span class='ocrx_word' id='word_1_287' title='bbox 1184 3378 1332 3432; x_wconf 87' lang='lat' dir='ltr'><strong><em>decessoris</em></strong></span> 
     </span>
     <span class='ocr_line' id='line_1_34' title="bbox 45 3462 1334 3537; baseline -0.006 -14"><span class='ocrx_word' id='word_1_288' title='bbox 45 3478 225 3523; x_wconf 78' lang='lat' dir='ltr'><strong><em>concessum</em></strong></span> <span class='ocrx_word' id='word_1_289' title='bbox 246 3462 416 3537; x_wconf 80' lang='lat' dir='ltr'><strong><em>privilegium</em></strong></span> <span class='ocrx_word' id='word_1_290' title='bbox 438 3465 465 3519; x_wconf 92' lang='lat' dir='ltr'><strong><em>in</em></strong></span> <span class='ocrx_word' id='word_1_291' title='bbox 481 3465 666 3536; x_wconf 88' lang='lat' dir='ltr'><strong><em>quaestionem</em></strong></span> <span class='ocrx_word' id='word_1_292' title='bbox 681 3480 776 3519; x_wconf 86' lang='lat' dir='ltr'><strong><em>vocare</em></strong></span> <span class='ocrx_word' id='word_1_293' title='bbox 792 3463 943 3524; x_wconf 88' lang='lat' dir='ltr'><strong><em>videretur,</em></strong></span> <span class='ocrx_word' id='word_1_294' title='bbox 973 3463 1043 3537; x_wconf 92' lang='lat' dir='ltr'><strong><em>apnd</em></strong></span> <span class='ocrx_word' id='word_1_295' title='bbox 1064 3463 1139 3519; x_wconf 89' lang='lat' dir='ltr'><strong><em>ilium</em></strong></span> <span class='ocrx_word' id='word_1_296' title='bbox 1160 3470 1254 3519; x_wconf 88' lang='lat' dir='ltr'><strong><em>contra</em></strong></span> <span class='ocrx_word' id='word_1_297' title='bbox 1276 3479 1334 3516; x_wconf 91' lang='lat' dir='ltr'><strong><em>mo·</em></strong></span> 
     </span>
     <span class='ocr_line' id='line_1_35' title="bbox 48 3541 790 3619; baseline -0.007 -11"><span class='ocrx_word' id='word_1_298' title='bbox 48 3541 161 3609; x_wconf 79' lang='lat' dir='ltr'><strong><em>unisse</em></strong></span> <span class='ocrx_word' id='word_1_299' title='bbox 176 3547 290 3610; x_wconf 85' lang='lat' dir='ltr'><strong><em>videtur,</em></strong></span> <span class='ocrx_word' id='word_1_300' title='bbox 306 3565 341 3603; x_wconf 92' lang='lat' dir='ltr'><strong><em>ne</em></strong></span> <span class='ocrx_word' id='word_1_301' title='bbox 356 3547 426 3604; x_wconf 92' lang='lat' dir='ltr'><strong><em>sedis</em></strong></span> <span class='ocrx_word' id='word_1_302' title='bbox 442 3565 506 3604; x_wconf 90' lang='lat' dir='ltr'><strong><em>snae</em></strong></span> <span class='ocrx_word' id='word_1_303' title='bbox 518 3548 580 3619; x_wconf 87' lang='lat' dir='ltr'><strong><em>jura</em></strong></span> <span class='ocrx_word' id='word_1_304' title='bbox 595 3550 790 3604; x_wconf 87' lang='lat' dir='ltr'><strong><em>minuerentur.</em></strong></span> 
     </span>
    </p>
   </div>
   <div class='ocr_carea' id='block_1_11' title="bbox 668 3675 726 3741">
    <p class='ocr_par' dir='ltr' id='par_1_11' title="bbox 668 3675 726 3741">
     <span class='ocr_line' id='line_1_36' title="bbox 668 3675 726 3741; baseline 0 0"><span class='ocrx_word' id='word_1_305' title='bbox 668 3675 726 3741; x_wconf 87' lang='lat' dir='ltr'><strong><em>VI.</em></strong></span> 
     </span>
    </p>
   </div>
   <div class='ocr_carea' id='block_1_12' title="bbox 50 3785 1335 3945">
    <p class='ocr_par' dir='ltr' id='par_1_12' title="bbox 50 3785 1335 3945">
     <span class='ocr_line' id='line_1_37' title="bbox 50 3785 1335 3859; baseline -0.006 -10"><span class='ocrx_word' id='word_1_306' title='bbox 50 3804 144 3848; x_wconf 83' lang='lat' dir='ltr'><strong><em>anno</em></strong></span> <span class='ocrx_word' id='word_1_307' title='bbox 161 3785 231 3844; x_wconf 77' lang='lat'><strong><em>502.</em></strong></span> <span class='ocrx_word' id='word_1_308' title='bbox 263 3787 388 3843; x_wconf 83' lang='lat' dir='ltr'><strong><em>Libellus</em></strong></span> <span class='ocrx_word' id='word_1_309' title='bbox 402 3788 650 3843; x_wconf 88' lang='lat' dir='ltr'><strong><em>schismaticorum</em></strong></span> <span class='ocrx_word' id='word_1_310' title='bbox 665 3790 807 3843; x_wconf 88' lang='lat' dir='ltr'><strong><em>aduersus</em></strong></span> <span class='ocrx_word' id='word_1_311' title='bbox 821 3789 959 3859; x_wconf 82' lang='lat' dir='ltr'><strong><em>synodum</em></strong></span> <span class='ocrx_word' id='word_1_312' title='bbox 973 3787 1147 3857; x_wconf 86' lang='lat' dir='ltr'><strong><em>Palmarem,</em></strong></span> <span class='ocrx_word' id='word_1_313' title='bbox 1171 3787 1223 3843; x_wconf 91' lang='lat' dir='ltr'><strong><em>sub</em></strong></span> <span class='ocrx_word' id='word_1_314' title='bbox 1239 3788 1335 3842; x_wconf 82' lang='lat' dir='ltr'><strong><em>titulo.-</em></strong></span> 
     </span>
     <span class='ocr_line' id='line_1_38' title="bbox 219 3873 1122 3945; baseline 0.002 -19"><span class='ocrx_word' id='word_1_315' title='bbox 219 3873 400 3929; x_wconf 87' lang='lat' dir='ltr'><strong><em>aduersus</em></strong></span> <span class='ocrx_word' id='word_1_316' title='bbox 421 3874 593 3945; x_wconf 88' lang='lat' dir='ltr'><strong><em>synodum</em></strong></span> <span class='ocrx_word' id='word_1_317' title='bbox 615 3873 864 3929; x_wconf 84' lang='lat' dir='ltr'><strong><em>absolutionis</em></strong></span> <span class='ocrx_word' id='word_1_318' title='bbox 886 3875 1122 3945; x_wconf 85' lang='lat' dir='ltr'><strong><em>inconyruae.</em></strong></span> 
     </span>
    </p>
   </div>
   <div class='ocr_carea' id='block_1_13' title="bbox 51 3971 1336 4984">
    <p class='ocr_par' dir='ltr' id='par_1_13' title="bbox 51 3971 1336 4472">
     <span class='ocr_line' id='line_1_39' title="bbox 154 3971 1335 4047; baseline -0.003 -18"><span class='ocrx_word' id='word_1_319' title='bbox 154 3975 183 4029; x_wconf 92' lang='grc'><strong><em>1.</em></strong></span> <span class='ocrx_word' id='word_1_320' title='bbox 213 3972 300 4040; x_wconf 80' lang='lat' dir='ltr'><strong><em>Quum</em></strong></span> <span class='ocrx_word' id='word_1_321' title='bbox 321 3973 442 4047; x_wconf 87' lang='lat' dir='ltr'><strong><em>synodus</em></strong></span> <span class='ocrx_word' id='word_1_322' title='bbox 459 3974 586 4030; x_wconf 88' lang='lat' dir='ltr'><strong><em>Palmaris</em></strong></span> <span class='ocrx_word' id='word_1_323' title='bbox 607 3973 796 4047; x_wconf 90' lang='lat' dir='ltr'><strong><em>Symmachum</em></strong></span> <span class='ocrx_word' id='word_1_324' title='bbox 817 3971 849 4027; x_wconf 85' lang='lat' dir='ltr'><strong><em>ab</em></strong></span> <span class='ocrx_word' id='word_1_325' title='bbox 869 3973 950 4028; x_wconf 90' lang='lat' dir='ltr'><strong><em>illatis</em></strong></span> <span class='ocrx_word' id='word_1_326' title='bbox 972 3972 1201 4029; x_wconf 89' lang='lat' dir='ltr'><strong><em>criminationibus</em></strong></span> <span class='ocrx_word' id='word_1_327' title='bbox 1221 3989 1335 4047; x_wconf 91' lang='lat' dir='ltr'><strong><em>prorsus</em></strong></span> 
     </span>
     <span class='ocr_line' id='line_1_40' title="bbox 51 4057 1336 4133; baseline -0.005 -14"><span class='ocrx_word' id='word_1_328' title='bbox 51 4064 211 4120; x_wconf 87' lang='lat' dir='ltr'><strong><em>immunem</em></strong></span> <span class='ocrx_word' id='word_1_329' title='bbox 227 4067 254 4114; x_wconf 88' lang='lat' dir='ltr'><strong><em>et</em></strong></span> <span class='ocrx_word' id='word_1_330' title='bbox 270 4076 353 4114; x_wconf 88' lang='lat' dir='ltr'><strong><em>nuum</em></strong></span> <span class='ocrx_word' id='word_1_331' title='bbox 368 4058 518 4133; x_wconf 76' lang='lat' dir='ltr'><strong><em>legitimum</em></strong></span> <span class='ocrx_word' id='word_1_332' title='bbox 534 4058 688 4133; x_wconf 81' lang='lat' dir='ltr'><strong><em>pontificem</em></strong></span> <span class='ocrx_word' id='word_1_333' title='bbox 704 4058 875 4120; x_wconf 89' lang='lat' dir='ltr'><strong><em>declarasset,</em></strong></span> <span class='ocrx_word' id='word_1_334' title='bbox 897 4057 1039 4113; x_wconf 87' lang='lat' dir='ltr'><strong><em>adversarii</em></strong></span> <span class='ocrx_word' id='word_1_335' title='bbox 1061 4058 1179 4114; x_wconf 86' lang='lat' dir='ltr'><strong><em>libellum</em></strong></span> <span class='ocrx_word' id='word_1_336' title='bbox 1195 4061 1336 4115; x_wconf 88' lang='lat' dir='ltr'><strong><em>aduersus</em></strong></span> 
     </span>
     <span class='ocr_line' id='line_1_41' title="bbox 51 4141 1335 4221; baseline -0.002 -20"><span class='ocrx_word' id='word_1_337' title='bbox 51 4146 205 4221; x_wconf 78' lang='lat' dir='ltr'><strong><em>synodum</em></strong></span> <span class='ocrx_word' id='word_1_338' title='bbox 219 4146 405 4201; x_wconf 86' lang='lat' dir='ltr'><strong><em>absolutionis</em></strong></span> <span class='ocrx_word' id='word_1_339' title='bbox 420 4148 598 4219; x_wconf 88' lang='lat' dir='ltr'><strong><em>inconyruae</em></strong></span> <span class='ocrx_word' id='word_1_340' title='bbox 614 4143 768 4218; x_wconf 80' lang='lat' dir='ltr'><strong><em>vulgarunt.</em></strong></span> <span class='ocrx_word' id='word_1_341' title='bbox 783 4143 784 4146; x_wconf 71' lang='grc'>’</span> <span class='ocrx_word' id='word_1_342' title='bbox 799 4141 883 4210; x_wconf 80' lang='lat' dir='ltr'><strong><em>Quem</em></strong></span> <span class='ocrx_word' id='word_1_343' title='bbox 896 4141 1033 4199; x_wconf 87' lang='lat' dir='ltr'><strong><em>Ennodins</em></strong></span> <span class='ocrx_word' id='word_1_344' title='bbox 1050 4152 1115 4200; x_wconf 92' lang='lat' dir='ltr'><strong><em>tunc</em></strong></span> <span class='ocrx_word' id='word_1_345' title='bbox 1130 4142 1335 4199; x_wconf 86' lang='lat' dir='ltr'><strong><em>diaconns&#39;iici·</em></strong></span> 
     </span>
     <span class='ocr_line' id='line_1_42' title="bbox 52 4227 1336 4302; baseline -0.006 -13"><span class='ocrx_word' id='word_1_346' title='bbox 52 4231 167 4290; x_wconf 80' lang='lat' dir='ltr'><strong><em>nensis,</em></strong></span> <span class='ocrx_word' id='word_1_347' title='bbox 182 4230 223 4284; x_wconf 89' lang='lat' dir='ltr'><strong><em>vir</em></strong></span> <span class='ocrx_word' id='word_1_348' title='bbox 236 4231 306 4284; x_wconf 84' lang='lat' dir='ltr'><strong><em>uitae</em></strong></span> <span class='ocrx_word' id='word_1_349' title='bbox 320 4231 476 4301; x_wconf 85' lang='lat' dir='ltr'><strong><em>integritate</em></strong></span> <span class='ocrx_word' id='word_1_350' title='bbox 491 4247 547 4285; x_wconf 89' lang='lat' dir='ltr'><strong><em>non</em></strong></span> <span class='ocrx_word' id='word_1_351' title='bbox 563 4231 650 4284; x_wconf 88' lang='lat' dir='ltr'><strong><em>minus</em></strong></span> <span class='ocrx_word' id='word_1_352' title='bbox 667 4245 747 4302; x_wconf 91' lang='lat' dir='ltr'><strong><em>quam</em></strong></span> <span class='ocrx_word' id='word_1_353' title='bbox 762 4228 932 4301; x_wconf 87' lang='lat' dir='ltr'><strong><em>eloquentiae</em></strong></span> <span class='ocrx_word' id='word_1_354' title='bbox 948 4227 1025 4284; x_wconf 89' lang='lat' dir='ltr'><strong><em>lande</em></strong></span> <span class='ocrx_word' id='word_1_355' title='bbox 1041 4230 1202 4302; x_wconf 90' lang='lat' dir='ltr'><strong><em>conspicuus</em></strong></span> <span class='ocrx_word' id='word_1_356' title='bbox 1219 4236 1246 4282; x_wconf 93' lang='lat' dir='ltr'><strong><em>et</em></strong></span> <span class='ocrx_word' id='word_1_357' title='bbox 1260 4228 1336 4300; x_wconf 88' lang='lat' dir='ltr'><strong><em>Sym·</em></strong></span> 
     </span>
     <span class='ocr_line' id='line_1_43' title="bbox 54 4312 1336 4387; baseline -0.005 -14"><span class='ocrx_word' id='word_1_358' title='bbox 54 4314 162 4374; x_wconf 88' lang='lat' dir='ltr'><strong><em>macho</em></strong></span> <span class='ocrx_word' id='word_1_359' title='bbox 177 4314 205 4369; x_wconf 92' lang='lat' dir='ltr'><strong><em>in</em></strong></span> <span class='ocrx_word' id='word_1_360' title='bbox 220 4316 312 4387; x_wconf 86' lang='lat' dir='ltr'><strong><em>primis</em></strong></span> <span class='ocrx_word' id='word_1_361' title='bbox 336 4331 421 4376; x_wconf 87' lang='lat' dir='ltr'><strong><em>carus,</em></strong></span> <span class='ocrx_word' id='word_1_362' title='bbox 447 4317 542 4372; x_wconf 90' lang='lat' dir='ltr'><strong><em>libello</em></strong></span> <span class='ocrx_word' id='word_1_363' title='bbox 564 4317 742 4387; x_wconf 89' lang='lat' dir='ltr'><strong><em>apoloyelico</em></strong></span> <span class='ocrx_word' id='word_1_364' title='bbox 763 4314 911 4368; x_wconf 91' lang='lat' dir='ltr'><strong><em>minutatim</em></strong></span> <span class='ocrx_word' id='word_1_365' title='bbox 928 4312 1113 4387; x_wconf 76' lang='lat' dir='ltr'><strong><em>gradatimque</em></strong></span> <span class='ocrx_word' id='word_1_366' title='bbox 1128 4312 1278 4368; x_wconf 90' lang='lat' dir='ltr'><strong><em>insistendo</em></strong></span> <span class='ocrx_word' id='word_1_367' title='bbox 1293 4329 1336 4367; x_wconf 90' lang='lat' dir='ltr'><strong><em>re·</em></strong></span> 
     </span>
     <span class='ocr_line' id='line_1_44' title="bbox 56 4397 1047 4472; baseline -0.004 -14"><span class='ocrx_word' id='word_1_368' title='bbox 56 4401 171 4460; x_wconf 73' lang='lat' dir='ltr'><strong><em>tutavit,</em></strong></span> <span class='ocrx_word' id='word_1_369' title='bbox 187 4399 259 4455; x_wconf 82' lang='grc'><strong>1111111</strong></span> <span class='ocrx_word' id='word_1_370' title='bbox 275 4398 395 4469; x_wconf 89' lang='lat' dir='ltr'><strong><em>ejusdem</em></strong></span> <span class='ocrx_word' id='word_1_371' title='bbox 409 4401 639 4457; x_wconf 82' lang='lat' dir='ltr'><strong><em>incriminationes</em></strong></span> <span class='ocrx_word' id='word_1_372' title='bbox 654 4400 720 4454; x_wconf 89' lang='lat' dir='ltr'><strong><em>satis</em></strong></span> <span class='ocrx_word' id='word_1_373' title='bbox 735 4397 814 4471; x_wconf 90' lang='lat' dir='ltr'><strong><em>plane</em></strong></span> <span class='ocrx_word' id='word_1_374' title='bbox 830 4397 960 4472; x_wconf 81' lang='lat' dir='ltr'><strong><em>colligere</em></strong></span> <span class='ocrx_word' id='word_1_375' title='bbox 975 4397 1047 4454; x_wconf 88' lang='lat' dir='ltr'><strong><em>lieet.</em></strong></span> 
     </span>
    </p>

    <p class='ocr_par' dir='ltr' id='par_1_14' title="bbox 53 4471 1335 4984">
     <span class='ocr_line' id='line_1_45' title="bbox 149 4471 1335 4558; baseline 0.001 -21"><span class='ocrx_word' id='word_1_376' title='bbox 149 4471 267 4539; x_wconf 82' lang='lat' dir='ltr'><strong><em>Primum</em></strong></span> <span class='ocrx_word' id='word_1_377' title='bbox 281 4486 367 4558; x_wconf 81' lang='lat' dir='ltr'><strong><em>igitur</em></strong></span> <span class='ocrx_word' id='word_1_378' title='bbox 382 4483 577 4540; x_wconf 86' lang='lat' dir='ltr'><strong><em>obtrudebant:</em></strong></span> <span class='ocrx_word' id='word_1_379' title='bbox 600 4503 657 4541; x_wconf 90' lang='lat' dir='ltr'><strong><em>noa</em></strong></span> <span class='ocrx_word' id='word_1_380' title='bbox 674 4500 770 4540; x_wconf 89' lang='lat' dir='ltr'><strong><em>omues</em></strong></span> <span class='ocrx_word' id='word_1_381' title='bbox 785 4485 952 4540; x_wconf 89' lang='lat' dir='ltr'><strong><em>sacerdotes</em></strong></span> <span class='ocrx_word' id='word_1_382' title='bbox 967 4488 1045 4557; x_wconf 88' lang='lat' dir='ltr'><strong><em>reqis</em></strong></span> <span class='ocrx_word' id='word_1_383' title='bbox 1064 4486 1104 4540; x_wconf 91' lang='lat' dir='ltr'><strong><em>od</em></strong></span> <span class='ocrx_word' id='word_1_384' title='bbox 1118 4486 1268 4540; x_wconf 89' lang='lat' dir='ltr'><strong><em>concilium</em></strong></span> <span class='ocrx_word' id='word_1_385' title='bbox 1284 4483 1335 4538; x_wconf 90' lang='lat' dir='ltr'><strong><em>ad·</em></strong></span> 
     </span>
     <span class='ocr_line' id='line_1_46' title="bbox 55 4567 1335 4642; baseline -0.006 -12"><span class='ocrx_word' id='word_1_386' title='bbox 55 4574 147 4630; x_wconf 82' lang='lat' dir='ltr'><strong><em>sciuit</em></strong></span> <span class='ocrx_word' id='word_1_387' title='bbox 163 4573 333 4640; x_wconf 86' lang='lat' dir='ltr'><strong><em>auctoritas,</em></strong></span> <span class='ocrx_word' id='word_1_388' title='bbox 349 4587 404 4626; x_wconf 92' lang='lat' dir='ltr'><strong><em>nec</em></strong></span> <span class='ocrx_word' id='word_1_389' title='bbox 420 4586 516 4626; x_wconf 90' lang='lat' dir='ltr'><strong><em>omnes</em></strong></span> <span class='ocrx_word' id='word_1_390' title='bbox 530 4574 559 4626; x_wconf 91' lang='lat' dir='ltr'><strong><em>in</em></strong></span> <span class='ocrx_word' id='word_1_391' title='bbox 568 4573 753 4642; x_wconf 86' lang='lat' dir='ltr'><strong><em>judicatione</em></strong></span> <span class='ocrx_word' id='word_1_392' title='bbox 768 4576 922 4625; x_wconf 90' lang='lat' dir='ltr'><strong><em>senserunt</em></strong></span> <span class='ocrx_word' id='word_1_393' title='bbox 937 4568 990 4640; x_wconf 86' lang='lat' dir='ltr'><strong><em>(ed.</em></strong></span> <span class='ocrx_word' id='word_1_394' title='bbox 1007 4567 1143 4624; x_wconf 90' lang='lat' dir='ltr'><strong><em>Sirmond.</em></strong></span> <span class='ocrx_word' id='word_1_395' title='bbox 1161 4568 1246 4642; x_wconf 82' lang='lat' dir='ltr'><strong><em>Opera</em></strong></span> <span class='ocrx_word' id='word_1_396' title='bbox 1264 4569 1335 4623; x_wconf 88' lang='lat' dir='ltr'><strong><em>varia</em></strong></span> 
     </span>
     <span class='ocr_line' id='line_1_47' title="bbox 55 4653 1333 4729; baseline -0.005 -13"><span class='ocrx_word' id='word_1_397' title='bbox 55 4655 180 4728; x_wconf 78' lang='grc'><strong>1914).</strong></span> <span class='ocrx_word' id='word_1_398' title='bbox 211 4656 403 4712; x_wconf 79' lang='lat' dir='ltr'><strong><em>Adversarios</em></strong></span> <span class='ocrx_word' id='word_1_399' title='bbox 418 4657 489 4711; x_wconf 89' lang='lat' dir='ltr'><strong><em>enim</em></strong></span> <span class='ocrx_word' id='word_1_400' title='bbox 501 4672 600 4729; x_wconf 89' lang='lat' dir='ltr'><strong><em>papae</em></strong></span> <span class='ocrx_word' id='word_1_401' title='bbox 609 4657 734 4712; x_wconf 86' lang='lat' dir='ltr'><strong><em>Romani</em></strong></span> <span class='ocrx_word' id='word_1_402' title='bbox 747 4656 805 4709; x_wconf 90' lang='lat' dir='ltr'><strong><em>dici</em></strong></span> <span class='ocrx_word' id='word_1_403' title='bbox 819 4672 875 4710; x_wconf 90' lang='lat' dir='ltr'><strong><em>non</em></strong></span> <span class='ocrx_word' id='word_1_404' title='bbox 890 4655 1021 4710; x_wconf 89' lang='lat' dir='ltr'><strong><em>debuisse</em></strong></span> <span class='ocrx_word' id='word_1_405' title='bbox 1036 4653 1171 4718; x_wconf 85' lang='lat' dir='ltr'><strong><em>volebant,</em></strong></span> <span class='ocrx_word' id='word_1_406' title='bbox 1187 4658 1238 4728; x_wconf 88' lang='lat' dir='ltr'><strong><em>qui</em></strong></span> <span class='ocrx_word' id='word_1_407' title='bbox 1245 4669 1333 4726; x_wconf 88' lang='lat' dir='ltr'><strong><em>prae·</em></strong></span> 
     </span>
     <span class='ocr_line' id='line_1_48' title="bbox 54 4743 1334 4814; baseline -0.005 -13"><span class='ocrx_word' id='word_1_408' title='bbox 54 4746 171 4801; x_wconf 86' lang='lat' dir='ltr'><strong><em>dietum</em></strong></span> <span class='ocrx_word' id='word_1_409' title='bbox 189 4743 315 4814; x_wconf 88' lang='lat' dir='ltr'><strong><em>prolatis</em></strong></span> <span class='ocrx_word' id='word_1_410' title='bbox 334 4743 518 4813; x_wconf 90' lang='lat' dir='ltr'><strong><em>petitionibus</em></strong></span> <span class='ocrx_word' id='word_1_411' title='bbox 539 4743 734 4810; x_wconf 85' lang='lat' dir='ltr'><strong><em>accusabant,</em></strong></span> <span class='ocrx_word' id='word_1_412' title='bbox 757 4756 839 4812; x_wconf 88' lang='lat' dir='ltr'><strong><em>quum</em></strong></span> <span class='ocrx_word' id='word_1_413' title='bbox 863 4747 950 4795; x_wconf 88' lang='lat' dir='ltr'><strong><em>tamen</em></strong></span> <span class='ocrx_word' id='word_1_414' title='bbox 972 4756 1020 4796; x_wconf 91' lang='lat' dir='ltr'><strong><em>eos</em></strong></span> <span class='ocrx_word' id='word_1_415' title='bbox 1040 4744 1094 4796; x_wconf 88' lang='lat' dir='ltr'><strong><em>isto</em></strong></span> <span class='ocrx_word' id='word_1_416' title='bbox 1115 4744 1227 4798; x_wconf 88' lang='lat' dir='ltr'><strong><em>nomine</em></strong></span> <span class='ocrx_word' id='word_1_417' title='bbox 1245 4755 1334 4811; x_wconf 90' lang='lat' dir='ltr'><strong><em>prae-</em></strong></span> 
     </span>
     <span class='ocr_line' id='line_1_49' title="bbox 54 4817 1335 4904; baseline -0.007 -16"><span class='ocrx_word' id='word_1_418' title='bbox 54 4837 148 4904; x_wconf 82' lang='lat' dir='ltr'><strong><em>cepta</em></strong></span> <span class='ocrx_word' id='word_1_419' title='bbox 165 4817 247 4899; x_wconf 73' lang='lat' dir='ltr'><strong><em>repta</em></strong></span> <span class='ocrx_word' id='word_1_420' title='bbox 263 4845 321 4883; x_wconf 90' lang='lat' dir='ltr'><strong><em>non</em></strong></span> <span class='ocrx_word' id='word_1_421' title='bbox 338 4834 490 4884; x_wconf 85' lang='lat' dir='ltr'><strong><em>uocassent</em></strong></span> <span class='ocrx_word' id='word_1_422' title='bbox 505 4825 537 4881; x_wconf 91' lang='lat' dir='ltr'><strong><em>ad</em></strong></span> <span class='ocrx_word' id='word_1_423' title='bbox 552 4827 695 4899; x_wconf 90' lang='lat' dir='ltr'><strong><em>synodum.</em></strong></span> <span class='ocrx_word' id='word_1_424' title='bbox 739 4826 829 4881; x_wconf 85' lang='lat' dir='ltr'><strong><em>Testis</em></strong></span> <span class='ocrx_word' id='word_1_425' title='bbox 845 4831 887 4881; x_wconf 89' lang='lat' dir='ltr'><strong><em>est</em></strong></span> <span class='ocrx_word' id='word_1_426' title='bbox 902 4826 1035 4882; x_wconf 87' lang='lat' dir='ltr'><strong><em>Romana</em></strong></span> <span class='ocrx_word' id='word_1_427' title='bbox 1052 4829 1160 4896; x_wconf 89' lang='lat' dir='ltr'><strong><em>civitas,</em></strong></span> <span class='ocrx_word' id='word_1_428' title='bbox 1186 4825 1335 4899; x_wconf 87' lang='lat' dir='ltr'><strong><em>emphatice</em></strong></span> 
     </span>
     <span class='ocr_line' id='line_1_50' title="bbox 53 4911 1335 4984; baseline -0.008 -9"><span class='ocrx_word' id='word_1_429' title='bbox 53 4913 207 4975; x_wconf 85' lang='lat' dir='ltr'><strong><em>addebant.</em></strong></span> <span class='ocrx_word' id='word_1_430' title='bbox 231 4915 257 4968; x_wconf 88' lang='lat' dir='ltr'><strong><em>si</em></strong></span> <span class='ocrx_word' id='word_1_431' title='bbox 271 4930 367 4969; x_wconf 82' lang='lat' dir='ltr'><strong><em>omnes</em></strong></span> <span class='ocrx_word' id='word_1_432' title='bbox 382 4916 511 4984; x_wconf 85' lang='lat' dir='ltr'><strong><em>episcopi</em></strong></span> <span class='ocrx_word' id='word_1_433' title='bbox 524 4920 649 4968; x_wconf 80' lang='grc'><strong>11111111</strong></span> <span class='ocrx_word' id='word_1_434' title='bbox 664 4913 771 4968; x_wconf 89' lang='lat' dir='ltr'><strong><em>debiles</em></strong></span> <span class='ocrx_word' id='word_1_435' title='bbox 786 4920 989 4969; x_wconf 86' lang='lat' dir='ltr'><strong><em>conuenerunt.</em></strong></span> <span class='ocrx_word' id='word_1_436' title='bbox 1027 4911 1126 4967; x_wconf 87' lang='lat' dir='ltr'><strong><em>beinde</em></strong></span> <span class='ocrx_word' id='word_1_437' title='bbox 1148 4913 1256 4967; x_wconf 88' lang='lat' dir='ltr'><strong><em>iteratas</em></strong></span> <span class='ocrx_word' id='word_1_438' title='bbox 1271 4927 1335 4965; x_wconf 89' lang='lat' dir='ltr'><strong><em>cou-</em></strong></span> 
     </span>
    </p>
   </div>
   <div class='ocr_carea' id='block_1_14' title="bbox 0 0 1606 5506">
    <p class='ocr_par' dir='ltr' id='par_1_15' title="bbox 0 0 1606 5506">
     <span class='ocr_line' id='line_1_51' title="bbox 0 0 1606 5506; baseline 0 0"><span class='ocrx_word' id='word_1_439' title='bbox 0 0 1606 5506; x_wconf 95' lang='lat' dir='ltr'><strong><em> </em></strong></span> 
     </span>
    </p>
   </div>
  </div>
 </body>
</html>
