3204 5506
204 322 265 387 772
644 336 671 383 s.
688 334 895 384 uoamsuaa
917 333 1032 381 aaran

71 506 106 569 (a.
119 502 188 568 ala.)
287 492 316 555 3.
355 489 446 573 Rogo
469 492 585 571 autem,
610 488 736 572 plenius
758 492 853 572 atque
875 486 1059 572 perfectius,
1089 508 1172 571 quae
1193 486 1309 554 servari
1327 491 1428 572 oportet,

179 577 416 674 commonete,
446 594 479 654 et
501 591 614 675 quibus
638 591 800 654 abstinere
823 590 971 672 debeam,
1002 588 1119 653 vestris
1149 588 1327 654 custodibus
1344 588 1430 655 litteris

202 693 364 757 intimate:
396 696 431 757 ut
453 693 480 756 si
503 693 650 756 fortassis
679 692 783 757 adhuc
810 692 1041 756 inexercitatus
1069 691 1174 755 ordini
1204 691 1332 776 deputor
1353 691 1431 756 lesbo

202 817 289 877 uum,
319 817 374 859 seu
397 793 463 858 dixi
485 795 551 858 sire
574 795 626 879 egi
649 794 832 878 apostolicis
855 794 1010 858 doctrinis
1033 794 1148 857 vestris
1170 793 1378 878 incongruum,
1398 816 1434 858 re

202 897 277 961 stris
304 897 446 961 imbutus
475 896 673 960 sermonibus
707 897 826 982 possim
859 895 1093 961 haereticorum
1121 895 1277 960 obsistere
1302 894 1433 960 machinis.

202 997 273 1061 Hoc
301 998 387 1061 euim
413 998 586 1082 facientes,
616 998 827 1081 sanctissimi,
857 998 1012 1062 firmiores
1041 1002 1173 1062 nostrae
1202 1001 1329 1062 sanctae
1350 996 1434 1082 synodi

202 1099 372 1163 invenietis
395 1101 571 1184 episcopos,
596 1102 628 1164 et
650 1088 806 1165 boriorum
830 1104 960 1164 actuum
982 1100 1103 1165 clerum
1126 1122 1164 1164 ac
1186 1099 1333 1185 populum
1351 1099 1434 1163 confir·

202 1201 342 1283 mabitis,
364 1205 529 1286 tamquam
551 1202 743 1267 familiarem
765 1202 855 1267 vobis
878 1202 1048 1266 reddentes
1071 1205 1220 1266 sanctam
1234 1199 1435 1286 Nicopolitauo

202 1325 272 1366 rum
295 1301 472 1366 ecclesiam.
505 1301 732 1368 Venerabilem
755 1325 830 1367 vcro
853 1304 1022 1368 diaconum
1038 1303 1194 1369 Rufinum
1216 1303 1256 1366 ad
1276 1306 1337 1366 tam
1355 1324 1435 1366 necu-

202 1406 320 1469 sariam
344 1427 473 1468 causam
494 1405 652 1469 directum
675 1406 824 1490 pacifice,
849 1406 933 1470 sicut
954 1428 1010 1470 vos
1033 1405 1143 1490 decet,
1172 1405 1278 1490 rogati
1304 1404 1435 1488 suscipiis3

202 1511 235 1572 et
256 1507 404 1570 fiduciam
426 1506 615 1589 tribuentes
640 1508 775 1572 celerem
791 1508 858 1591 ejus
874 1529 1036 1585 recursum
1053 1508 1093 1571 ad
1108 1530 1168 1572 nos
1184 1510 1341 1593 praestare
1353 1506 1436 1590 digne

202 1608 297 1691 mini,
327 1612 510 1691 portantem
539 1609 718 1694 spiritualia
746 1613 842 1693 atque
870 1609 1046 1694 apostolica
1070 1611 1256 1674 constituta.
1300 1607 1435 1689 cancul)

202 1710 419 1793 sanctissime,
443 1732 569 1775 omnem
592 1712 626 1774 in
642 1711 769 1777 Christo
791 1712 1030 1776 fraternitatem
1046 1716 1172 1776 vestrae
1189 1709 1381 1775 beatitudinis
1392 1728 1435 1792 ego

203 1813 310 1896 etqui
333 1835 457 1876 mecum
480 1816 556 1876 sunt
578 1814 749 1896 plurimum
773 1813 950 1878 salutamus
973 1813 1008 1877 in
1030 1813 1180 1879 Domino.

703 2033 885 2137 Epistola
912 2034 967 2118 16.

59 2183 190 2303 pgpte-
244 2154 408 2269 xpu‘uu
419 2188 443 2272 1)
466 2185 634 2266 synodus
660 2192 722 2250 aa
745 2186 942 2270 sxempar
964 2186 1157 2252 relations
1178 2185 1301 2266 synon
1322 2185 1409 2269 aaa

91 2291 95 2301 '
140 2252 193 2318 Η
534 2288 669 2354 veteris
689 2287 733 2352 ad
756 2288 984 2356 Hormisdam
1006 2306 1145 2371 papam.

238 2427 316 2491 Epiri
333 2429 449 2493 episcopi
469 2429 626 2493 apostolicae
649 2429 719 2477 sedis
742 2429 842 2478 directa
866 2444 895 2477 se
916 2431 1014 2478 sectari
1029 2430 1195 2493 profitentes,
1221 2429 1354 2480 roam·
1368 2444 1382 2477 a
1395 2442 1417 2477 ss
1449 2431 1481 2495 pl

239 2512 433 2576 Nicopolitanae
455 2515 577 2563 eeclesias
600 2515 745 2578 episcopum
767 2515 909 2563 ordinatum
932 2514 964 2563 ab
987 2514 1128 2564 Hormisdae
1154 2515 1289 2564 secundm
1310 2515 1418 2580 antipam

573 2614 665 2648 morem
682 2599 780 2664 surripi
795 2604 871 2664 atque
889 2599 983 2648 instrui
999 2605 1098 2664 repunt.

354 2729 519 2794 Domino
546 2733 683 2795 nostro
706 2735 850 2796 cuncta
878 2731 1139 2796 sanctissimo
1168 2753 1212 2796 ac
1240 2730 1447 2795 beatissimo

447 2833 555 2916 patri
576 2836 749 2916 patrum,
775 2832 1447 2919 comministroacprincipiepisco'·

446 2956 582 3018 porum
608 2934 841 2999 Hormisdae
868 2936 1040 3020 synodus
1068 2937 1221 3001 veteris
1248 2935 1371 3021 Epiri,
1394 2933 1447 2999 Jo-

448 3036 616 3118 hannes,
640 3036 881 3121 Matthaeus,
907 3038 1218 3123 Constantinus,
1241 3036 1448 3104 Christodo-

447 3139 560 3223 rns2),
588 3137 786 3223 Hilarius,
815 3138 1042 3224 Philippus,
1072 3139 1263 3205 Julianus
1290 3143 1327 3204 et
1347 3137 1449 3221 Chry·

448 3262 598 3324 sippus.

289 3361 316 3422 1.
355 3358 389 3423 si
411 3359 518 3443 dignis
540 3360 744 3444 prooemiis³)
767 3361 815 3424 uti
838 3362 997 3424 teutsinus
1003 3409 1013 3443 ,
1036 3381 1166 3424 necesse
1189 3364 1239 3424 est
1259 3359 1364 3424 multis
1383 3357 1448 3421 fleti·

202 3461 261 3523 bus
290 3460 403 3524 horum
431 3461 690 3546 depromptiones
718 3462 854 3525 efficere.
910 3461 1044 3526 Plurimi
1072 3484 1213 3547 namque
1246 3483 1285 3526 ex
1315 3459 1447 3526 nobisiu

203 3563 394 3649 regnante⁴)
427 3563 516 3627 fuere
544 3563 838 3648 Constantinopoli,
876 3587 974 3648 quum
1001 3565 1099 3628 vestri
1133 3563 1325 3629 sanctissimi
1355 3559 1445 3626 vicarii

203 3663 369 3729 Ennodius
391 3668 424 3730 et
438 3664 632 3729 fortunatus
655 3666 806 3751 episcopi,
830 3664 1011 3730 Venantius
1026 3667 1205 3751 presbyter,
1229 3664 1343 3731 Vitalis
1361 3663 1445 3727 diaco

272 3870 301 3936 ¹¹)
319 3869 359 3921 Eo
378 3869 461 3923 modo
479 3869 524 3923 bic
542 3868 642 3923 dicitur
660 3881 750 3923 eastreia
766 3875 936 3931 sanctissime,
955 3886 1010 3939 quo
1028 3869 1057 3923 in
1068 3868 1249 3939 inscriptione
1262 3869 1442 3923 mensuras

201 3958 274 4014 sirau,
298 3951 446 4007 subandito
468 3953 617 4022 utrobique
639 3973 688 4022 per
710 3956 775 4007 aute
797 3965 895 4007 cunero.
937 3953 1083 4018 Quocirca,
1108 3954 1156 4024 qui
1177 3953 1248 4009 haec
1269 3952 1309 4008 ita
1329 3952 1442 4020 iuterpmr

202 4040 284 4105 gunt,
303 4043 439 4093 constituta
457 4050 555 4092 cuncta.
587 4043 761 4101 Sanctissims,
781 4039 830 4092 ant
847 4038 895 4107 qui
906 4038 947 4093 ita
959 4043 1057 4093 Cuncta
1075 4039 1129 4107 (vel
1142 4040 1287 4106 Crudum),
1304 4041 1441 4095 imitatur

202 4122 314 4176 minime
332 4124 397 4177 suut
413 4123 560 4192 probandi.

203 4213 233 4260 16
271 4209 288 4275 1)
306 4208 369 4262 Una
387 4226 449 4262 cum
467 4208 602 4279 superiori
619 4208 704 4262 missa
721 4210 774 4271 est,
795 4225 879 4275 quam
898 4208 971 4262 circa
986 4224 1109 4263 mensem
1127 4207 1321 4278 Septembrem
1334 4205 1392 4263 anui
1404 4204 1441 4257 at

200 4290 312 4346 missam
331 4310 390 4347 csse
408 4293 593 4363 probavimus.
630 4293 737 4347 Ibidem
749 4310 814 4347 mox
826 4293 859 4349 (³¹
879 4309 930 4362 per
949 4293 1078 4363 apertum
1095 4291 1204 4348 librarii
1222 4309 1342 4349 errorem
1358 4291 1441 4360 apsa

268 4379 289 4444 ²)
307 4377 326 4431 b
346 4382 554 4446 christophorus,
574 4393 694 4445 moxque
713 4395 774 4431 cum
793 4395 835 4431 cc
855 4382 968 4434 Hilarus.

269 4464 288 4527 3)
307 4462 351 4516 lta
369 4462 412 4516 G'.
449 4462 523 4515 Editi
539 4469 670 4530 praemiis.

267 4547 287 4614 ⁴)
307 4544 361 4599 Seu
378 4553 403 4599 in
421 4554 492 4614 repiu
515 4552 590 4614 urbs,
615 4564 715 4617 graece
739 4546 939 4624 βασιλευούσᾳ,
984 4547 1061 4602 Inter
1083 4548 1235 4603 catlrolicos
1257 4547 1354 4618 lllyrici
1372 4556 1441 4598 ason·

200 4627 290 4689 dotes.
310 4646 379 4698 quos
391 4630 553 4686 Anastasius
566 4634 624 4685 turn
639 4632 694 4687 suis
707 4632 881 4703 praesentari
896 4632 980 4701 jussit
991 4632 1143 4699 obtutibus,
1156 4632 1332 4688 Marcellinus
1346 4631 1373 4685 iu
1383 4628 1440 4681 chre

200 4711 268 4775 nico,
283 4716 312 4768 ct
324 4731 357 4767 ex
370 4730 402 4769 co
414 4715 588 4786 Niceplrorns
600 4718 671 4780 XVI,
691 4726 723 4772 38
736 4720 881 4772 recensent
892 4718 1073 4772 Laurentium
1084 4717 1291 4787 Lignidcnsem,
1303 4712 1451 4785 Alosum·

199 4795 437 4867 Nicopolitannm,
456 4801 594 4870 Gajauum
613 4802 801 4865 Naisitanuur,
821 4805 850 4857 ct
867 4802 1039 4871 Evangclum
1051 4801 1292 4871 l'aulitalisasem,
1308 4800 1399 4872 quibu
1407 4793 1442 4850 sd·

195 4881 290 4950 jungit
307 4883 481 4939 Marcellinus
499 4887 696 4954 Dornuioaeru,
717 4889 794 4957 errjns
813 4887 906 4941 sedem
926 4905 981 4941 nou
999 4887 1111 4943 indicat.
