3204 5506
643 362 814 412 u1>1srous
837 352 865 411 3.
1326 345 1388 412 317

28 515 239 601 quaeritis,
271 522 430 598 quando
448 520 545 596 [sert
567 521 728 583 damnatus
743 521 895 582 Aeacius?
917 514 1014 590 Quasi
1029 536 1149 598 revera,
1174 516 1301 580 etiamsi
1316 537 1388 581 eum
1400 523 1519 593 (asoa)

27 616 161 683 nullus
192 622 301 686 ante
329 619 539 703 damnasset,
562 640 630 686 non
651 619 798 684 debuerit
818 618 1013 684 orthodoxae
1035 621 1068 681 et
1090 619 1284 703 apostolicae
1305 640 1387 684 eom·

26 721 256 805 munionis,
292 720 408 807 cnjus
431 722 667 806 praevaricator
690 723 815 788 exstitit
837 723 870 784 et
892 722 1043 804 desertor,
1071 721 1318 805 participatione
1341 743 1388 786 se-

27 822 154 909 eludi3
197 824 317 890 sicut
350 825 461 889 etiam
487 823 631 909 quilibet,
665 824 720 909 qui
752 824 851 888 fuerit
878 825 954 886 ante
984 822 1175 907 catholicus,
1211 825 1387 908 cuicunque

25 926 187 993 haeresi
217 927 516 1011 communicans,
545 927 662 992 merito
680 926 845 1009 judicatur
876 929 1027 989 anostra
1050 928 1203 991 societate
1224 948 1388 991 removen-

26 1029 109 1115 dus,
142 1033 224 1095 aut
252 1030 305 1095 in
334 1028 405 1094 tali
427 1033 513 1095 sorte
535 1029 722 1111 defunctus,
752 1029 838 1093 inter
867 1027 1095 1093 catholicorum
1120 1028 1254 1093 nomina
1285 1027 1387 1093 nulla·

24 1138 143 1199 tenus
175 1133 425 1218 computari.
470 1131 626 1197 Miramur
646 1135 767 1214 tamen,
791 1131 947 1216 quomodo
969 1130 1032 1194 ista
1054 1131 1220 1214 profertis:
1243 1130 1303 1195 hoc
1319 1135 1385 1213 est,

24 1240 68 1301 ut
92 1238 138 1301 et
167 1235 385 1321 synodum
408 1233 701 1299 calchedonensem
723 1256 779 1298 vos
802 1234 963 1317 suscipere
984 1254 1042 1317 pro
1065 1233 1126 1297 fide
1147 1233 1386 1318 catholicapro·

22 1338 247 1423 fitemini,
282 1340 330 1402 et
363 1358 434 1421 eos,
463 1358 541 1422 quos
569 1337 736 1402 damant
767 1336 961 1401 sectantium
990 1336 1290 1419 communicatores,
1320 1356 1387 1399 non

22 1440 249 1527 witern)
268 1438 556 1526 generaliterque
573 1440 693 1523 putetis
704 1438 804 1504 fuisse
815 1439 994 1503 damnatos.
1019 1437 1189 1503 Ostendite
1200 1459 1287 1524 erge,
1305 1458 1387 1521 quae

22 1544 207 1631 „nodus
227 1542 280 1608 in
301 1551 511 1627 nnaquaque
524 1530 651 1606 haeresi
665 1542 779 1628 nonu)
804 1563 876 1606 cum
892 1541 1006 1606 oreris
1023 1541 1207 1605 auctoribus
1228 1558 1387 1604 successo·

23 1670 82 1715 res
100 1633 259 1714 eorum
279 1644 350 1710 his
369 1644 646 1710 communicantes
664 1643 822 1729 simulque
837 1664 947 1708 omnes
970 1643 1134 1708 damnarit
1148 1647 1182 1708 et
1203 1642 1384 1727 complices.

22 1750 166 1839 Itaque
211 1748 295 1815 ille
338 1749 454 1812 vester
481 1746 633 1829 Aeacius,
668 1747 723 1832 qui
755 1744 968 1830 Eutychianis
1002 1745 1172 1810 haereticis
1203 1743 1386 1810 detestabili

23 1853 327 1921 communione
353 1848 466 1914 factus
487 1852 537 1914 est
556 1849 729 1935 particeps,
753 1848 795 1912 ab
818 1848 928 1912 eadem
950 1847 1071 1932 synodo
1093 1849 1163 1913 sine
1185 1848 1386 1913 dubitatione

23 1957 251 2023 &mustus
293 1956 371 2034 est,
401 1973 484 2037 quae
511 1955 545 2016 et
568 1949 740 2036 Eutychen
768 1949 1019 2034 Dioscorumque
1047 1972 1119 2014 cum
1150 1949 1385 2015 successoribus

24 2082 161 2127 eorum
190 2057 354 2141 hisque
383 2054 657 2118 communicantes
679 2053 830 2137 synodico
852 2055 964 2117 tencre
985 2054 1170 2137 prostravit.

130 2163 203 2228 10.
280 2156 353 2223 Sic
368 2157 413 2243 ²⁶)
451 2177 507 2221 vos
542 2159 755 2240 sequacesque
796 2176 905 2219 eorum
944 2155 1147 2221 'limotheum
1191 2155 1385 2239 Petrumque

24 2265 145 2333 simili
175 2260 421 2328 definitione
443 2258 568 2343 dejecit.
613 2257 752 2322 Proinde
780 2258 807 2321 si
830 2280 878 2341 ea,
902 2279 983 2342 quae
1005 2259 1040 2323 in
1062 2259 1183 2343 synodo
1212 2254 1385 2323 Calchedo-

25 2368 142 2437 nensi
180 2386 267 2453 pro
307 2362 385 2427 fide
412 2363 446 2425 et
478 2362 700 2427 communione
727 2359 934 2445 catholicas)
967 2361 1017 2425 vel
1044 2361 1219 2446 apostolica
1252 2359 1385 2423 definita

26 2478 120 2540 sunt
126 2523 140 2557 ,
188 2488 298 2537 vere
340 2466 496 2549 certeque
522 2462 707 2547 sectamini,
736 2463 820 2528 sicut
851 2465 957 2527 vestra
974 2447 1191 2548 professione
1214 2460 1385 2545 multiplici

29 2575 294 2654 continetur,
328 2569 394 2631 aut
415 2587 612 2633 successores
635 2566 675 2630 ab
697 2566 754 2630 illa
776 2565 896 2650 synodo
919 2567 1144 2630 damnatorum
1166 2565 1278 2650 hisque
1302 2585 1385 2628 com·

31 2677 305 2744 manicantes
334 2668 481 2752 abjicite,
506 2671 571 2751 aut,
603 2669 630 2732 sl
652 2669 731 2734 istos
754 2668 934 2752 admittitis,
964 2690 1104 2753 eaquae
1127 2668 1162 2732 in
1183 2666 1240 2731 illa
1263 2664 1384 2751 synodo

32 2803 101 2868 pro
135 2778 227 2845 fide
263 2777 314 2839 et
352 2771 577 2837 communione
611 2769 770 2836 catholica
803 2774 835 2835 et
862 2771 1038 2855 apostolica
1066 2773 1143 2835 sunt
1174 2767 1385 2854 perplexaw),

35 2906 114 2951 uon
149 2880 298 2947 solnm
315 2866 420 2939 'falso
447 2895 502 2937 vos
529 2873 668 2937 retinere
695 2871 910 2958 perpenditis,
947 2875 1002 2937 sed
1030 2874 1163 2956 insuper
1190 2871 1387 2936 labefactare

38 2981 267 3064 conamini,
309 2979 349 3041 et
371 2975 408 3040 in
429 2974 668 3060 Eutychianam
689 2975 848 3040 haeresim
875 2975 945 3040 sine
974 2975 1204 3040 retractatione
1230 2971 1385 3054 reciditis,

39 3087 273 3171 meritoque
304 3101 328 3144 a
354 3076 522 3143 catholicis
543 3077 725 3162 probamini
749 3099 817 3142 esse
839 3077 979 3142 vitandi:
1009 3077 1083 3162 quia
1111 3079 1148 3140 ut
1168 3075 1267 3141 talem
1289 3075 1387 3159 pesti-

40 3190 217 3256 lentiam
258 3182 435 3269 perpetuo
460 3194 625 3264 possemus
653 3179 795 3262 evadere,
833 3201 870 3244 ea
898 3201 979 3264 quae
1008 3182 1120 3243 contra
1147 3179 1251 3262 ipsam
1280 3178 1321 3241 ab
1348 3199 1387 3241 ea

45 3285 369 3378 congregatione
391 3285 575 3348 sanctorum
596 3284 726 3366 patrum
748 3281 919 3346 salubriter
941 3282 1069 3345 decreta
1091 3281 1253 3366 leguntur,
1284 3278 1387 3343 nulla·
1448 3274 1450 3279 ’

46 3400 167 3460 tunm
196 3383 422 3468 mutilanda,
445 3405 511 3449 non
533 3385 637 3449 solum
664 3385 748 3449 sedis
776 3383 970 3469 apostolicae
998 3384 1176 3467 praesules,
1206 3382 1261 3447 sed
1289 3381 1387 3447 etiarn

50 3490 329 3563 Orientalium
352 3487 521 3573 regionum
544 3486 693 3552 catholici
717 3508 869 3551 censuere
890 3486 1069 3570 pontifices.

160 3599 234 3663 11.
290 3591 354 3655 An
386 3586 517 3653 Petrum
549 3589 654 3654 dicitis
687 3589 786 3653 fuisse
818 3591 1012 3673 purgatum,
1052 3589 1102 3663 cui
1140 3589 1388 3653 communicarit

58 3692 273 3767 Aeacius?
317 3688 413 3756 Veris
438 3691 668 3757 assertionibus
697 3691 840 3772 edocete,
869 3688 931 3755 hoc
953 3691 1128 3775 ostendite,
1157 3690 1218 3756 hcc
1240 3691 1385 3776 probate,
1440 3688 1469 3753 .'

59 3803 210 3891 quibus
238 3794 307 3860 ille
329 3792 442 3876 modis,
471 3792 586 3878 quibus
612 3793 667 3857 ille
693 3792 814 3878 regulis
837 3792 883 3861 ab.
905 3793 1112 3877 Eutychiana
1139 3793 1238 3858 fuerit
1265 3793 1387 3878 profes·

60 3908 176 3973 sione
205 3896 273 3963 vel
300 3895 525 3960 communione
546 3894 737 3959 mundatus:
764 3897 801 3959 ut
827 3916 924 3979 quum
953 3894 986 3958 id
1013 3894 1219 3959 nihilomiuus
1247 3895 1387 3960 evidenti

148 4092 192 4160 ¹¹)
217 4086 275 4141 Ira
293 4098 361 4137 mu.
380 4084 410 4138 et
427 4085 460 4137 θ’.
489 4082 556 4137 bet
573 4081 672 4137 exinde
690 4081 738 4135 alii
756 4081 825 4135 editi
845 4089 1051 4150 particulariter,
1075 4084 1172 4139 contra
1193 4085 1316 4137 mentem
1335 4080 1386 4136 Go-

64 4177 161 4244 hffl,
191 4168 257 4243 qui
276 4166 473 4235 Timotheum,
494 4166 609 4223 Petrum
626 4165 758 4222 Aradum
776 4183 809 4221 ac
827 4167 947 4233 ceteros,
970 4167 1018 4234 qui
1036 4184 1099 4221 cum
1117 4166 1296 4236 Eutychianis
1314 4180 1387 4219 com-

67 4255 307 4320 municarunt,
324 4251 530 4322 particulariter
547 4269 581 4308 ac
597 4250 770 4319 nominatim,
788 4251 845 4306 sive
858 4253 890 4306 ut
900 4252 960 4322 ipse
973 4251 1052 4321 epist.
1070 4259 1100 4307 10
1113 4271 1138 4306 n.
1153 4258 1168 4305 6
1181 4251 1312 4320 loquitur,
1324 4255 1384 4304 viri·

69 4357 124 4404 ch
145 4346 184 4401 in
207 4336 342 4397 concilio
361 4335 577 4392 Calchedonemi
595 4336 742 4393 damnatm
759 4338 853 4406 negat.

155 4432 199 4499 ¹⁸)
224 4427 276 4481 na
294 4421 345 4478 1³¹.
381 4421 522 4479 Particula
542 4439 649 4494 negans
670 4437 704 4476 eo
725 4438 807 4477 sensu
831 4438 893 4476 cum
912 4422 947 4476 K¹
970 4423 1064 4491 potest
1086 4421 1190 4489 omitti,
1213 4420 1288 4490 quod
1310 4420 1386 4474 nulla

72 4515 231 4592 quoda!
249 4506 513 4565 medarcmmm
532 4506 679 4580 complices
696 4512 788 4562 viritim
804 4528 835 4562 ac
852 4514 1005 4569 nominatim,
1029 4507 1078 4561 sed
1096 4507 1206 4561 tantum
1229 4503 1385 4574 generatim

74 4596 264 4661 &anuuit
305 4592 357 4649 Ed.
375 4598 477 4648 haeresi
494 4613 546 4648 cam
565 4597 697 4648 erroribus
713 4612 876 4648 successores
949 4613 998 4648 non
1017 4597 1125 4646 damnet.

159 4688 204 4755 ιὓ)
225 4680 273 4737 F·
286 4677 324 4734 ΚΙ
343 4680 388 4733 Sic
404 4677 455 4746 (pn
468 4680 509 4747 Si)
530 4698 575 4734 eos
591 4697 713 4749 sequaces
732 4697 828 4742 eorum,
848 4678 884 4732 Ι(ι
897 4677 932 4733 0²
949 4681 994 4733 Sic
1011 4697 1054 4732 vos
1070 4697 1193 4747 sequaces
1211 4697 1275 4747 quae
1292 4696 1385 4739 corum,

79 4776 102 4829 b
118 4776 149 4827 e·
164 4771 204 4827 et
217 4765 274 4823 elii
292 4761 365 4818 edin
382 4766 426 4818 Sic
442 4782 487 4818 ror
503 4783 625 4834 sequaces
643 4782 740 4834 quoque
757 4782 843 4817 eonem
861 4765 898 4832 (c⁷
910 4779 985 4832 seqq.
1000 4762 1089 4818 omitt.
1103 4767 1165 4833 voe).

161 4857 204 4925 ¹¹)
226 4850 277 4907 Ita
295 4846 490 4904 F¹K⁸K⁴0².
519 4846 596 4904 Editi
613 4852 738 4904 catholico
756 4855 811 4918 lcpe
828 4855 977 4918 apostolica.
1029 4852 1036 4865 ⁸

162 4942 206 5007 π)
227 4936 277 4991 lta
295 4932 338 4989 F·
350 4932 387 4991 K¹
398 4931 435 4987 Κ*
447 4932 481 4991 0²
493 4932 535 5002 El,
551 4931 606 4989 hoc
624 4934 667 4988 est
682 4943 801 5002 percellas
819 4934 863 4989 vel
880 4938 1009 4994 damnata.
1039 4933 1121 5005 Vulg.
1140 4947 1257 5006 peracta.
