3204 5506
554 384 752 434 nersronan
775 375 805 431 2.
829 375 858 433 3.
1284 373 1348 438 239

46 541 220 622 prompta
243 540 357 602 mente
371 538 538 621 suscipere,
563 517 669 622 οΙρτο
684 541 760 602 tuae
775 539 1007 603 aestimationis
1023 541 1142 604 intuitu
1157 544 1347 606 necessariis
1359 568 1383 605 a.
1394 557 1454 606 483.

48 639 147 724 apud
172 643 340 725 augustae
361 640 476 704 mentis
498 640 765 705 benevolentiam·
779 642 1039 726 suggestionibus
1063 642 1216 724 adjuvari.

588 828 770 930 Epistola
796 830 830 912 3.

323 980 454 1065 rarius
475 979 518 1046 au
540 978 711 1046 „lacrum
733 981 880 1047 rroeuus
903 982 1101 1049 citationis.
1358 964 1485 1080 affligi·

10 1123 44 1171 lu.
132 1121 171 1170 U!
191 1121 309 1171 Aradus
326 1122 352 1170 in
368 1123 465 1186 syuodo
483 1121 597 1171 Romana
615 1129 771 1186 compareat,
791 1123 827 1171 ad
843 1123 947 1185 objecto
963 1123 1087 1172 dodauaic
1105 1122 1281 1173 Alexandrini

621 1222 799 1272 responsurus.

154 1343 185 1404 1.
226 1337 413 1424 Episcopali
434 1338 606 1424 diligentia
628 1344 850 1404 commonente
866 1339 1020 1404 debuerat
1031 1339 1160 1404 dilectio
1175 1344 1230 1405 tua
1248 1343 1346 1407 ecclc-

58 1442 240 1506 siasticum
267 1463 388 1506 morem
409 1445 529 1524 secuta,
561 1442 637 1525 quid
665 1441 829 1524 responsio
860 1447 991 1506 sanctae
1018 1443 1190 1506 memoriae
1217 1445 1347 1527 praede-

61 1544 205 1609 cessoris
234 1544 300 1608 mei
327 1565 384 1628 per
405 1544 509 1607 virum
531 1543 680 1607 devotum
700 1542 890 1629 Uraniurn¹)
920 1544 1129 1625 subadjuvam
1152 1544 1235 1628 apud
1258 1545 1348 1610 Chri-

60 1646 307 1711 stianissimum
328 1646 516 1729 principem,
541 1645 616 1729 quid
638 1646 722 1729 apud
744 1649 776 1708 te
798 1667 921 1730 quoque
944 1646 1070 1710 litterae
1086 1647 1185 1730 ipsius
1200 1647 1234 1709 in
1252 1669 1347 1711 causa

61 1747 316 1812 Alexandrinae
339 1748 491 1812 ecclesiae
512 1747 719 1831 profecerint,
742 1746 896 1829 indicare,
921 1752 953 1811 et
971 1770 1089 1830 curam,
1115 1749 1204 1831 cujus
1226 1753 1259 1812 te
1281 1771 1347 1813 non

61 1850 234 1915 immerito
255 1850 357 1914 voluit
383 1858 451 1913 csse
473 1850 675 1933 participem,
701 1849 815 1932 juncto
823 1850 850 1935 ²)
876 1851 981 1913 studio
1002 1873 1225 1934 prosperorum
1248 1852 1347 1935 signi-
1405 1848 1408 1855 ’

10 1966 13 2027 ζ
62 1952 223 2016 ficatione
245 1951 367 2016 moliri:
395 1956 431 2015 ut
454 1951 611 2015 catholica
633 1950 722 2033 fides,
747 1952 831 2036 apud
855 1951 1089 2016 Calchedonem
1112 1953 1233 2036 synodo
1255 1953 1346 2016 robo-

62 2059 137 2119 rata
166 2057 203 2118 et
233 2054 352 2118 iterum
379 2052 506 2116 firmata
528 2053 689 2136 responsis
712 2054 854 2117 omnium
882 2054 936 2137 qui
961 2054 996 2116 in
1024 2054 1134 2118 eadem
1163 2056 1348 2118 resederant
1437 2070 1440 2075 ’

62 2156 199 2222 Domini
231 2155 448 2236 sacerdotum,
484 2176 579 2239 quam
606 2155 774 2237 inopinato
807 2178 915 2219 rursus
944 2154 1176 2219 haereticorum
1204 2156 1346 2240 pravitas

61 2258 242 2344 inquietat,
274 2257 433 2320 communi
462 2278 557 2341 opere
584 2256 724 2320 inimicis
745 2258 883 2340 propriis
907 2258 1072 2339 subjacere
1095 2280 1160 2320 non
1184 2259 1346 2342 permitte-

62 2365 155 2425 retur
169 2380 342 2444 oppressa.
376 2356 466 2433 Quod
481 2380 579 2442 quum
601 2358 654 2421 diu
677 2359 845 2442 omittitur,
870 2360 1098 2452 superveniens
1120 2360 1221 2423 frater
1243 2365 1275 2423 et
1298 2383 1347 2424 co-

10 2532 12 2537 ,
62 2464 242 2548 episcopus
264 2463 375 2524 noster
396 2459 572 2543 Johannes,
600 2460 732 2545 fugatus
762 2461 802 2524 ab
825 2460 996 2524 haereticis
1019 2462 1241 2544 pervasoribus
1264 2463 1347 2526 sedis

61 2562 333 2644 Alexandrinae,
365 2561 542 2648 libellumss)
569 2562 677 2644 nebia,
713 2584 807 2646 quem
822 2556 966 2627 ¹sanctae
993 2564 1167 2627 memoriae·
1191 2565 1347 2628 decessori

61 2689 134 2731 meo
150 2667 334 2752 paraverat
348 2664 586 2748 porrigendum,
605 2668 761 2749 quantum
776 2687 815 2728 ex
830 2665 965 2728 subditis
973 2665 999 2749 4)
1016 2666 1175 2749 agnoscis,
1199 2666 1346 2750 ingessit.

10 2759 12 2850 J
60 2769 167 2845 Quem
197 2787 326 2831 morem
347 2766 477 2850 majoris
500 2767 548 2830 sui
571 2767 683 2830 beatae
706 2767 877 2830 memoriae
899 2766 1071 2831 Athanasii
1098 2769 1243 2851 exemplo
1265 2768 1347 2851 prio-

10 2910 12 2945 ;
59 2892 132 2936 rum
154 2871 350 2934 nostrorum
370 2888 438 2931 non
459 2868 620 2950 potuimus
641 2869 793 2933 refutare.

145 2973 181 3035 2.
224 2969 274 3033 Et
295 2968 366 3032 ideo
387 2968 480 3032 lectis
502 2970 648 3051 subditis,
675 2970 776 3035 frater
799 2971 971 3054 carissime,
997 2971 1148 3055 adhaec,
1173 2995 1254 3056 quae
1276 2994 1346 3055 pro-

59 3076 170 3160 posita
195 3093 274 3137 esse
296 3071 473 3156 cognoscis,
498 3071 582 3156 apud
603 3072 734 3137 beatum
749 3073 881 3136 Petrum
899 3074 1089 3157 apostolum,
1115 3075 1164 3137 cui
1187 3096 1297 3158 preces
1313 3075 1347 3137 iu

58 3178 156 3242 nobis
188 3174 325 3239 oblatas
352 3165 497 3257 pervides
533 3178 566 3237 et
593 3181 687 3259 quem
716 3175 841 3259 ligandi
875 3180 970 3259 atque
998 3176 1140 3239 solvendi
1169 3199 1188 3238 a
1212 3177 1348 3239 Domino
1470 3193 1472 3196 ’

58 3280 270 3365 potestatem
292 3277 462 3361 sumpsisse
484 3299 550 3340 non
572 3280 663 3359 potes
686 3277 828 3359 diffiteri,
853 3279 887 3340 in
911 3281 1070 3341 conventu
1091 3278 1228 3341 fratrum
1251 3282 1283 3341 et
1299 3300 1348 3341 co·
1386 3263 1387 3266 Ἴ

127 3505 149 3571 ¹)
170 3499 211 3554 E¹
225 3498 264 3552 ΕΙ
277 3496 312 3551 F²
322 3498 359 3552 Ηβ
380 3502 501 3552 Urooium
519 3497 565 3565 (E²
576 3497 614 3551 Ha
632 3501 785 3566 Huranium)
797 3502 976 3565 subadjuvam,
995 3499 1070 3567 quod
1089 3502 1117 3553 ct
1134 3503 1214 3568 gestu
1227 3500 1261 3552 tle
1272 3517 1346 3553 nom.

54 3588 141 3641 Aeac.
163 3603 197 3639 n.
222 3590 256 3638 10
278 3582 409 3653 probant.
445 3581 521 3635 Editi
545 3585 666 3637 Uranium
687 3587 872 3638 subdiaconum.
913 3584 1032 3638 Uranius
1054 3585 1100 3639 ille
1125 3603 1209 3654 quum
1232 3583 1349 3638 Zenonis

53 3672 208 3742 scriptum
226 3667 268 3721 ad
280 3666 453 3737 Simplicium
470 3667 627 3733 detulisset,
644 3667 726 3736 hujus
744 3686 836 3739 papae
855 3668 1002 3739 epistolam
1022 3675 1052 3723 18
1071 3669 1107 3723 ad
1120 3669 1251 3723 Acacium
1264 3671 1292 3722 et
1305 3687 1347 3738 ep.

53 3764 85 3812 19
108 3756 153 3812 ad
172 3752 387 3823 imperatorem
409 3751 513 3806 retulit.
549 3751 646 3807 Victor
663 3752 785 3807 Vitensis
803 3754 866 3808 hist.
886 3771 958 3825 pers.
979 3755 1003 3807 D
1023 3755 1086 3810 and.
1105 3754 1130 3806 V
1147 3773 1173 3808 n.
1192 3762 1207 3809 7
1228 3759 1349 3809 Urouium

49 3848 177 3898 Zenon&
198 3845 314 3908 tegnam
330 3837 475 3892 tormentis
492 3838 649 3906 martyrum
667 3838 768 3893 testem
787 3839 920 3909 appellat.
934 3871 968 3878 -
979 3839 1044 3893 Mox
1057 3839 1125 3894 editi
1137 3845 1350 3894 clementissimum
1461 3839 1484 3862 ‘

120 4015 149 4081 ¹)
170 4010 225 4064 It·
242 4006 606 4073 E11323F‘H2bccunceo.
638 4008 714 4074 Quae
733 4008 833 4063 deinde
851 4012 1042 4064 memorantur
1054 4017 1233 4077 responsiones
1246 4008 1349 4079 episco-

41 4116 163 4172 porum
188 4091 333 4159 omnium,
352 4093 400 4161 qui
418 4091 592 4148 Calchadone
611 4095 721 4148 fuerant
739 4094 915 4163 congregati,
934 4094 962 4148 in
980 4111 1034 4148 uno
1054 4095 1156 4149 codicis
1174 4111 1290 4164 corpore
1303 4112 1348 4149 vo-

42 4187 164 4242 mitur
186 4183 352 4247 encyclicae,
375 4177 568 4247 habenturque
592 4178 620 4231 in
639 4178 869 4234 calchedonensis
888 4179 996 4233 concilii
1013 4182 1094 4248 parte
1113 4181 1151 4233 ΙΙΙ
1171 4180 1265 4246 (Hard.
1286 4179 1347 4232 coll.

39 4287 133 4327 eone.
157 4266 207 4330 11,
226 4267 384 4330 sea-vva).

122 4357 150 4422 ³)
172 4349 274 4418 Hujus
295 4347 383 4402 libelli
399 4347 536 4418 Euagrius
552 4349 579 4402 h.
594 4365 616 4403 e.
632 4349 683 4416 Ill,
703 4357 734 4405 18
752 4349 886 4403 meminit.
927 4348 1010 4403 Forte
1035 4349 1176 4419 Simplicio
1200 4349 1349 4420 inscriptus

38 4443 130 4505 aab,
160 4435 221 4491 ned
247 4451 335 4502 quum
355 4433 496 4489 lohannes
516 4434 635 4488 Romam
659 4434 809 4489 adveniens
830 4436 903 4489 hunc
929 4435 988 4488 vita
1014 4437 1139 4488 iunctura
1162 4436 1349 4505 comperisset,

37 4528 136 4583 illum
164 4521 236 4590 ejus
259 4518 411 4574 successori
431 4519 563 4590 porrexit.
599 4518 660 4573 Hoc
677 4519 768 4589 ipsum
791 4520 903 4588 quidem
926 4523 1018 4584 sonat,
1042 4521 1116 4588 quod
1140 4521 1181 4573 ait
1197 4520 1275 4574 Felix
1296 4520 1349 4576 sibi

38 4631 63 4668 a
83 4610 238 4666 Johanne
256 4602 432 4674 praedictum
449 4604 587 4671 libellum,
611 4626 682 4674 qucm
699 4611 890 4659 illececebra·
904 4618 1045 4674 paraverat
1062 4612 1254 4676 porrigendum,
1273 4607 1349 4675 inge·

38 4702 141 4754 stum
189 4691 301 4745 Contra
321 4688 396 4743 idem
413 4688 549 4757 Euagrius
564 4690 616 4755 Ill,
636 4696 666 4744 15
688 4689 767 4743 illum
790 4690 874 4744 etiam
897 4692 1046 4760 superstite
1071 4690 1212 4761 Simplicio
1230 4692 1349 4746 Romam

40 4779 218 4840 advenisse
236 4772 339 4828 innuit

126 4869 153 4931 ὅ)
176 4863 224 4915 lca
243 4859 277 4912 ΕΙ
292 4859 327 4912 Ε*
339 4857 428 4914 F2H‘1.
458 4859 535 4914 Editi
552 4865 674 4928 sier'eclr'a
691 4882 814 4929 agnosces
885 4868 1000 4929 creraplo
1019 4873 1044 4915 et
1061 4868 1187 4931 priorum,
1208 4866 1236 4916 et
1249 4860 1348 4917 deinde

44 4952 85 5008 P!
99 4950 144 5006 H*
167 4953 317 5017 refrenare
335 4944 406 5012 (loce
423 4949 560 5014 refutare).
