3204 5506
260 349 323 418 830
701 366 729 417 s.
745 365 954 416 noanrsoan
975 365 1090 415 aaran

153 532 246 582 a518.
261 518 523 604 εὐαγγελίσεται,
545 517 626 603 παρ’
650 518 871 603 δπαρελάβε-
922 527 956 584 id
976 527 1058 600 qaod
1085 527 1257 601 accepistis,
1292 525 1441 585 anatliema
1457 530 1501 587 sit!

260 647 312 706 τε,
346 619 501 705 ἀνάθεμα
530 624 653 686 cosae
704 621 871 686 Φυλάττει
922 622 1033 688 Servat
1056 644 1133 708 ergo
1154 622 1256 687 latam
1281 644 1339 707 pro
1359 623 1426 688 lidei
1445 646 1502 690 cou-

259 721 324 808 γάρ
346 722 409 808 τὴν
431 731 697 807 προενεχθείσαν
725 720 872 808 ὑπὸτῆς
922 725 1104 790 servatione
1133 725 1345 807 sententiam,
1387 726 1505 810 quisquis

261 830 417 911 φυλακῆς
437 830 495 910 τῆς
517 829 659 903 πίστεως
684 822 870 909 ἀπόφασιν,
922 827 1130 910 apostolicam
1153 827 1296 912 sequitur
1316 827 1504 912 disciplinam

261 932 295 993 εί
312 952 362 1004 τις
388 932 429 1013 τῇ
458 925 664 1013 ἀποστολικῇ
687 925 873 993 ἀκολουθεῖ
921 928 966 992 Et
994 930 1121 1014 quidem
1147 929 1240 993 nobis
1275 950 1351 993 cura
1381 951 1440 994 non
1466 931 1506 995 de

260 1030 471 1115 διδασκαλίᾳ.
517 1030 583 1093 Kal
605 1027 686 1114 ἡμῖν
715 1027 777 1113 μὲν
805 1019 870 1094 οὖν
921 1031 998 1115 fuit3
1021 1054 1097 1096 nam
1119 1031 1271 1117 geminae
1292 1031 1455 1115 legationis
1472 1033 1507 1096 of·

260 1131 401 1214 φροντὶς
437 1130 604 1209 ivitates·
644 1130 699 1196 καλ
733 1129 797 1214 γάρ
830 1135 870 1214 τῇ
921 1134 995 1198 ficio
1017 1133 1169 1218 quidquid
1189 1133 1385 1217 inprecibns
1399 1134 1508 1216 humile,

178 1269 181 1272 >
260 1234 357 1316 τῆςδε
368 1234 488 1317 διπλῆς
503 1230 669 1319 ὑπηρεσίᾳ
680 1234 870 1316 πρεσβείας,
922 1235 1074 1320 quidquid
1102 1236 1136 1299 in
1165 1235 1412 1320 allegationibus
1430 1236 1508 1299 ratio

262 1339 294 1398 εί
312 1358 344 1399 τι
367 1335 406 1399 ἐν
432 1345 504 1410 ταῖς
533 1334 668 1418 δεήσεσι
698 1335 870 1416 ταπειυδυ,
922 1337 1030 1401 nobile
1037 1387 1047 1419 ,
1070 1336 1224 1421 quidquid
1247 1337 1281 1401 in
1304 1337 1455 1401 mandatis
1471 1360 1509 1401 sa·

262 1441 295 1499 εί
312 1461 343 1501 τι
367 1437 405 1502 ἑν
427 1447 498 1513 ταῖς
513 1437 756 1519 δικαιολογίαις
771 1433 870 1500 edio·
921 1438 1027 1522 lubre,
1058 1438 1241 1503 detulimus
1295 1437 1357 1504 Sed
1377 1439 1509 1524 numquid

260 1561 334 1620 γον,
358 1543 391 1602 εί
402 1562 434 1603 τι
457 1537 495 1603 ἐν
510 1548 582 1614 ταῖς
598 1538 750 1615 ἐντολαῖς
765 1535 869 1620 ὑγιὲς,
922 1540 991 1604 ideo
1013 1540 1211 1626 negligenda
1234 1545 1283 1605 est
1301 1541 1442 1624 justitiae
1461 1543 1507 1622 ria,

261 1637 506 1724 ὑπηνέγκαμεν.
535 1637 632 1704 Ἀλλά
643 1641 686 1724 μὴ
699 1638 756 1705 διά
768 1645 869 1705 τοῦτο
921 1643 1044 1726 quia³¹)
1068 1654 1189 1706 errores
1223 1665 1296 1707 suos
1325 1643 1428 1728 diligit
1453 1664 1507 1708 cun

261 1737 423 1825 ἀμελητέα
447 1742 539 1807 ἐστὶν
555 1739 574 1826 ἡ
591 1739 669 1817 ὁδδς
687 1746 745 1825 τῆς
760 1743 870 1807 δικαι·
921 1744 1138 1808 obstinatione
1161 1744 1321 1829 perfidia?
1360 1743 1430 1809 Non
1450 1747 1507 1809 sunt

261 1843 397 1927 οσάνης,
421 1840 537 1927 ἐπειδὴ
559 1839 617 1919 τάς
638 1843 725 1919 ι’δίας
741 1842 870 1919 πλάνας
917 1845 1077 1930 jungendi
1100 1868 1172 1910 eum
1195 1846 1385 1911 cadentibus
1407 1846 1505 1931 lapsus

261 1943 373 2031 ἀγαπᾷ
394 1942 476 2029 μετά
498 1942 658 2020 ἀπονοίας
679 1941 868 2028 ηάπιστία;
921 1945 998 2012 Sine
1025 1949 1136 2012 nostra
1163 1948 1358 2034 contagione
1384 1952 1504 2033 peresa,

263 2043 334 2112 Οὐκ
358 2050 428 2112 ἔστι
450 2047 684 2113 συνάπτεσθαι
706 2044 788 2131 μετά
809 2050 870 2111 τοῦ
921 2050 974 2134 qui
998 2049 1037 2113 ab
1059 2050 1281 2133 impietatibus
1308 2051 1373 2114 suis
1397 2072 1450 2114 nea
1467 2071 1505 2114 aa

261 2155 329 2215 τῶν
383 2149 577 2215 πιπτόντων
627 2146 866 2232 ὀλισθήματος·
921 2152 1041 2236 stigato
1064 2173 1169 2216 errore
1184 2151 1410 2234 declinant³⁷)!
1439 2151 1504 2215 Data

261 2250 345 2317 ἀνευ
367 2249 607 2336 visitatrices
638 2249 744 2334 λύμης
766 2247 869 2314 ἀπολ-
921 2252 952 2317 V
978 2253 1054 2318 Idus
1081 2253 1249 2317 Februarii
1282 2258 1356 2338 post
1387 2252 1504 2318 coamb-

262 2353 447 2419 λάσθωσαν
480 2355 515 2417 oi
540 2350 606 2418 ἀπὸ
639 2356 707 2416 τῶν
737 2353 872 2416 οἰκείων
921 2357 991 2418 tum
1013 2355 1154 2439 Agapeti
1176 2355 1237 2419 viri
1261 2355 1433 2420 clarissimi.

261 2452 426 2538 ἀσεβειῶν
441 2454 524 2539 μηδὲ
536 2454 802 2539 μαστιγουμὲνης
814 2459 873 2537 τῆς

261 2558 389 2641 πλάνης
405 2557 626 2632 ἐκκλίνοντες.
656 2551 734 2619 Καὶ
755 2554 871 2641 ἑτέρᾳ

261 2662 382 2742 χειρί·
403 2655 438 2722 ‘0
451 2655 536 2734 Θεὸς
557 2655 645 2742 ὑμᾶς
657 2655 871 2740 ὑγιαίνοντας

261 2760 462 2845 διαφυλάξη,
485 2760 585 2825 τέκνα
608 2757 770 2843 ἀγαπητά.

300 2860 421 2946 Ἐδόθη
455 2859 520 2945 πρὸ
557 2861 731 2945 τεσσάρων
769 2862 870 2926 εἰδῶν
969 2901 974 2907 ·

262 2966 506 3050 Φευρουαρίων
527 2963 608 3049 μετά
630 2964 692 3049 τήν
708 2960 870 3028 ὑπατείαν

258 3065 445 3152 Ἀμαπητοῦ
468 3072 529 3132 τοῦ
552 3065 798 3152 λαμπροτάτου.

763 3253 945 3358 Epistola
970 3253 1027 3338 41.

121 3413 246 3552 αμΑιμερ.
460 3407 598 3474 Justini
622 3408 854 3491 imperatoris
875 3407 919 3473 ad
941 3408 1169 3475 Hormisdam
1191 3427 1330 3494 papam.

606 3547 640 3597 Se
658 3550 835 3612 imperatorem
853 3551 962 3607 electam¹
974 3564 1030 3599 esse
1047 3550 1181 3614 siqnificat.

412 3679 599 3745 Justinus
622 3682 827 3766 Augustus
849 3680 1083 3745 Hormisdae
1104 3702 1239 3765 papae.

345 3798 405 3862 Dei
433 3799 588 3863 beneficia
610 3799 688 3864 licet
709 3800 833 3884 multis,
865 3801 1001 3864 maxime
1030 3802 1139 3864 tamen
1166 3800 1299 3864 summis
1322 3797 1506 3884 pontificibus

262 3902 411 3966 convenit
433 3901 579 3965 indicari.
610 3901 749 3966 Proinde
771 3903 936 3967 sanctitati
959 3905 1084 3966 vestrae
1105 3922 1163 3985 per
1183 3901 1242 3966 has
1257 3923 1366 3967 sacras
1386 3899 1507 3966 datas

260 4026 330 4067 mus
354 4003 520 4088 epistolas,
550 4004 633 4088 quod
660 4006 798 4090 primum
820 4004 946 4089 quidem
968 4003 1192 4087 inseparabilis
1214 4003 1384 4069 [l'rinitatis
1403 4003 1504 4081 saram,

260 4106 374 4170 deinde
397 4106 665 4189 amplissimorum
688 4128 854 4190 procerum
883 4106 966 4170 sacri
994 4105 1096 4170 nostri
1128 4105 1244 4190 palatii
1265 4109 1306 4196 ,et
1333 4101 1503 4171 sanctissimi

260 4211 389 4271 senatus
418 4230 479 4272 neo
513 4230 580 4272 non
613 4208 767 4272 electione
799 4207 972 4271 firmissimi
1005 4207 1162 4271 exercitus
1190 4207 1230 4271 ad
1258 4208 1424 4293 imperium
1446 4226 1500 4285 nos,

260 4307 336 4373 lieet
357 4309 503 4373 nolentes
527 4332 564 4373 ac
586 4313 780 4393 recusantes,
804 4310 955 4392 electos¹)
977 4309 1077 4373 tuisse
1103 4313 1198 4394 atque
1224 4310 1379 4375 firmatos.
1408 4307 1500 4373 Pica

327 4496 358 4562 ³¹)
376 4495 420 4550 Ita
438 4496 472 4550 (λι
492 4498 521 4550 et
539 4470 676 4551 cinsentit
695 4514 833 4566 graecum.
874 4498 912 4550 At
929 4498 955 4550 a¹
976 4501 1019 4565 qai
1041 4515 1144 4551 mores
1216 4502 1357 4565 perfidiae:
1378 4492 1445 4564 quod
1459 4490 1498 4545 R·

259 4578 352 4634 ronias
371 4580 493 4635 retinens
515 4583 648 4636 nonnulla
669 4582 797 4652 supplere
816 4581 885 4649 (scil.
904 4586 1060 4636 anastasim
1077 4583 1229 4650 imperator)
1252 4580 1406 4652 compulsus
1421 4577 1457 4633 est
1469 4572 1496 4628 tl

259 4663 424 4720 Hormisdou
441 4670 536 4721 mente
555 4667 653 4722 aliena.

327 4751 358 4817 ³²)
377 4768 412 4804 ec
436 4768 498 4805 cum
517 4770 618 4822 graeco
641 4752 686 4806 hie
709 4752 784 4808 add:
815 4757 848 4807 Et
865 4761 948 4806 altera
966 4772 1053 4806 manis:
1083 4756 1151 4807 Deae
1167 4772 1212 4808 σοι
1228 4771 1307 4808 saum
1322 4746 1496 4811 mwtif

259 4839 420 4889 dilectissimi.
457 4843 526 4890 Data
544 4843 561 4891 I
566 4845 588 4892 V
607 4843 671 4892 lma
689 4851 735 4893 etc.

258 4923 288 4971 41
328 4921 346 4987 ¹)
365 4920 390 4973 Ia
408 4921 567 4989 Anastasio,
595 4925 625 4975 at
643 4922 827 4992 Theophanes
843 4942 870 4994 p.
893 4928 937 4976 141
959 4922 1011 4990 (ed.
1032 4920 1118 4977 Bonn.
1136 4927 1197 4992 253)
1219 4922 1389 4987 auctorest,
1411 4908 1492 4989 Apffl
