3204 5506
212 359 276 422 266
665 372 845 422 aramme
869 374 895 420 11
917 371 1031 419 ruina

62 522 190 592 ctuosi
300 531 347 592 10.
379 528 439 591 llis
461 527 569 611 itaque
592 528 653 590 rite
676 527 838 610 dispositis
861 527 955 591 etad
978 526 1374 591 ecelesiarumvestrorum
1394 503 1495 591 ΜΕ

138 610 197 660 488.
212 631 292 694 tirun
314 634 424 694 nostro
448 629 676 693 deliberatione
699 630 831 713 perlatis
852 651 965 712 parere
987 613 1042 692 vos
1065 629 1230 693 convenit:
1258 628 1382 713 quibus,
1401 625 1426 691 li
1470 681 1488 709 s

214 733 255 795 ad
277 733 456 796 animarum
477 733 714 815 reparationem
736 732 817 795 nihil
840 732 950 796 deesse
972 731 1126 813 videatur,
1150 734 1260 795 tamen
1283 731 1312 795 si
1334 715 1383 795 cui
1402 716 1488 795 nost

212 834 341 918 aliquid,
371 837 404 897 et
431 835 513 918 quod
541 834 714 917 praeterire
742 856 800 897 nos
826 835 942 917 potuit,
971 834 1069 898 fuerit
1090 833 1279 917 revelatum,
1310 831 1479 898 secundun

111 912 196 1044 {gg
211 937 342 1000 beatum
364 936 501 1000 Paulum
524 936 714 1019 apostolum,
738 948 856 1000 {acerete
872 944 991 1019 priore,
1020 935 1203 1022 fidenter⁴¹)
1226 936 1387 1001 insinuet:
1408 933 1464 1020 quis

75 1044 485 1129 Joh.3,8.Sl)¹'r1l²‘³'807101118
518 1044 571 1103 irbi
591 1045 652 1103 vuit
673 1045 787 1118 spirat,
827 1038 965 1102 maxime
988 1061 1084 1122 quum
1107 1061 1165 1102 sua
1188 1060 1287 1103 causa
1309 1040 1470 1122 bootetm

210 1162 351 1203 nocuos
374 1140 499 1225 pigebit
522 1140 640 1221 audire,
670 1144 703 1203 et
723 1141 749 1202 si
777 1162 840 1223 qua
868 1144 944 1204 sunt
972 1141 1100 1223 omissa,
1131 1163 1197 1205 non
1220 1143 1416 1226 arroganter
1428 1138 1474 1203 ab

210 1263 308 1305 nuere
336 1242 390 1305 scd
419 1242 654 1306 rationabiliter
682 1243 840 1306 ordinare.
884 1241 971 1307 Deus
1000 1242 1159 1307 custodiat
1186 1265 1253 1325 voe,
1285 1241 1481 1308 dilectissimi

172 1379 177 1390 ·
209 1344 342 1406 fratres!
381 1343 465 1408 Data
487 1345 596 1408 Idibus
619 1344 728 1408 Martii
751 1343 911 1427 Dynamio
934 1347 966 1408 et
981 1343 1174 1429 siphidi0⁴²)
1197 1343 1276 1409 viris
1299 1344 1483 1410 clarissimis

212 1445 403 1511 consulibua.

686 1572 897 1736 'aursus
925 1634 977 1717 n.

70 1780 195 1916 (a-issfilpp·
232 1787 364 1852 Felicis
387 1805 496 1869 papae
519 1787 561 1852 ad
585 1786 766 1852 Placitum
789 1786 992 1869 episcopum
1009 1785 1480 1875 Constantinopolimnum

157 1891 162 1901 ·
244 1928 441 1977 Grrriulolionern
460 1944 529 1977 sicam
549 1929 580 1977 de
598 1934 726 1991 necropola
744 1926 775 1975 nb
788 1928 830 1976 ido
842 1928 903 1976 sede
915 1926 1195 1990 Constantinopolitano
1207 1928 1386 1977 occultantem
1398 1927 1460 1978 inde
1499 1938 1515 1992 p

242 2014 315 2063 ualde
333 2013 465 2070 turbulam,
490 2014 559 2078 quod
575 2014 607 2061 de
624 2011 730 2060 scabiolis
748 2011 822 2060 Petri
841 2012 980 2076 Acuciipne
1004 2011 1141 2061 nominibus
1163 2011 1225 2061 niti!
1242 2012 1397 2062 mandatnm
1415 2028 1463 2063 au-

336 2099 425 2148 diisset
442 2096 477 2161 (n.
493 2101 505 2146 1
520 2104 544 2146 et
557 2096 592 2150 il.
627 2096 701 2156 Quod
717 2103 743 2145 ut
759 2103 883 2159 praestet.
902 2098 983 2145 uiuitis
1001 2098 1078 2146 enixe
1096 2097 1190 2145 insistit
1208 2093 1244 2159 (n.
1256 2096 1350 2161 3—5).

361 2231 473 2294 Felix
496 2230 677 2292 Flavitac
701 2229 887 2312 episeopo
911 2227 1394 2311 Constantinopolitanm

297 2351 324 2413 l.
370 2349 473 2412 Multa
496 2353 581 2430 sunt,
613 2370 693 2432 quae
720 2347 813 2410 nobis
839 2348 1017 2431 praebeant
1038 2347 1077 2411 de
1098 2351 1174 2411 tuae
1196 2346 1390 2414 dilectionis
1412 2349 1495 2415 ordi·

210 2452 341 2516 natione
368 2451 535 2531 laetitiam,
566 2454 598 2513 et
625 2472 753 2533 sperare
780 2450 887 2513 divino
916 2450 1071 2514 beneficio
1099 2449 1311 2514 cohortentur
1342 2450 1493 2517 ecclesis·

210 2554 309 2616 stieae
331 2554 420 2636 pacis
448 2552 605 2615 effectum.
650 2552 792 2615 Primum
819 2551 957 2635 quidem,
986 2552 1069 2636 quod
1096 2551 1195 2615 talem
1222 2554 1257 2615 tc
1284 2552 1401 2637 gratia
1426 2574 1493 2621 ooo·

209 2655 298 2718 lestis
321 2654 464 2738 elegerit,
490 2654 578 2735 cujus
602 2676 620 2717 a
643 2677 740 2737 puero
763 2656 829 2718 vita
852 2654 1027 2736 probabilis
1050 2657 1220 2736 asseratur,
1246 2657 1281 2718 et
1307 2653 1493 2721 catholicoe

136 2828 140 2835 ,
209 2757 293 2838 fidei,
323 2756 406 2840 quod
430 2760 505 2819 ante
531 2757 639 2819 omnia
663 2756 817 2840 (opimae,
846 2755 1048 2839 praedicetur
1071 2755 1220 2819 intentio.
1260 2753 1396 2822 Deinde
1418 2756 1493 2843 quin

208 2858 294 2921 inter
316 2857 395 2923 haec
417 2880 549 2922 munera
572 2862 645 2921 tuae
668 2857 824 2922 Dominus
853 2858 981 2921 caritati
1008 2857 1128 2921 domini
1149 2878 1276 2942 quoque
1298 2857 1366 2922 filii
1387 2856 1492 2924 nostri

209 2960 429 3044 gloriosissimi
457 2959 613 3044 principis
641 2960 950 3043 recumbentium
972 2963 1005 3023 et
1025 2960 1184 3024 favorem:
1212 2962 1381 3044 quatenus
1402 2965 1491 3048 poto-

209 3063 301 3126 statis
324 3062 424 3126 fultus
448 3062 516 3126 Deo
543 3065 730 3145 praestante
753 3061 904 3144 subsidio,
933 3061 1060 3126 facilius
1084 3062 1191 3125 valeas
1213 3064 1383 3146 expetere,
1408 3084 1490 3149 quae

209 3165 382 3229 secundinn
416 3165 584 3228 veritatem
618 3165 781 3249 sapienter
819 3164 1006 3227 intenderis.
1056 3164 1221 3228 Postremo
1255 3165 1345 3249 quod
1379 3164 1489 3231 omnis

209 3267 447 3350 propemodum,
478 3288 559 3350 quae
582 3267 629 3329 tui
652 3268 829 3350 sequuntur
851 3266 980 3329 honoris
1003 3265 1176 3348 exordium,
1199 3266 1270 3330 tam
1292 3266 1490 3333 benevolen-

208 3368 288 3431 tiam
315 3368 408 3432 nobis
437 3368 626 3433 clementiae
653 3368 875 3453 principalis2)
904 3367 1088 3451 ostendunt,
1118 3389 1214 3451 quam
1242 3370 1322 3434 tuac
1345 3368 1489 3455 produnt

276 3571 309 3625 ⁴¹l
328 3570 403 3623 Editi
418 3578 540 3636 fideliter,
559 3572 768 3641 refragantibus
786 3589 850 3625 mss.
1482 3622 1492 3629 .

276 3657 308 3720 ⁴²)
326 3655 361 3707 Ηι
376 3655 433 3708 211³
445 3656 481 3709 H⁶
494 3658 517 3709 p
530 3656 566 3709 Κ8
579 3657 724 3717 T-Sibiclio,
745 3655 814 3710 alius
832 3657 869 3710 Η3
881 3656 917 3709 ΗΕ
927 3656 963 3710 0³
978 3644 1082 3719 Sr'oidio.¹
1100 3656 1148 3709 Η10
1166 3657 1322 3718 sonides&
1340 3657 1380 3713 od
1398 3674 1486 3729 marg.

209 3738 335 3806 „Dionys
351 3741 462 3794 siolum.
487 3741 581 3794 Verba
599 3744 692 3795 autem
710 3741 837 3810 proxima
852 3747 919 3795 Deus
937 3747 1063 3795 aristodiut
1081 3760 1131 3803 voa,
1151 3746 1315 3796 dilectissimi
1330 3747 1437 3808 [raim
1452 3742 1487 3799 nh

209 3823 336 3877 omnibus
354 3842 416 3878 mss.
436 3826 462 3878 H
480 3826 587 3880 absunt.
727 3879 734 3891 ,

135 3914 193 3984 [22³]
278 3913 295 3974 ¹)
314 3910 360 3963 De
374 3910 426 3964 hoe
443 3914 509 3963 voto
527 3927 613 3978 agens
627 3911 799 3980 Nicephoms
812 3911 917 3965 Callisti
935 3912 960 3964 lr.
976 3928 998 3964 e.
1013 3911 1088 3976 XVI,
1103 3916 1134 3966 18
1152 3913 1262 3978 nmmt,
1280 3910 1488 3983 imperatorem

208 3994 334 4048 chartam
355 4013 454 4064 puram
473 3996 501 4047 in
519 4012 597 4048 suero
616 3996 698 4050 altari
717 3997 813 4065 reponi
832 3996 957 4064 jussisse,
981 3995 1141 4064 indictoque
1155 3993 1266 4064 jejunio
1286 4003 1324 4052 40
1342 3996 1489 4055 dierum}

208 4079 267 4132 Deo
286 4080 452 4149 postulasse,
471 4081 501 4132 ut
519 4096 619 4133 nomen
636 4080 705 4148 ejus,
725 4098 807 4148 quom
820 4081 904 4134 vellet
916 4080 1047 4135 eeclesiae
1061 4079 1397 4150 Constantinopolitanae
1408 4098 1489 4154 ptus·

208 4181 278 4225 esse.
301 4165 394 4233 angeli
418 4182 502 4218 mauu
520 4164 700 4218 adscriberet.
735 4167 775 4218 Ac
794 4165 907 4219 tandem
926 4167 1037 4233 reperto
1059 4164 1088 4218 in
1106 4165 1204 4219 chorte
1222 4164 1356 4224 Flavitoo
1373 4166 1488 4225 nomino
1509 4194 1512 4201 ·

207 4267 265 4303 sese
283 4249 340 4302 voti
365 4248 406 4302 siri
428 4252 586 4318 compotem
605 4249 787 4314 existimassem
812 4250 887 4318 quod
904 4256 1000 4305 tamen
1021 4252 1120 4320 posteo
1143 4248 1241 4304 Fraude
1265 4249 1380 4307 uocum
1402 4266 1489 4323 ogno-

108 4334 114 4342 ’
206 4333 289 4387 risset
306 4336 335 4387 et
352 4333 470 4403 perfidia
492 4334 590 4402 templi
612 4333 732 4387 custodis
751 4335 776 4403 ej
782 4334 930 4403 iisdemque
950 4333 1181 4390 cubiculariorum
1198 4332 1398 4403 imperialium
1414 4336 1488 4410 prin·

207 4419 286 4487 cipis,
305 4435 387 4486 quem
405 4417 527 4472 Flavitas
544 4419 632 4471 multo
651 4425 718 4472 auro
737 4422 906 4487 corruperat.
944 4420 996 4473 Hic
1014 4423 1108 4474 autem
1126 4417 1205 4473 Felix
1222 4418 1393 4488 hnjusmodi
1409 4421 1489 4479 Nico»

206 4503 287 4571 pheri
305 4504 458 4557 instrat-iuni
476 4503 624 4571 suflragari
642 4502 758 4557 ridetur.
797 4504 873 4568 (luae
892 4504 913 4555 si
933 4505 1051 4573 denique
1075 4503 1255 4569 admittetur,
1275 4504 1358 4574 justo
1378 4506 1488 4577 judicio

206 4586 285 4639 illudi
303 4588 404 4641 meruit
422 4591 509 4652 Zeno,
528 4590 576 4657 qui
594 4590 682 4641 Deum
700 4592 806 4643 temere
824 4592 933 4642 uncus
946 4607 1027 4643 ausus
1040 4589 1087 4653 sit,
1106 4594 1135 4642 et
1147 4587 1272 4645 Flevitas
1290 4590 1400 4662 dignus
1411 4608 1488 4663 pros·

207 4688 252 4724 sus
268 4672 333 4737 suit,
352 4673 399 4740 qui
417 4675 511 4727 statim
529 4673 680 4743 episcopali
698 4674 775 4740 sede,
800 4691 884 4743 quarn
901 4673 987 4743 impio
1006 4674 1070 4727 dolo
1088 4675 1254 4744 occuparat,
1277 4675 1488 4734 innuerim

207 4757 297 4810 morte
316 4756 489 4825 dejiceretur.

171 4904 173 4909 Ι
274 4843 295 4906 ²)
313 4840 331 4893 i.
350 4860 373 4896 e.
390 4842 525 4912 'principis
543 4845 667 4898 Zenonis.
704 4845 768 4897 Mox
786 4845 912 4898 Flavitae
931 4843 1068 4898 ordinatio
1086 4851 1244 4917 repulerim
1269 4845 1403 4905 indicata
1423 4846 1489 4905 dioi-

206 4928 266 4993 tur,
285 4924 351 4994 quia
368 4942 423 4980 non
441 4926 506 4981 solis
524 4926 624 4982 litteris
642 4929 688 4983 sod
708 4947 759 5000 por
776 4931 885 5000 legatos
903 4929 1064 5000 significata.
