3204 5506
188 312 251 377 542
664 324 691 371 s.
710 324 849 371 estrasu
871 323 985 369 aaran

188 480 264 544 lieet
278 481 312 543 in
331 479 482 560 divinam,
506 475 722 558 transeant‘ss)
746 479 858 539 sancto
874 474 996 559 Spiritu
1018 473 1209 558 perficiente
1229 473 1425 564 substantiam,

187 585 414 666 permanentes
436 584 545 643 tamen
569 579 603 641 in
620 600 694 642 suae
710 579 906 662 proprietate
922 580 1073 660 naturae;
1099 577 1145 640 sic
1168 575 1248 639 illud
1268 575 1361 660 ipsum
1373 602 1422 664 ny·

188 685 321 747 sterium
348 680 543 767 principale,
574 681 663 764 cujus
692 680 786 743 nobis
814 678 1021 742 efficientiam
1055 677 1269 761 virtutemque
1298 682 1419 744 verenter

187 786 441 868 repraesentant,
466 783 641 866 exquibus
665 784 792 847 constet
805 781 932 864 proprie
953 779 1229 864 permanentibus,
1253 781 1416 846 unumthri·

187 891 282 969 stum,
307 886 381 971 quia
403 886 566 968 integrum
589 906 770 968 verumque,
794 905 983 967 permanere
1006 882 1240 946 demonstrent.

255 1228 287 1291 211ᾖ)
306 1225 466 1293 lingendum
485 1236 617 1278 transeant
635 1224 702 1281 (scil.
722 1224 803 1292 panis
822 1228 850 1276 et
867 1223 971 1290 viuum)
990 1229 1016 1276 r'u
1034 1227 1142 1275 divinam
1154 1225 1325 1286 substantioe,
1338 1219 1413 1273 hored

187 1310 215 1361 in
233 1325 332 1377 eorpus
352 1313 381 1362 et
397 1308 560 1377 sanguinem
579 1308 692 1374 Christi,
717 1310 764 1376 qui
787 1324 872 1375 quum
890 1309 964 1362 Deus
983 1307 1032 1373 sit,
1054 1306 1196 1375 personali
1218 1305 1332 1360 erratione
1349 1303 1413 1365 efficit,

186 1395 218 1446 ut
236 1395 264 1446 et
286 1394 409 1461 corporis
432 1396 461 1447 ot
482 1392 623 1461 sauguinis
646 1392 705 1459 ejus
728 1393 885 1446 srrbstantia
907 1391 1006 1446 merito
1029 1397 1114 1445 divina
1132 1391 1294 1460 appelletur.
1326 1387 1413 1443 Subinde

187 1478 261 1545 quod
274 1478 302 1530 in
316 1478 398 1531 editis
410 1478 535 1546 sequitur
551 1489 714 1546 permanente
728 1489 809 1530 tamen
822 1484 847 1530 in
858 1498 920 1531 suae
936 1483 1098 1545 proprietate
1111 1488 1228 1537 naturae.
1247 1477 1294 1531 eut
1304 1473 1413 1545 legendum

186 1574 365 1629 permanentes
378 1573 435 1627 etc,
454 1564 504 1615 aret
519 1574 684 1630 permanente
701 1574 784 1616 taurea
797 1568 880 1616 insen
895 1568 1059 1630 proprietate
1072 1572 1179 1622 natum,¹
1196 1561 1240 1615 cui
1253 1555 1414 1615 altedlectimi

187 1647 269 1711 favet,
288 1648 363 1714 quod
381 1647 507 1715 sequitur
525 1668 560 1701 ex
578 1651 666 1716 quitus
679 1659 780 1701 cannae
796 1648 833 1713 (h.
845 1664 868 1701 e.
881 1649 991 1714 natine)
1007 1653 1116 1715 proprie
1135 1646 1172 1714 (h.
1187 1663 1211 1700 e.
1225 1646 1253 1698 in
1266 1663 1312 1699 sue
1326 1641 1413 1714 proprie

186 1732 257 1800 tate)
274 1736 485 1799 permanentibus.
521 1732 683 1785 Constantio
701 1733 791 1799 magis
813 1732 907 1800 placet
928 1744 1093 1800 permanente
1109 1743 1194 1786 tamen
1210 1751 1272 1785 suae
1292 1735 1414 1799 proprietate

186 1827 306 1882 naturae,
330 1834 385 1870 non
403 1816 458 1869 alio
478 1834 572 1881 sensu,
596 1819 625 1869 et
646 1816 719 1869 intra
737 1822 907 1870 demonstrent
926 1832 977 1885 pro
996 1822 1181 1870 denranrtrant.
1221 1813 1291 1880 Quid
1306 1830 1372 1884 porro
1386 1810 1414 1864 eet

187 1899 320 1952 transitus
335 1900 416 1968 pranis
434 1903 463 1954 et
480 1900 536 1954 vini
554 1902 582 1953 iu
600 1900 786 1953 substantiam
798 1901 933 1967 divinam,
951 1901 1002 1953 nisi
1015 1900 1090 1969 quod
1103 1900 1250 1955 concilium
1262 1896 1413 1954 Tridentum

185 1989 464 2039 transubstantiatione
481 1985 617 2038 vocabulo
636 1984 717 2037 nohis
736 1986 903 2039 credendum
922 1984 1084 2054 proposuit?
1118 1984 1263 2049 Quomodo
1281 1986 1360 2038 annm
1372 1996 1414 2033 reu

186 2068 238 2122 hac
256 2069 309 2121 lide
328 2086 383 2124 non
401 2074 520 2138 pugnet,
548 2071 623 2138 quod
641 2070 681 2124 ait
700 2070 837 2136 Celusius,
862 2070 890 2123 iu
912 2070 966 2124 hoo
987 2069 1121 2138 mysterio
1143 2075 1306 2124 substantiam
1324 2074 1356 2122 eet
1367 2074 1415 2119 retr

186 2174 240 2206 rma
257 2153 337 2222 panis
354 2172 531 2223 permanere,
551 2156 610 2208 fuse
629 2171 662 2209 ao
680 2153 798 2207 dilucide
811 2155 1003 2224 explicuerunt
1020 2155 1100 2208 multi
1117 2154 1233 2221 eruditi,
1252 2153 1299 2208 sed
1315 2145 1414 2220 imprimit

185 2236 288 2291 auctor*
301 2238 364 2291 libri
383 2239 482 2293 Gallici
500 2239 535 2293 de
553 2239 742 2308 perpetuitate
760 2237 825 2292 fidei
843 2240 937 2293 tom3
954 2239 1001 2292 lib.
1016 2244 1032 2291 t
1050 2255 1110 2307 cap.
1131 2246 1171 2293 10.
1201 2238 1243 2292 Ex
1259 2255 1312 2307 quo
1327 2232 1414 2290 malen-

185 2322 263 2375 dum:
281 2323 401 2391 primum
419 2324 472 2377 hoc
484 2324 615 2377 rrdversus
627 2323 813 2392 Eutychianos
831 2323 935 2376 dictum
948 2340 1020 2388 esse,
1039 2322 1087 2391 qni
1105 2322 1134 2375 in
1147 2320 1249 2377 Christi
1265 2317 1415 2377 incarnatione

186 2407 304 2460 irraxime
317 2424 382 2461 vero
400 2410 466 2477 post
478 2408 537 2476 ejus
556 2407 786 2477 glorificationem
804 2408 845 2461 ita
861 2407 1012 2461 humanam
1029 2408 1159 2461 naturam
1171 2406 1310 2461 transiisse
1320 2398 1416 2460 volebat

186 2491 213 2542 in
237 2491 371 2557 divinam,
395 2495 426 2545 ut
448 2492 587 2546 humanae
610 2495 727 2546 naturae
749 2509 861 2566 prorsus
883 2492 1050 2546 deiecissent
1071 2491 1271 2561 proprietates,
1299 2490 1382 2560 quique
1396 2483 1417 2533 ul

186 2592 264 2628 snam
282 2579 439 2631 assererent
462 2577 641 2641 sententiam,
666 2576 848 2631 eucharistiae
871 2577 1022 2630 utebantur
1040 2576 1181 2646 exemplo,
1203 2575 1233 2629 in
1250 2594 1304 2646 quo
1323 2567 1417 2645 pmice

187 2657 280 2711 vinmn
296 2659 337 2713 ita
360 2660 388 2713 in
407 2660 508 2714 Christi
527 2678 626 2730 corpus
646 2663 674 2714 et
691 2660 854 2730 sarrguiuem
872 2663 1028 2727 mutantur,
1052 2663 1084 2714 ut
1101 2660 1182 2730 panis
1201 2678 1234 2715 ac
1251 2661 1306 2715 viui
1320 2656 1375 2713 nihil
1387 2668 1417 2705 ³¹¹·

185 2743 279 2810 parsit.
325 2750 424 2798 Deinde
448 2744 596 2813 diligenter
619 2746 833 2811 attendemlunr,
861 2745 914 2799 hoc
936 2762 1031 2799 eorum
1055 2747 1252 2813 argumentum
1275 2763 1291 2799 a
1312 2733 1418 2798 auehe

184 2827 289 2895 partim
307 2828 469 2895 admissum,
491 2829 595 2897 partim
617 2830 769 2883 refutatum
788 2846 858 2884 esse:
887 2830 1037 2884 admissum
1055 2829 1180 2897 quidem,
1203 2832 1331 2898 quatenus
1344 2833 1417 2896 pm

135 2908 137 2914 ’
185 2915 214 2964 et
231 2913 325 2966 vinum
343 2915 371 2967 in
390 2933 489 2984 corpus
509 2917 537 2967 et
554 2913 718 2982 sauguinem
731 2914 832 2968 Christi
851 2916 975 2969 converti
992 2933 1055 2969 cum
1072 2918 1135 2968 tota
1145 2915 1271 2969 Ecclesia
1287 2907 1417 2984 puteba-

184 3005 241 3063 tur,
260 3000 412 3053 refutatum
431 3017 509 3065 vero,
529 3001 664 3066 quatenns
682 2999 746 3052 hinc
758 3000 864 3053 nullum
877 3000 905 3053 in
918 2999 1028 3054 Christo
1046 3000 1185 3054 humanae
1198 3002 1312 3054 naturae
1326 2986 1417 3066 propri*

184 3084 272 3136 tatem
290 3101 454 3152 permanere
473 3084 687 3138 concludebant:
715 3084 794 3152 quasi
811 3102 890 3151 vero,
908 3085 1085 3153 inquiebant,
1103 3086 1168 3154 post
1181 3083 1371 3139 conversionem
1384 3086 1417 3141 l*

109 3222 115 3231 ,
184 3168 225 3220 nis
245 3168 346 3222 etvini
368 3169 397 3222 in
416 3186 515 3237 correus
535 3169 563 3222 ct
581 3164 745 3236 sanguinem
764 3168 866 3223 Christi
886 3186 942 3222 non
964 3171 1144 3239 perseverent
1167 3153 1416 3237 utriusquepartis

183 3253 267 3315 tates,
287 3271 377 3321 neque
396 3254 493 3307 eadem
512 3253 548 3306 eit
565 3252 671 3322 species
688 3254 769 3321 panis
787 3253 940 3320 eademque
958 3254 1060 3322 ligura,
1079 3253 1196 3309 eaedem
1214 3270 1269 3307 uno
1285 3250 1357 3307 verbo
1372 3252 1419 3308 ‘1¹¹²'

184 3337 277 3391 litates
295 3356 397 3393 omnes.
429 3338 516 3391 Porro
530 3337 655 3393 Gelasius
672 3337 745 3391 hanc
763 3337 930 3407 qualitatum
949 3338 1109 3407 congeriem
1126 3342 1284 3393 substantiae
1299 3337 1325 3390 et
1337 3337 1419 3386 „uren

186 3420 296 3476 nomine
315 3423 414 3488 dorrat,
439 3422 560 3476 Graecos
579 3422 755 3492 maximeque
774 3423 981 3477 'theodoretum
999 3424 1135 3489 imitatem,
1158 3423 1235 3493 apud
1252 3438 1316 3492 quoe
1329 3407 1421 3472 retii*

185 3505 273 3558 lorum
292 3503 379 3575 φύσις
403 3512 431 3561 et
448 3503 534 3562 οὐσία
551 3508 625 3562 idem
643 3526 708 3562 usus
726 3512 775 3562 est.
811 3507 916 3563 Verum
939 3525 972 3561 ex
990 3508 1055 3575 hoe,
1078 3508 1154 3577 qnod
1176 3508 1321 3575 qualitates
1334 3517 1361 3557 et
1374 3502 1422 3564 ΡΨ

183 3591 318 3657 prietates
341 3592 403 3646 illas
423 3601 605 3662 externasque
629 3594 710 3663 panis
734 3593 839 3662 species
860 3609 1024 3662 permanere
1042 3592 1118 3645 nullo
1142 3594 1313 3663 repugnante
1331 3572 1426 3641 eessfflb

184 3693 238 3728 non
257 3677 394 3745 sequitur,
420 3682 450 3731 ut
471 3678 610 3731 internam
633 3677 712 3748 panis
730 3680 859 3732 naturam
877 3695 933 3731 una
951 3695 1014 3731 cum
1032 3693 1148 3747 corpore
1168 3677 1269 3732 Christi
1289 3667 1429 3747 peruretlere

184 3760 345 3828 crediderit3
369 3764 453 3815 immo
472 3763 544 3817 hanc
560 3763 589 3815 in
608 3781 708 3832 corpus
728 3762 829 3816 Christi
851 3762 970 3829 ideoque
988 3761 1017 3814 in
1036 3760 1159 3816 divinam
1177 3759 1351 3817 substantiam
1364 3752 1434 3804 ω’

182 3845 235 3898 sire
254 3863 305 3914 pro
324 3846 481 3901 indubitato
499 3848 587 3917 ponit.
625 3848 684 3912 Quo
703 3847 823 3902 transitu
840 3864 906 3901 sane
925 3863 980 3900 non
998 3848 1109 3901 tantum
1126 3847 1219 3916 figura
1236 3847 1284 3901 sed
1300 3848 1326 3899 et
1339 3856 1363 3896 re
1375 3834 1440 3886 tm

183 3947 234 3997 pus
253 3930 355 3984 Christi
372 3932 400 3985 in
419 3932 528 3986 actione
546 3933 743 4001 mysteriorum
761 3930 857 4001 pertici
880 3948 914 3985 ao
931 3931 1013 3997 sumi,
1037 3949 1127 3999 exque
1144 3933 1257 4002 sumpto
1280 3928 1371 3985 deun
1388 3916 1447 3965 '¹⁸'

182 4019 262 4070 turae
281 4032 330 4070 nos
349 4019 491 4071 consortes
510 4016 582 4082 fieri,
601 4016 703 4070 ‹hserte
721 4019 875 4085 profitetur.
908 4016 998 4080 Quare
1017 4017 1046 4069 in
1063 4017 1174 4072 actione
1187 3998 1455 4086 mysteriorum&

182 4101 269 4168 proriu,
293 4101 368 4168 quod
387 4101 545 4155 curcifixum
564 4105 618 4168 cst,
641 4105 670 4155 et
687 4101 828 4170 sanguinis
847 4099 961 4167 Christi,
985 4100 1033 4169 qui
1050 4119 1102 4170 pro
1120 4101 1202 4156 nobis
1225 4104 1298 4156 luem
1317 4100 1362 4159 eei,
1376 4080 1458 4192 βῶξ

182 4205 260 4240 mera
278 4187 435 4241 celebratur
453 4189 482 4239 et
499 4186 575 4239 nuda
592 4186 700 4254 imago,
718 4185 766 4239 sed
784 4186 868 4255 plena
886 4203 919 4239 ea
937 4185 1058 4254 ipsura,
1078 4204 1164 4254 quem
1181 4183 1370 4256 repraesentet,
1402 4166 1455 4213 *²

181 4274 247 4338 pote
265 4272 294 4325 iu
312 4289 367 4341 quo
385 4289 429 4325 res
447 4271 559 4325 oblatae
577 4277 604 4324 in
622 4277 729 4324 etiairrmn
748 4282 881 4324 transeant
898 4281 987 4324 sancta
1001 4274 1100 4338 Spiritu
1116 4278 1268 4339 perficiente
1280 4250 1458 4325 8⁸1er

181 4356 277 4424 Neque
296 4358 359 4409 hinc
377 4357 464 4410 habet
480 4356 681 4424 Eutychianos,
700 4356 774 4422 equod
793 4354 920 4423 objiciat,
941 4355 1041 4409 saltem
1059 4357 1200 4410 internam
1217 4356 1349 4409 humanae
1361 4316 1458 4401 11⁸⁴

183 4458 230 4493 rao
249 4440 436 4495 substantiam
453 4441 482 4493 in
495 4440 603 4494 Christo
622 4441 767 4495 irnernato
778 4456 834 4493 non
852 4456 1039 4508 perseverare.
1071 4438 1216 4509 Siquidem
1229 4439 1258 4493 in
1270 4416 1458 4493 euchffl

181 4528 354 4580 sacramento
377 4543 478 4595 panem
500 4518 529 4578 iri
553 4541 653 4594 corpus
672 4524 773 4578 Christi
795 4528 959 4594 profitemur
981 4541 1157 4591 conversum3
1181 4524 1211 4578 in
1234 4522 1332 4579 Christi
1351 4503 1458 4573 ⁸⁰19

181 4608 371 4665 incarnatione
390 4629 445 4663 non
463 4611 613 4664 humanam
631 4612 760 4663 naturam
779 4610 807 4662 in
824 4609 949 4664 Verbum
968 4626 1142 4676 conversam,
1161 4609 1211 4680 sed
1228 4626 1291 4664 eam
1307 4606 1396 4662 enum
1421 4589 1458 4637 Ι

181 4692 274 4746 Verbo
294 4698 451 4764 susceptum
470 4713 668 4749 asseveramus.
705 4695 803 4763 ltaque
822 4713 877 4750 uon
896 4697 931 4750 ad
950 4695 1144 4765 explicandam
1161 4692 1322 4764 hujusmodi
1338 4680 1458 4744 aar?

181 4778 285 4832 sionem
304 4798 321 4834 a
340 4780 450 4833 Gelasio
472 4781 600 4833 instituta
624 4781 666 4831 ert
689 4782 869 4848 comparatio.
907 4780 958 4846 Qui
982 4781 1064 4850 plura
1081 4780 1170 4843 volet,
1194 4796 1265 4850 opus
1285 4779 1419 4833 ciarum·

183 4865 371 4931 perpetuitate
391 4865 453 4919 lidei
472 4883 489 4917 u.
508 4883 568 4933 cap.
591 4871 602 4917 1
622 4864 659 4916 ad
678 4871 707 4917 11
728 4864 774 4918 lib.
796 4869 983 4935 bpercurrat.
