3204 5506
295 305 358 372 850
738 320 766 370 s.
782 318 989 370 normania
1010 319 1124 369 aaran

161 497 196 563 (a
207 496 279 564 519.)
368 481 607 554 episcoporum
615 474 656 562 ¹),
684 481 809 540 Felicis
831 486 866 540 ot
887 481 1042 541 Dioscorl
1064 480 1290 540 diaconorum
1311 485 1346 538 et
1365 480 1467 539 mand

826 584 1029 657 presbyteri.

326 720 366 770 De
381 720 461 784 peslr's
478 719 504 768 or
517 717 654 783 Soompina
671 718 773 768 οἰυίιαιε
789 717 908 780 referunt
925 723 950 767 et
967 716 1114 782 quibusdam
1132 718 1228 768 maliis
1243 715 1294 766 albi
1307 717 1495 781 mudum.
1522 729 1538 781 p.

379 853 408 917 1.
442 851 483 916 In
506 850 636 915 civitate
659 849 893 933 Aulonitana2)
916 871 979 934 quo
1000 849 1112 913 ordine
1136 871 1208 914 cum
1230 848 1293 913 Dei
1316 847 1458 933 adjutorio
1473 870 1517 933 per·

292 954 448 1036 venimus,
473 955 506 1017 et
527 951 683 1037 quomodo
705 974 812 1037 sumus
835 951 973 1036 suscepti
996 951 1037 1015 ab
1060 951 1211 1036 episcopo
1234 950 1373 1015 civitatis
1393 950 1482 1034 ipsius,
1498 955 1519 1013 et

292 1055 368 1140 quid
391 1057 441 1119 est
462 1057 580 1138 actum,
604 1052 655 1118 vel
676 1054 769 1138 quale
789 1074 977 1137 responsum
993 1053 1160 1137 dederunt,
1185 1055 1219 1117 et
1233 1052 1310 1136 quia
1324 1051 1384 1117 hoc
1402 1052 1519 1136 promisit

292 1160 329 1222 ut
351 1179 424 1222 cum
444 1155 692 1240 metropolitano
714 1177 770 1219 suo
792 1156 915 1219 faceret
937 1154 1097 1239 libellum,
1122 1155 1158 1219 in
1179 1154 1246 1218 alia
1269 1152 1402 1238 epistola
1421 1152 1520 1218 beafiti-

291 1259 360 1323 dini
383 1262 508 1323 vestrae
530 1257 792 1343 significavimus.

375 1361 406 1424 2.
440 1359 526 1425 Nam
541 1360 624 1445 quod
638 1360 674 1425 in
690 1358 896 1446 Scampina³)
913 1359 1043 1424 civitate
1057 1359 1181 1423 factum
1197 1362 1258 1442 est,
1283 1360 1396 1424 vestris
1408 1359 1521 1424 orationi·

290 1463 350 1527 bus
371 1464 479 1526 tacere
501 1484 567 1527 non
590 1461 792 1546 permisimus
799 1461 837 1546 ⁴).
876 1459 1061 1545 Antequam
1082 1482 1141 1526 nos
1163 1460 1405 1546 ingrederemur
1424 1461 1523 1525 incid

289 1566 390 1628 tatem
413 1563 533 1647 ipsam,
563 1563 756 1627 venerabilis
784 1562 899 1647 'lbojus
922 1563 1088 1647 episcopus
1111 1584 1184 1627 cum
1206 1585 1265 1628 suo
1289 1564 1374 1629 clero
1393 1562 1440 1627 vel
1458 1561 1525 1647 plebe

289 1664 325 1729 in
347 1685 514 1729 occursum
535 1665 628 1729 nobis
651 1685 798 1749 egressus
820 1666 878 1728 est.
909 1663 955 1729 Et
968 1665 1124 1748 quomodo
1140 1663 1227 1729 Deus
1241 1665 1279 1729 in
1299 1665 1371 1749 ipsa
1391 1664 1439 1729 die
1456 1663 1528 1728 bene

290 1766 394 1830 dictus
418 1768 481 1849 est,
511 1769 545 1830 et
566 1787 648 1851 quae
668 1767 829 1830 festivitas
856 1787 913 1850 per
935 1766 1034 1850 ipsius
1055 1766 1210 1850 pietatem
1232 1769 1284 1830 est
1305 1767 1480 1848 subsecuta,
1503 1763 1531 1829 sd

289 1869 440 1932 notitiam
467 1867 665 1953 apostolatus
694 1868 792 1932 vestri
819 1868 997 1932 referimus.
1042 1866 1144 1932 Nobis
1171 1867 1398 1952 praesentibus
1423 1867 1468 1933 uel
1492 1888 1534 1931 suo

258 2009 262 2018 ·
290 1969 374 2034 clero
396 1972 430 2034 et
452 1970 613 2034 nobilibus
635 1968 712 2034 viris
727 1970 827 2054 ipsius
844 1969 994 2052 civitatis,
1018 1969 1161 2034 libellum
1176 1970 1379 2055 subscripsit,
1401 1969 1537 2055 porrexit:

288 2072 496 2157 suscepimus,
521 2075 553 2136 et
575 2074 744 2158 praesente
767 2072 854 2136 omni
877 2070 961 2136 clero
984 2071 1034 2135 vel
1055 2071 1164 2156 plebe,
1193 2072 1228 2136 in
1258 2071 1363 2156 gradu
1372 2072 1398 2158 5)
1426 2091 1556 2160 aserro·

290 2178 396 2238 vestro
418 2175 515 2239 Petro
543 2173 669 2239 notario
698 2177 830 2238 sanctae
853 2172 1006 2237 ecclesiae
1027 2172 1193 2238 Romanae
1216 2178 1267 2237 est
1288 2173 1436 2239 relectus.
1478 2173 1545 2238 Erat

289 2279 465 2341 conventus
487 2277 523 2341 in
545 2276 678 2340 basilica
704 2275 809 2340 sancti
831 2275 929 2339 Petri.
976 2273 1174 2340 Confitemur
1194 2275 1392 2341 beatitudini
1420 2280 1547 2341 vestrae:

288 2380 414 2442 tantam
436 2378 647 2460 devotionem,
670 2380 780 2442 tantas
801 2377 870 2441 Deo
893 2376 1013 2461 laudes,
1037 2379 1147 2441 tantas
1168 2377 1342 2462 lacrymas,
1366 2382 1464 2444 tanta
1485 2401 1549 2465 gau·

288 2479 341 2543 dia
363 2479 494 2544 difficile
522 2480 557 2544 in
580 2479 643 2543 alio
665 2479 783 2562 populo
805 2478 951 2542 vidimus.
996 2477 1100 2563 Prope
1129 2501 1239 2544 omnes
1269 2502 1344 2545 cum
1373 2481 1475 2546 cereis
1501 2481 1553 2545 riri

289 2602 360 2645 cum
382 2581 585 2664 mulieribus,
614 2581 742 2644 milites.
762 2602 834 2645 cum
862 2580 1008 2645 crucibus
1034 2580 1070 2644 in
1102 2581 1232 2646 civitate
1255 2604 1316 2646 nos
1339 2588 1553 2668 susceperunt

288 2681 477 2748 Celebratae
499 2685 576 2746 sunt
596 2683 723 2764 missae,
748 2681 868 2746 nullius
890 2703 1008 2746 nomen
1023 2682 1197 2748 obnoxium
1218 2683 1390 2768 religionis
1415 2689 1466 2749 est
1487 2688 1557 2748 reci·

287 2786 407 2868 tatum,
442 2783 504 2848 nisi
532 2786 660 2848 tantum
687 2783 897 2848 beatitudinis
919 2788 1053 2849 vestrae.
1098 2784 1215 2849 Noster
1237 2785 1413 2869 episcopus
1437 2809 1558 2851 venera·

286 2885 360 2950 bilis
384 2885 563 2951 Germanus
585 2885 716 2949 missam
740 2885 922 2950 celebravit.
960 2884 1004 2950 Et
1026 2887 1241 2971 promiserunt
1261 2908 1326 2950 nec
1347 2893 1467 2972 postea
1489 2890 1560 2955 reci·

286 2988 365 3072 tari,
401 2987 464 3052 nisi
491 3009 570 3072 quos
599 2987 689 3052 sedes
717 2987 891 3071 apostolica
919 2988 1069 3071 suscepit.
1115 2987 1242 3064 Quanta
1264 3011 1284 3052 a
1307 2989 1407 3054 nobis
1435 2996 1562 3076 operata

286 3092 378 3173 sunt,
409 3090 495 3154 Deus
517 3090 674 3174 propitius
697 3090 732 3153 in
755 3089 844 3153 vobis
867 3092 1042 3153 conservet.
1087 3089 1188 3154 Istam
1209 3089 1386 3174 epistolam
1412 3097 1492 3158 ante
1513 3094 1564 3157 tri·

285 3191 379 3275 ginta
401 3190 537 3275 millial)
561 3191 599 3256 de
615 3191 753 3277 Lignido
776 3192 920 3275 fecimus,
944 3194 1111 3275 sperantes
1132 3192 1202 3276 ipsa
1217 3191 1269 3256 die
1290 3192 1329 3257 in
1352 3194 1474 3260 eadem
1496 3197 1564 3260 cisi·

285 3295 354 3356 tate
382 3315 454 3357 eum
477 3293 549 3357 Dei·
567 3293 725 3376 adjutorio
750 3293 928 3377 pervenire.
972 3292 1017 3358 Et
1039 3293 1194 3378 quomodo
1216 3294 1258 3358 ad
1279 3316 1345 3360 nos
1367 3298 1553 3383 pervenit7)

285 3534 318 3583 59
354 3530 373 3597 ¹)
391 3529 441 3584 Ed.
462 3536 578 3598 episcopi
595 3531 624 3586 et
640 3546 705 3584 mox
724 3536 839 3590 diaconi:
857 3530 1041 3586 emendantur
1058 3549 1093 3586 ex
1111 3531 1235 3602 epistolis
1253 3536 1303 3600 64,
1323 3539 1358 3588 76
1378 3536 1437 3591 etc.

352 3613 595 3681 ²)G1Alonitana.
635 3615 705 3669 Erat
725 3620 827 3670 Aulona
850 3616 947 3670 civitas
964 3615 1043 3685 Epiri
1064 3632 1153 3671 novae
1175 3615 1227 3670 sub
1248 3618 1485 3689 metropolitano
1501 3622 1562 3692 Dyr

285 3697 411 3766 rachino,
435 3716 497 3753 cum
520 3716 575 3769 quo
602 3699 632 3753 in
654 3699 772 3769 epistola
798 3700 938 3769 encyclica
964 3699 1001 3754 ud
1022 3700 1144 3755 Leonem
1165 3700 1237 3770 Aug.
1261 3701 1364 3757 concil.
1397 3705 1561 3762 Calchedon

283 3784 355 3853 part.
376 3791 392 3839 3
410 3783 506 3852 (Haud.
525 3784 563 3850 Π,
581 3788 641 3853 767)
660 3783 808 3839 subscribit
825 3789 953 3839 Notarius
971 3791 1105 3855 episcopus
1123 3789 1248 3842 Autonoe.

351 3871 371 3937 ³)
390 3869 427 3923 Et
443 3869 513 3924 haec
530 3868 608 3939 Epiri
625 3885 727 3936 novae,
745 3871 776 3923 ut
794 3887 827 3924 ex
846 3869 931 3925 citato
949 3870 1010 3924 loco
1029 3871 1151 3934 constat,
1174 3869 1273 3926 civitas
1293 3875 1360 3928 erat
1377 3872 1560 3944 Dyrrachium

282 3953 355 4008 inter
373 3954 409 4008 ad
428 3971 555 4008 occasum
574 3956 603 4008 et
619 3953 769 4023 Liguidum
787 3954 823 4008 ad
841 3956 934 4009 ortum
950 3954 1015 4022 sita,
1033 3954 1083 4010 sed
1099 3973 1172 4010 nunc
1188 3954 1218 4009 in
1235 3954 1333 4012 vicum
1350 3958 1482 4017 reum

351 4041 372 4108 ⁴)
390 4039 457 4094 bcc
472 4045 643 4109 permisimus,
662 4038 725 4093 Ga¹
745 4047 879 4103 omisimus,
901 4041 974 4094 forto
991 4046 1132 4095 admrsr'mus
1149 4041 1194 4096 vel
1211 4049 1384 4098 cummim
1407 4045 1558 4116 legendnm.

352 4128 372 4191 ⁵)
390 4124 430 4176 Ex
443 4139 476 4178 eo
489 4126 520 4177 ut
537 4122 646 4177 videtur
664 4124 739 4191 loco,
757 4125 786 4178 in
804 4141 859 4194 quo
877 4141 984 4192 versus,
1001 4127 1066 4196 post
1084 4124 1230 4194 epistolam
1247 4126 1498 4187 intermissurum
1512 4132 1558 4187 sol·

282 4208 386 4264 lemnia
408 4209 551 4265 decantari
572 4208 681 4276 solitus,
702 4216 836 4277 madualis
859 4208 1010 4265 etiamnum
1034 4209 1137 4265 retinet
1158 4225 1268 4266 nomeu.
1312 4212 1390 4270 Hinc
1413 4234 1558 4290 perperam

282 4310 317 4347 cc
335 4293 399 4349 add.
418 4315 473 4350 suo.

349 4381 370 4446 6)
389 4379 456 4434 hcc
473 4386 592 4436 milliario
611 4401 627 4434 a
644 4385 765 4449 Lipnr'do.
795 4379 855 4435 Hoc
871 4381 913 4435 ita
924 4380 1154 4451 interpretamur,
1171 4383 1203 4435 ut
1219 4380 1312 4451 legati
1329 4400 1346 4439 e
1365 4385 1432 4442 loeo
1443 4387 1554 4459 ampliu

281 4460 399 4530 triginta
417 4464 539 4519 millibus
557 4482 575 4519 a
590 4464 709 4535 Lignido
733 4464 853 4520 distante
876 4465 997 4521 scribere
1015 4483 1044 4520 se
1063 4465 1225 4535 significent.
1263 4467 1347 4532 Quod
1368 4472 1496 4527 consulto
1512 4486 1553 4526 no

280 4547 355 4613 tant,
376 4549 407 4601 ut
428 4565 457 4603 se
475 4550 601 4604 maximis
618 4549 764 4604 itineribus
784 4551 905 4605 celerare
923 4549 1006 4605 fidem
1025 4550 1135 4605 faciant.
1176 4549 1338 4607 Secundum
1356 4554 1551 4613 Baudrsndum

281 4631 375 4686 autem
394 4633 505 4705 Scampi
524 4652 541 4689 a
557 4635 675 4705 Lignido
694 4642 727 4692 55
744 4635 864 4691 millibus
882 4636 995 4690 distant.
1288 4685 1294 4699 ,

347 4719 368 4786 ⁷)
387 4717 454 4773 boc
470 4726 587 4788 pervenit
604 4724 753 4790 Scompiuus
775 4728 922 4790 episeopus,
944 4741 1075 4790 speramus
1094 4733 1120 4776 ct
1140 4727 1221 4792 ipsius
1241 4729 1358 4778 civim
1376 4730 1485 4795 Liquw
1498 4729 1548 4794 epl-

279 4818 393 4868 scopum,
416 4805 530 4872 praeter
551 4807 674 4859 mentem
696 4806 867 4875 legatorum,
890 4806 991 4875 quibus
1014 4813 1136 4877 quonmdo
1155 4812 1191 4862 ad
1207 4826 1255 4861 nos
1268 4816 1395 4877 penem
1412 4809 1486 4865 idern
1502 4811 1548 4874 ed,

280 4884 353 4950 quod
373 4894 575 4955 queamdmodum
593 4896 743 4958 accepturus,
761 4891 805 4945 val
822 4891 879 4946 scil.
900 4891 976 4945 sama
993 4890 1125 4961 vulgante
1143 4891 1187 4947 vel
1205 4890 1289 4947 cerfis
1300 4894 1421 4950 amitiit.
1449 4894 1547 4949 Eodem
