<?xml version="1.0" encoding="UTF-8"?>
<!DOCTYPE html PUBLIC "-//W3C//DTD XHTML 1.0 Transitional//EN"
    "http://www.w3.org/TR/xhtml1/DTD/xhtml1-transitional.dtd">
<html xmlns="http://www.w3.org/1999/xhtml" xml:lang="en" lang="en">
 <head>
  <title>
</title>
<meta http-equiv="Content-Type" content="text/html;charset=utf-8" />
  <meta name='ocr-system' content='tesseract 3.04.00' />
  <meta name='ocr-capabilities' content='ocr_page ocr_carea ocr_par ocr_line ocrx_word'/>
</head>
<body>
  <div class='ocr_page' id='page_1' title='image "./epistolaeromano00thiegoog/epistolaeromano00thiegoog_0659.png"; bbox 0 0 3224 5506; ppageno 0'>
   <div class='ocr_carea' id='block_1_1' title="bbox 332 140 1124 206">
    <p class='ocr_par' dir='ltr' id='par_1_1' title="bbox 332 140 1124 206">
     <span class='ocr_line' id='line_1_1' title="bbox 332 140 1124 206; baseline -0.004 0"><span class='ocrx_word' id='word_1_1' title='bbox 332 140 397 206; x_wconf 82' lang='lat' dir='ltr'>Gli)</span> <span class='ocrx_word' id='word_1_2' title='bbox 803 155 832 203; x_wconf 85' lang='lat' dir='ltr'>s.</span> <span class='ocrx_word' id='word_1_3' title='bbox 848 154 990 205; x_wconf 80' lang='lat' dir='ltr'>ennean</span> <span class='ocrx_word' id='word_1_4' title='bbox 1011 155 1124 203; x_wconf 75' lang='lat' dir='ltr'>ruens</span> 
     </span>
    </p>
   </div>
   <div class='ocr_carea' id='block_1_2' title="bbox 331 307 1533 644">
    <p class='ocr_par' dir='ltr' id='par_1_2' title="bbox 331 307 1533 644">
     <span class='ocr_line' id='line_1_2' title="bbox 332 307 1530 390; baseline 0 -19"><span class='ocrx_word' id='word_1_5' title='bbox 332 317 438 373; x_wconf 86' lang='lat' dir='ltr'>vitanda</span> <span class='ocrx_word' id='word_1_6' title='bbox 454 333 546 372; x_wconf 89' lang='lat' dir='ltr'>eorum</span> <span class='ocrx_word' id='word_1_7' title='bbox 563 307 760 379; x_wconf 81' lang='lat' dir='ltr'>communione,</span> <span class='ocrx_word' id='word_1_8' title='bbox 777 318 823 390; x_wconf 90' lang='lat' dir='ltr'>qui</span> <span class='ocrx_word' id='word_1_9' title='bbox 837 333 852 371; x_wconf 95' lang='lat' dir='ltr'>a</span> <span class='ocrx_word' id='word_1_10' title='bbox 867 316 1053 371; x_wconf 90' lang='lat' dir='ltr'>damnatorum</span> <span class='ocrx_word' id='word_1_11' title='bbox 1069 313 1213 371; x_wconf 74' lang='lat' dir='ltr'><strong>recitandis</strong></span> <span class='ocrx_word' id='word_1_12' title='bbox 1234 312 1391 371; x_wconf 77' lang='lat' dir='ltr'><strong>nominibus</strong></span> <span class='ocrx_word' id='word_1_13' title='bbox 1404 313 1530 371; x_wconf 83' lang='lat' dir='ltr'>absistere</span> 
     </span>
     <span class='ocr_line' id='line_1_3' title="bbox 332 397 1533 475; baseline -0.002 -17"><span class='ocrx_word' id='word_1_14' title='bbox 332 400 430 463; x_wconf 89' lang='lat' dir='ltr'>lebant,</span> <span class='ocrx_word' id='word_1_15' title='bbox 447 418 557 475; x_wconf 91' lang='lat' dir='ltr'>eamque</span> <span class='ocrx_word' id='word_1_16' title='bbox 574 401 724 475; x_wconf 85' lang='lat' dir='ltr'>epistolam.</span> <span class='ocrx_word' id='word_1_17' title='bbox 740 417 819 474; x_wconf 90' lang='lat' dir='ltr'>quam</span> <span class='ocrx_word' id='word_1_18' title='bbox 835 405 1037 458; x_wconf 88' lang='lat' dir='ltr'>auctoritatem</span> <span class='ocrx_word' id='word_1_19' title='bbox 1049 408 1134 463; x_wconf 88' lang='lat' dir='ltr'>vocat,</span> <span class='ocrx_word' id='word_1_20' title='bbox 1142 397 1325 455; x_wconf 84' lang='lat' dir='ltr'>subnexuerat</span> <span class='ocrx_word' id='word_1_21' title='bbox 1335 398 1533 475; x_wconf 69' lang='lat' dir='ltr'>cheriuuni</span> 
     </span>
     <span class='ocr_line' id='line_1_4' title="bbox 332 482 1530 560; baseline -0.001 -18"><span class='ocrx_word' id='word_1_22' title='bbox 332 487 364 542; x_wconf 94' lang='lat' dir='ltr'>ad</span> <span class='ocrx_word' id='word_1_23' title='bbox 380 488 523 560; x_wconf 89' lang='lat' dir='ltr'>episcopos</span> <span class='ocrx_word' id='word_1_24' title='bbox 540 485 683 541; x_wconf 79' lang='lat' dir='ltr'>Dardaniae</span> <span class='ocrx_word' id='word_1_25' title='bbox 708 485 741 540; x_wconf 92' lang='lat' dir='ltr'>de</span> <span class='ocrx_word' id='word_1_26' title='bbox 763 486 855 543; x_wconf 92' lang='lat' dir='ltr'>eadem</span> <span class='ocrx_word' id='word_1_27' title='bbox 875 483 1054 541; x_wconf 87' lang='lat' dir='ltr'>rescribebat</span> <span class='ocrx_word' id='word_1_28' title='bbox 1075 484 1143 557; x_wconf 87' lang='lat' dir='ltr'>(Gel.</span> <span class='ocrx_word' id='word_1_29' title='bbox 1160 501 1204 558; x_wconf 90' lang='lat' dir='ltr'>ep.</span> <span class='ocrx_word' id='word_1_30' title='bbox 1222 485 1262 542; x_wconf 88' lang='grc'>18</span> <span class='ocrx_word' id='word_1_31' title='bbox 1277 501 1305 540; x_wconf 82' lang='grc' dir='ltr'>ιι.</span> <span class='ocrx_word' id='word_1_32' title='bbox 1321 482 1362 557; x_wconf 83' lang='lat'>4).</span> <span class='ocrx_word' id='word_1_33' title='bbox 1400 482 1454 541; x_wconf 85' lang='lat' dir='ltr'>Sed</span> <span class='ocrx_word' id='word_1_34' title='bbox 1468 484 1530 541; x_wconf 78' lang='lat' dir='ltr'>haee</span> 
     </span>
     <span class='ocr_line' id='line_1_5' title="bbox 331 568 1299 644; baseline -0.001 -18"><span class='ocrx_word' id='word_1_35' title='bbox 331 571 500 644; x_wconf 80' lang='lat' dir='ltr'>pervenitad</span> <span class='ocrx_word' id='word_1_36' title='bbox 516 588 575 633; x_wconf 90' lang='lat' dir='ltr'>nos,</span> <span class='ocrx_word' id='word_1_37' title='bbox 592 579 618 626; x_wconf 91' lang='lat' dir='ltr'>et</span> <span class='ocrx_word' id='word_1_38' title='bbox 634 587 703 644; x_wconf 89' lang='lat' dir='ltr'>qnae</span> <span class='ocrx_word' id='word_1_39' title='bbox 717 569 749 626; x_wconf 92' lang='lat' dir='ltr'>ad</span> <span class='ocrx_word' id='word_1_40' title='bbox 767 570 896 626; x_wconf 80' lang='lat' dir='ltr'>Dalmatas</span> <span class='ocrx_word' id='word_1_41' title='bbox 912 571 1063 644; x_wconf 89' lang='lat' dir='ltr'>conscripta</span> <span class='ocrx_word' id='word_1_42' title='bbox 1079 577 1137 626; x_wconf 89' lang='lat' dir='ltr'>erat</span> <span class='ocrx_word' id='word_1_43' title='bbox 1151 568 1299 627; x_wconf 73' lang='lat' dir='ltr'>intercidit.</span> 
     </span>
    </p>
   </div>
   <div class='ocr_carea' id='block_1_3' title="bbox 941 697 981 762">
    <p class='ocr_par' dir='ltr' id='par_1_3' title="bbox 941 697 981 762">
     <span class='ocr_line' id='line_1_6' title="bbox 941 697 981 762; baseline 0 0"><span class='ocrx_word' id='word_1_44' title='bbox 941 697 981 762; x_wconf 87' lang='lat' dir='ltr'>X.</span> 
     </span>
    </p>
   </div>
   <div class='ocr_carea' id='block_1_4' title="bbox 331 806 1533 1051">
    <p class='ocr_par' dir='ltr' id='par_1_4' title="bbox 331 806 1533 1051">
     <span class='ocr_line' id='line_1_7' title="bbox 331 806 1533 877; baseline -0.003 -11"><span class='ocrx_word' id='word_1_45' title='bbox 331 828 408 866; x_wconf 89' lang='lat' dir='ltr'>anno</span> <span class='ocrx_word' id='word_1_46' title='bbox 423 808 485 866; x_wconf 88' lang='grc'>494</span> <span class='ocrx_word' id='word_1_47' title='bbox 508 813 551 866; x_wconf 88' lang='lat' dir='ltr'>vel</span> <span class='ocrx_word' id='word_1_48' title='bbox 571 808 642 866; x_wconf 74' lang='lat'>495.</span> <span class='ocrx_word' id='word_1_49' title='bbox 673 809 812 865; x_wconf 84' lang='lat' dir='ltr'>Petitoriu</span> <span class='ocrx_word' id='word_1_50' title='bbox 828 809 1009 877; x_wconf 77' lang='lat' dir='ltr'>Amandiani,</span> <span class='ocrx_word' id='word_1_51' title='bbox 1031 808 1190 875; x_wconf 86' lang='lat' dir='ltr'>Placidiae,</span> <span class='ocrx_word' id='word_1_52' title='bbox 1218 807 1378 877; x_wconf 76' lang='lat' dir='ltr'>Maximae,</span> <span class='ocrx_word' id='word_1_53' title='bbox 1406 806 1533 864; x_wconf 83' lang='lat' dir='ltr'>Silvestri</span> 
     </span>
     <span class='ocr_line' id='line_1_8' title="bbox 482 893 1533 950; baseline -0.004 0"><span class='ocrx_word' id='word_1_54' title='bbox 482 895 666 950; x_wconf 76' lang='lat' dir='ltr'>Faustiniani</span> <span class='ocrx_word' id='word_1_55' title='bbox 679 896 719 950; x_wconf 83' lang='lat' dir='ltr'>ad</span> <span class='ocrx_word' id='word_1_56' title='bbox 733 895 876 950; x_wconf 75' lang='lat' dir='ltr'>Gelasium</span> <span class='ocrx_word' id='word_1_57' title='bbox 898 895 932 949; x_wconf 88' lang='lat' dir='ltr'>de</span> <span class='ocrx_word' id='word_1_58' title='bbox 948 895 1125 950; x_wconf 78' lang='lat' dir='ltr'>vindicandis</span> <span class='ocrx_word' id='word_1_59' title='bbox 1146 895 1265 948; x_wconf 83' lang='lat' dir='ltr'>clericis</span> <span class='ocrx_word' id='word_1_60' title='bbox 1279 895 1394 949; x_wconf 73' lang='lat' dir='ltr'>senariis</span> <span class='ocrx_word' id='word_1_61' title='bbox 1417 893 1533 948; x_wconf 85' lang='lat' dir='ltr'>conditio</span> 
     </span>
     <span class='ocr_line' id='line_1_9' title="bbox 482 980 1466 1051; baseline -0.002 -17"><span class='ocrx_word' id='word_1_62' title='bbox 482 983 547 1035; x_wconf 79' lang='lat' dir='ltr'>iterra</span> <span class='ocrx_word' id='word_1_63' title='bbox 563 983 691 1051; x_wconf 77' lang='lat' dir='ltr'>episcopi</span> <span class='ocrx_word' id='word_1_64' title='bbox 706 981 859 1051; x_wconf 79' lang='lat' dir='ltr'>crejusdam</span> <span class='ocrx_word' id='word_1_65' title='bbox 873 997 929 1049; x_wconf 85' lang='lat' dir='ltr'>pro</span> <span class='ocrx_word' id='word_1_66' title='bbox 946 980 1165 1035; x_wconf 84' lang='lat' dir='ltr'>consecrandae</span> <span class='ocrx_word' id='word_1_67' title='bbox 1180 980 1324 1034; x_wconf 76' lang='lat' dir='ltr'>ecciesiae</span> <span class='ocrx_word' id='word_1_68' title='bbox 1338 980 1466 1034; x_wconf 86' lang='lat' dir='ltr'>licentia.</span> 
     </span>
    </p>
   </div>
   <div class='ocr_carea' id='block_1_5' title="bbox 325 1078 1533 2344">
    <p class='ocr_par' dir='ltr' id='par_1_5' title="bbox 325 1078 1533 2344">
     <span class='ocr_line' id='line_1_10' title="bbox 415 1078 1533 1154; baseline -0.001 -20"><span class='ocrx_word' id='word_1_69' title='bbox 415 1081 454 1136; x_wconf 81' lang='lat' dir='ltr'>hd</span> <span class='ocrx_word' id='word_1_70' title='bbox 478 1081 600 1136; x_wconf 90' lang='lat' dir='ltr'>eumdem</span> <span class='ocrx_word' id='word_1_71' title='bbox 616 1097 714 1136; x_wconf 84' lang='lat' dir='ltr'>animm</span> <span class='ocrx_word' id='word_1_72' title='bbox 730 1079 791 1136; x_wconf 69' lang='lat' dir='ltr'>titt</span> <span class='ocrx_word' id='word_1_73' title='bbox 808 1088 853 1135; x_wconf 92' lang='lat' dir='ltr'>ant</span> <span class='ocrx_word' id='word_1_74' title='bbox 874 1079 905 1134; x_wconf 87' lang='lat' dir='ltr'>ad</span> <span class='ocrx_word' id='word_1_75' title='bbox 921 1088 1078 1154; x_wconf 81' lang='lat' dir='ltr'>sequentem</span> <span class='ocrx_word' id='word_1_76' title='bbox 1096 1080 1257 1134; x_wconf 81' lang='lat' dir='ltr'>reseremus:</span> <span class='ocrx_word' id='word_1_77' title='bbox 1285 1080 1337 1134; x_wconf 77' lang='lat'>1¹⁰⁰</span> <span class='ocrx_word' id='word_1_78' title='bbox 1359 1078 1481 1134; x_wconf 88' lang='lat' dir='ltr'>libellum</span> <span class='ocrx_word' id='word_1_79' title='bbox 1501 1080 1533 1133; x_wconf 77' lang='lat' dir='ltr'>bn</span> 
     </span>
     <span class='ocr_line' id='line_1_11' title="bbox 330 1162 1530 1239; baseline -0.004 -17"><span class='ocrx_word' id='word_1_80' title='bbox 330 1167 400 1222; x_wconf 92' lang='lat' dir='ltr'>diani</span> <span class='ocrx_word' id='word_1_81' title='bbox 416 1166 463 1220; x_wconf 88' lang='lat' dir='ltr'>viri</span> <span class='ocrx_word' id='word_1_82' title='bbox 479 1166 600 1229; x_wconf 83' lang='lat' dir='ltr'>illustris,</span> <span class='ocrx_word' id='word_1_83' title='bbox 623 1183 676 1239; x_wconf 92' lang='lat' dir='ltr'>qno</span> <span class='ocrx_word' id='word_1_84' title='bbox 699 1164 768 1238; x_wconf 89' lang='lat' dir='ltr'>apud</span> <span class='ocrx_word' id='word_1_85' title='bbox 791 1164 924 1220; x_wconf 87' lang='lat' dir='ltr'>Gelasium</span> <span class='ocrx_word' id='word_1_86' title='bbox 940 1162 1141 1238; x_wconf 77' lang='lat' dir='ltr'>expostulabat.</span> <span class='ocrx_word' id='word_1_87' title='bbox 1163 1162 1236 1238; x_wconf 85' lang='lat' dir='ltr'>qnod</span> <span class='ocrx_word' id='word_1_88' title='bbox 1258 1164 1382 1220; x_wconf 89' lang='lat' dir='ltr'>homines</span> <span class='ocrx_word' id='word_1_89' title='bbox 1401 1162 1472 1234; x_wconf 88' lang='lat' dir='ltr'>juris</span> <span class='ocrx_word' id='word_1_90' title='bbox 1491 1163 1530 1218; x_wconf 84' lang='lat' dir='ltr'>sni</span> 
     </span>
     <span class='ocr_line' id='line_1_12' title="bbox 329 1243 1533 1324; baseline -0.002 -19"><span class='ocrx_word' id='word_1_91' title='bbox 329 1252 428 1314; x_wconf 87' lang='lat' dir='ltr'>clerici,</span> <span class='ocrx_word' id='word_1_92' title='bbox 445 1251 487 1305; x_wconf 91' lang='lat' dir='ltr'>alii</span> <span class='ocrx_word' id='word_1_93' title='bbox 503 1250 606 1306; x_wconf 61' lang='lat' dir='ltr'>iliae-,oni</span> <span class='ocrx_word' id='word_1_94' title='bbox 622 1258 714 1306; x_wconf 87' lang='lat' dir='ltr'>essent</span> <span class='ocrx_word' id='word_1_95' title='bbox 730 1249 844 1305; x_wconf 90' lang='lat' dir='ltr'>ordinati</span> <span class='ocrx_word' id='word_1_96' title='bbox 861 1249 928 1320; x_wconf 82' lang='lat' dir='ltr'>(Gel.</span> <span class='ocrx_word' id='word_1_97' title='bbox 945 1268 987 1324; x_wconf 92' lang='lat' dir='ltr'>ep.</span> <span class='ocrx_word' id='word_1_98' title='bbox 1006 1249 1071 1321; x_wconf 81' lang='lat'>20);</span> <span class='ocrx_word' id='word_1_99' title='bbox 1095 1243 1144 1305; x_wconf 65' lang='lat'>21¹⁰</span> <span class='ocrx_word' id='word_1_100' title='bbox 1161 1250 1321 1322; x_wconf 89' lang='lat' dir='ltr'>petitorium</span> <span class='ocrx_word' id='word_1_101' title='bbox 1335 1247 1469 1305; x_wconf 87' lang='lat' dir='ltr'>Placidiae</span> <span class='ocrx_word' id='word_1_102' title='bbox 1483 1247 1533 1304; x_wconf 88' lang='lat' dir='ltr'>ille</span> 
     </span>
     <span class='ocr_line' id='line_1_13' title="bbox 330 1331 1533 1391; baseline -0.002 0"><span class='ocrx_word' id='word_1_103' title='bbox 330 1338 442 1391; x_wconf 79' lang='lat' dir='ltr'>feminae</span> <span class='ocrx_word' id='word_1_104' title='bbox 458 1335 576 1390; x_wconf 89' lang='lat' dir='ltr'>oblatum</span> <span class='ocrx_word' id='word_1_105' title='bbox 593 1334 698 1391; x_wconf 80' lang='lat' dir='ltr'>Gelasio</span> <span class='ocrx_word' id='word_1_106' title='bbox 714 1335 840 1390; x_wconf 80' lang='lat' dir='ltr'>adversus</span> <span class='ocrx_word' id='word_1_107' title='bbox 856 1334 982 1390; x_wconf 85' lang='lat' dir='ltr'>Sabinum</span> <span class='ocrx_word' id='word_1_108' title='bbox 998 1334 1221 1390; x_wconf 88' lang='lat' dir='ltr'>blarccllianensis</span> <span class='ocrx_word' id='word_1_109' title='bbox 1236 1351 1286 1390; x_wconf 88' lang='lat' dir='ltr'>scu</span> <span class='ocrx_word' id='word_1_110' title='bbox 1301 1331 1456 1390; x_wconf 86' lang='lat' dir='ltr'>Casilinatis</span> <span class='ocrx_word' id='word_1_111' title='bbox 1470 1331 1533 1389; x_wconf 78' lang='lat' dir='ltr'>eccle</span> 
     </span>
     <span class='ocr_line' id='line_1_14' title="bbox 329 1417 1533 1494; baseline -0.002 -19"><span class='ocrx_word' id='word_1_112' title='bbox 329 1422 493 1494; x_wconf 89' lang='lat' dir='ltr'>episcopum,</span> <span class='ocrx_word' id='word_1_113' title='bbox 509 1420 582 1493; x_wconf 86' lang='lat' dir='ltr'>quod</span> <span class='ocrx_word' id='word_1_114' title='bbox 598 1419 667 1475; x_wconf 89' lang='lat' dir='ltr'>duos</span> <span class='ocrx_word' id='word_1_115' title='bbox 681 1421 767 1492; x_wconf 90' lang='lat' dir='ltr'>ipsius</span> <span class='ocrx_word' id='word_1_116' title='bbox 781 1437 875 1474; x_wconf 88' lang='lat' dir='ltr'>servos</span> <span class='ocrx_word' id='word_1_117' title='bbox 890 1420 1004 1476; x_wconf 90' lang='lat' dir='ltr'>alterum</span> <span class='ocrx_word' id='word_1_118' title='bbox 1020 1419 1216 1493; x_wconf 76' lang='lat' dir='ltr'>presbyterum,</span> <span class='ocrx_word' id='word_1_119' title='bbox 1237 1417 1366 1475; x_wconf 89' lang='lat' dir='ltr'>clericum</span> <span class='ocrx_word' id='word_1_120' title='bbox 1389 1419 1504 1474; x_wconf 89' lang='lat' dir='ltr'>alterum</span> <span class='ocrx_word' id='word_1_121' title='bbox 1523 1434 1533 1472; x_wconf 88' lang='lat' dir='ltr'>u</span> 
     </span>
     <span class='ocr_line' id='line_1_15' title="bbox 328 1498 1532 1578; baseline -0.002 -19"><span class='ocrx_word' id='word_1_122' title='bbox 328 1513 418 1560; x_wconf 90' lang='lat' dir='ltr'>nasset</span> <span class='ocrx_word' id='word_1_123' title='bbox 434 1505 503 1577; x_wconf 91' lang='lat' dir='ltr'>(Gel.</span> <span class='ocrx_word' id='word_1_124' title='bbox 521 1522 563 1578; x_wconf 90' lang='lat' dir='ltr'>cp.</span> <span class='ocrx_word' id='word_1_125' title='bbox 581 1503 646 1576; x_wconf 82' lang='lat'>21);</span> <span class='ocrx_word' id='word_1_126' title='bbox 669 1498 720 1562; x_wconf 71' lang='grc' dir='ltr'>3ιίο</span> <span class='ocrx_word' id='word_1_127' title='bbox 736 1506 893 1578; x_wconf 89' lang='lat' dir='ltr'>petitorium</span> <span class='ocrx_word' id='word_1_128' title='bbox 910 1504 1067 1578; x_wconf 89' lang='lat' dir='ltr'>magnilicae</span> <span class='ocrx_word' id='word_1_129' title='bbox 1083 1505 1197 1560; x_wconf 84' lang='lat' dir='ltr'>feminae</span> <span class='ocrx_word' id='word_1_130' title='bbox 1212 1503 1340 1560; x_wconf 75' lang='lat' dir='ltr'>blasimae</span> <span class='ocrx_word' id='word_1_131' title='bbox 1362 1502 1493 1560; x_wconf 85' lang='lat' dir='ltr'>adversus</span> <span class='ocrx_word' id='word_1_132' title='bbox 1513 1501 1532 1556; x_wconf 83' lang='lat' dir='ltr'>b</span> 
     </span>
     <span class='ocr_line' id='line_1_16' title="bbox 328 1587 1533 1665; baseline 0 -22"><span class='ocrx_word' id='word_1_133' title='bbox 328 1592 415 1645; x_wconf 89' lang='lat' dir='ltr'>riuum</span> <span class='ocrx_word' id='word_1_134' title='bbox 431 1591 594 1665; x_wconf 89' lang='lat' dir='ltr'>episcopum,</span> <span class='ocrx_word' id='word_1_135' title='bbox 610 1607 624 1644; x_wconf 92' lang='lat' dir='ltr'>a</span> <span class='ocrx_word' id='word_1_136' title='bbox 639 1606 693 1663; x_wconf 87' lang='lat' dir='ltr'>qno</span> <span class='ocrx_word' id='word_1_137' title='bbox 709 1591 869 1662; x_wconf 87' lang='lat' dir='ltr'>originarios</span> <span class='ocrx_word' id='word_1_138' title='bbox 885 1607 950 1646; x_wconf 89' lang='lat' dir='ltr'>suos</span> <span class='ocrx_word' id='word_1_139' title='bbox 967 1591 1045 1645; x_wconf 89' lang='lat' dir='ltr'>ctiam</span> <span class='ocrx_word' id='word_1_140' title='bbox 1058 1589 1261 1645; x_wconf 83' lang='lat' dir='ltr'>contradicente</span> <span class='ocrx_word' id='word_1_141' title='bbox 1271 1606 1301 1644; x_wconf 88' lang='lat' dir='ltr'>se</span> <span class='ocrx_word' id='word_1_142' title='bbox 1313 1588 1445 1645; x_wconf 88' lang='lat' dir='ltr'>diacorros</span> <span class='ocrx_word' id='word_1_143' title='bbox 1461 1587 1533 1644; x_wconf 87' lang='lat' dir='ltr'>ordin</span> 
     </span>
     <span class='ocr_line' id='line_1_17' title="bbox 328 1672 1533 1748; baseline -0.001 -19"><span class='ocrx_word' id='word_1_144' title='bbox 328 1690 388 1729; x_wconf 90' lang='lat' dir='ltr'>esse</span> <span class='ocrx_word' id='word_1_145' title='bbox 403 1674 566 1747; x_wconf 89' lang='lat' dir='ltr'>qnerehatnr</span> <span class='ocrx_word' id='word_1_146' title='bbox 581 1674 648 1746; x_wconf 86' lang='lat' dir='ltr'>(Get.</span> <span class='ocrx_word' id='word_1_147' title='bbox 666 1691 708 1748; x_wconf 90' lang='lat' dir='ltr'>ep.</span> <span class='ocrx_word' id='word_1_148' title='bbox 727 1674 790 1746; x_wconf 66' lang='lat' dir='ltr'>iil:</span> <span class='ocrx_word' id='word_1_149' title='bbox 812 1673 854 1727; x_wconf 67' lang='grc' dir='ltr'>4ιο</span> <span class='ocrx_word' id='word_1_150' title='bbox 878 1674 1005 1736; x_wconf 87' lang='lat' dir='ltr'>libellum,</span> <span class='ocrx_word' id='word_1_151' title='bbox 1027 1691 1106 1747; x_wconf 89' lang='lat' dir='ltr'>quem</span> <span class='ocrx_word' id='word_1_152' title='bbox 1123 1673 1281 1730; x_wconf 90' lang='lat' dir='ltr'>obtulerunt</span> <span class='ocrx_word' id='word_1_153' title='bbox 1296 1672 1406 1729; x_wconf 78' lang='lat' dir='ltr'>Gelasio</span> <span class='ocrx_word' id='word_1_154' title='bbox 1421 1673 1533 1730; x_wconf 79' lang='lat' dir='ltr'>Silveste</span> 
     </span>
     <span class='ocr_line' id='line_1_18' title="bbox 328 1758 1525 1833; baseline 0.001 -21"><span class='ocrx_word' id='word_1_155' title='bbox 328 1758 513 1815; x_wconf 78' lang='lat' dir='ltr'>Faustinianus</span> <span class='ocrx_word' id='word_1_156' title='bbox 529 1759 718 1815; x_wconf 88' lang='lat' dir='ltr'>Grumentinae</span> <span class='ocrx_word' id='word_1_157' title='bbox 734 1759 860 1814; x_wconf 86' lang='lat' dir='ltr'>ecclesiae</span> <span class='ocrx_word' id='word_1_158' title='bbox 876 1759 966 1816; x_wconf 91' lang='lat' dir='ltr'>clerici</span> <span class='ocrx_word' id='word_1_159' title='bbox 981 1759 1194 1833; x_wconf 74' lang='lat' dir='ltr'>expostulantes,</span> <span class='ocrx_word' id='word_1_160' title='bbox 1211 1758 1365 1833; x_wconf 89' lang='lat' dir='ltr'>quodlicet</span> <span class='ocrx_word' id='word_1_161' title='bbox 1381 1758 1525 1815; x_wconf 85' lang='lat' dir='ltr'>clericatus</span> 
     </span>
     <span class='ocr_line' id='line_1_19' title="bbox 327 1843 1533 1918; baseline -0.002 -19"><span class='ocrx_word' id='word_1_162' title='bbox 327 1846 367 1899; x_wconf 91' lang='lat' dir='ltr'>cio</span> <span class='ocrx_word' id='word_1_163' title='bbox 383 1853 446 1917; x_wconf 91' lang='lat' dir='ltr'>post</span> <span class='ocrx_word' id='word_1_164' title='bbox 461 1844 611 1900; x_wconf 90' lang='lat' dir='ltr'>libertatem</span> <span class='ocrx_word' id='word_1_165' title='bbox 627 1844 728 1899; x_wconf 90' lang='lat' dir='ltr'>domini</span> <span class='ocrx_word' id='word_1_166' title='bbox 749 1845 790 1898; x_wconf 93' lang='lat' dir='ltr'>sni</span> <span class='ocrx_word' id='word_1_167' title='bbox 805 1843 971 1918; x_wconf 82' lang='lat' dir='ltr'>benignitate</span> <span class='ocrx_word' id='word_1_168' title='bbox 987 1861 1141 1900; x_wconf 86' lang='lat' dir='ltr'>concessam</span> <span class='ocrx_word' id='word_1_169' title='bbox 1162 1861 1231 1918; x_wconf 88' lang='lat' dir='ltr'>pene</span> <span class='ocrx_word' id='word_1_170' title='bbox 1252 1843 1284 1898; x_wconf 88' lang='lat' dir='ltr'>ab</span> <span class='ocrx_word' id='word_1_171' title='bbox 1305 1843 1481 1900; x_wconf 79' lang='lat' dir='ltr'>incunabulis</span> <span class='ocrx_word' id='word_1_172' title='bbox 1501 1859 1533 1899; x_wconf 73' lang='lat' dir='ltr'>mi</span> 
     </span>
     <span class='ocr_line' id='line_1_20' title="bbox 326 1927 1533 2004; baseline 0.002 -21"><span class='ocrx_word' id='word_1_173' title='bbox 326 1930 388 2002; x_wconf 87' lang='lat' dir='ltr'>pati,</span> <span class='ocrx_word' id='word_1_174' title='bbox 405 1928 436 1984; x_wconf 89' lang='lat' dir='ltr'>ab</span> <span class='ocrx_word' id='word_1_175' title='bbox 453 1929 610 1985; x_wconf 83' lang='lat' dir='ltr'>haeredibus</span> <span class='ocrx_word' id='word_1_176' title='bbox 626 1929 684 2000; x_wconf 89' lang='lat' dir='ltr'>ejus</span> <span class='ocrx_word' id='word_1_177' title='bbox 696 1929 728 1983; x_wconf 93' lang='lat' dir='ltr'>ad</span> <span class='ocrx_word' id='word_1_178' title='bbox 739 1927 861 1984; x_wconf 85' lang='lat' dir='ltr'>servilem</span> <span class='ocrx_word' id='word_1_179' title='bbox 874 1929 1055 1985; x_wconf 89' lang='lat' dir='ltr'>conditionem</span> <span class='ocrx_word' id='word_1_180' title='bbox 1068 1937 1240 2004; x_wconf 81' lang='lat' dir='ltr'>cogerentur,</span> <span class='ocrx_word' id='word_1_181' title='bbox 1257 1929 1394 2003; x_wconf 84' lang='lat' dir='ltr'>simulque</span> <span class='ocrx_word' id='word_1_182' title='bbox 1409 1946 1440 1985; x_wconf 90' lang='lat' dir='ltr'>se</span> <span class='ocrx_word' id='word_1_183' title='bbox 1452 1944 1533 2004; x_wconf 83' lang='lat' dir='ltr'>upprt</span> 
     </span>
     <span class='ocr_line' id='line_1_21' title="bbox 327 2013 1533 2089; baseline 0.001 -20"><span class='ocrx_word' id='word_1_184' title='bbox 327 2031 386 2069; x_wconf 87' lang='lat' dir='ltr'>esse</span> <span class='ocrx_word' id='word_1_185' title='bbox 401 2013 584 2088; x_wconf 78' lang='lat' dir='ltr'>suggerebant</span> <span class='ocrx_word' id='word_1_186' title='bbox 606 2013 637 2069; x_wconf 90' lang='lat' dir='ltr'>ab</span> <span class='ocrx_word' id='word_1_187' title='bbox 653 2013 772 2085; x_wconf 84' lang='lat' dir='ltr'>ejusdem</span> <span class='ocrx_word' id='word_1_188' title='bbox 790 2014 916 2070; x_wconf 88' lang='lat' dir='ltr'>ccclesiae</span> <span class='ocrx_word' id='word_1_189' title='bbox 932 2013 1129 2076; x_wconf 84' lang='lat' dir='ltr'>archidiacono,</span> <span class='ocrx_word' id='word_1_190' title='bbox 1152 2015 1198 2087; x_wconf 91' lang='lat' dir='ltr'>qui</span> <span class='ocrx_word' id='word_1_191' title='bbox 1219 2030 1267 2070; x_wconf 92' lang='lat' dir='ltr'>eos</span> <span class='ocrx_word' id='word_1_192' title='bbox 1285 2021 1384 2069; x_wconf 91' lang='lat' dir='ltr'>contra</span> <span class='ocrx_word' id='word_1_193' title='bbox 1404 2014 1485 2089; x_wconf 88' lang='lat' dir='ltr'>leges</span> <span class='ocrx_word' id='word_1_194' title='bbox 1500 2013 1533 2070; x_wconf 71' lang='lat' dir='ltr'>dit</span> 
     </span>
     <span class='ocr_line' id='line_1_22' title="bbox 326 2090 1522 2175; baseline 0.001 -22"><span class='ocrx_word' id='word_1_195' title='bbox 326 2107 353 2153; x_wconf 90' lang='lat' dir='ltr'>et</span> <span class='ocrx_word' id='word_1_196' title='bbox 375 2098 493 2172; x_wconf 88' lang='lat' dir='ltr'>publicas</span> <span class='ocrx_word' id='word_1_197' title='bbox 517 2090 694 2155; x_wconf 87' lang='lat' dir='ltr'>nroderatoris</span> <span class='ocrx_word' id='word_1_198' title='bbox 707 2098 837 2169; x_wconf 79' lang='lat' dir='ltr'>janlicinm</span> <span class='ocrx_word' id='word_1_199' title='bbox 852 2108 994 2155; x_wconf 89' lang='lat' dir='ltr'>secuturos</span> <span class='ocrx_word' id='word_1_200' title='bbox 1016 2115 1076 2155; x_wconf 90' lang='lat' dir='ltr'>esse</span> <span class='ocrx_word' id='word_1_201' title='bbox 1097 2101 1257 2173; x_wconf 85' lang='lat' dir='ltr'>promiserat</span> <span class='ocrx_word' id='word_1_202' title='bbox 1279 2091 1352 2175; x_wconf 90' lang='lat' dir='ltr'>(Gel.</span> <span class='ocrx_word' id='word_1_203' title='bbox 1370 2115 1417 2173; x_wconf 89' lang='lat' dir='ltr'>ep.</span> <span class='ocrx_word' id='word_1_204' title='bbox 1435 2100 1522 2157; x_wconf 71' lang='lat'>2301</span> 
     </span>
     <span class='ocr_line' id='line_1_23' title="bbox 327 2183 1529 2260; baseline 0.001 -21"><span class='ocrx_word' id='word_1_205' title='bbox 327 2183 369 2239; x_wconf 79' lang='lat'>5¹⁰</span> <span class='ocrx_word' id='word_1_206' title='bbox 385 2184 541 2240; x_wconf 89' lang='lat' dir='ltr'>relationem</span> <span class='ocrx_word' id='word_1_207' title='bbox 557 2185 684 2258; x_wconf 86' lang='lat' dir='ltr'>episcopi,</span> <span class='ocrx_word' id='word_1_208' title='bbox 702 2200 752 2256; x_wconf 89' lang='lat' dir='ltr'>qua</span> <span class='ocrx_word' id='word_1_209' title='bbox 768 2184 894 2239; x_wconf 81' lang='lat' dir='ltr'>ccclesiae</span> <span class='ocrx_word' id='word_1_210' title='bbox 910 2186 937 2239; x_wconf 93' lang='lat' dir='ltr'>in</span> <span class='ocrx_word' id='word_1_211' title='bbox 953 2186 1084 2240; x_wconf 91' lang='lat' dir='ltr'>honorem</span> <span class='ocrx_word' id='word_1_212' title='bbox 1096 2194 1252 2258; x_wconf 81' lang='lat' dir='ltr'>martyrum,</span> <span class='ocrx_word' id='word_1_213' title='bbox 1269 2201 1340 2258; x_wconf 86' lang='lat' dir='ltr'>qrros</span> <span class='ocrx_word' id='word_1_214' title='bbox 1351 2184 1529 2260; x_wconf 82' lang='lat' dir='ltr'>designabat,</span> 
     </span>
     <span class='ocr_line' id='line_1_24' title="bbox 325 2256 1356 2344; baseline 0.003 -22"><span class='ocrx_word' id='word_1_215' title='bbox 325 2256 467 2324; x_wconf 86' lang='lat' dir='ltr'>sc&#39;crandae</span> <span class='ocrx_word' id='word_1_216' title='bbox 484 2269 616 2325; x_wconf 87' lang='lat' dir='ltr'>licentiam</span> <span class='ocrx_word' id='word_1_217' title='bbox 631 2268 683 2324; x_wconf 92' lang='lat' dir='ltr'>sihi</span> <span class='ocrx_word' id='word_1_218' title='bbox 698 2271 816 2341; x_wconf 86' lang='lat' dir='ltr'>permitti</span> <span class='ocrx_word' id='word_1_219' title='bbox 832 2287 846 2324; x_wconf 89' lang='lat' dir='ltr'>a</span> <span class='ocrx_word' id='word_1_220' title='bbox 862 2269 967 2325; x_wconf 88' lang='lat' dir='ltr'>Gelasio</span> <span class='ocrx_word' id='word_1_221' title='bbox 982 2269 1136 2343; x_wconf 89' lang='lat' dir='ltr'>postulabat</span> <span class='ocrx_word' id='word_1_222' title='bbox 1151 2268 1219 2341; x_wconf 83' lang='lat' dir='ltr'>(Gal.</span> <span class='ocrx_word' id='word_1_223' title='bbox 1237 2287 1280 2344; x_wconf 91' lang='lat' dir='ltr'>ep.</span> <span class='ocrx_word' id='word_1_224' title='bbox 1295 2269 1356 2342; x_wconf 77' lang='lat'>25).</span> 
     </span>
    </p>
   </div>
   <div class='ocr_carea' id='block_1_6' title="bbox 927 2397 984 2461">
    <p class='ocr_par' dir='ltr' id='par_1_6' title="bbox 927 2397 984 2461">
     <span class='ocr_line' id='line_1_25' title="bbox 927 2397 984 2461; baseline 0 0"><span class='ocrx_word' id='word_1_225' title='bbox 927 2397 984 2461; x_wconf 90' lang='lat' dir='ltr'>XI.</span> 
     </span>
    </p>
   </div>
   <div class='ocr_carea' id='block_1_7' title="bbox 325 2506 1523 2649">
    <p class='ocr_par' dir='ltr' id='par_1_7' title="bbox 325 2506 1523 2649">
     <span class='ocr_line' id='line_1_26' title="bbox 325 2506 1523 2582; baseline 0.004 -20"><span class='ocrx_word' id='word_1_226' title='bbox 325 2526 401 2564; x_wconf 73' lang='lat' dir='ltr'>antro</span> <span class='ocrx_word' id='word_1_227' title='bbox 417 2508 477 2564; x_wconf 75' lang='lat' dir='ltr'>tuo</span> <span class='ocrx_word' id='word_1_228' title='bbox 494 2516 545 2563; x_wconf 90' lang='lat' dir='ltr'>aut</span> <span class='ocrx_word' id='word_1_229' title='bbox 565 2506 635 2564; x_wconf 76' lang='lat' dir='ltr'>tud.</span> <span class='ocrx_word' id='word_1_230' title='bbox 667 2508 806 2564; x_wconf 86' lang='lat' dir='ltr'>Petituria</span> <span class='ocrx_word' id='word_1_231' title='bbox 822 2508 981 2581; x_wconf 78' lang='lat' dir='ltr'>Megetiae,</span> <span class='ocrx_word' id='word_1_232' title='bbox 1010 2507 1110 2564; x_wconf 85' lang='lat' dir='ltr'>Seniiii</span> <span class='ocrx_word' id='word_1_233' title='bbox 1129 2516 1157 2565; x_wconf 89' lang='lat' dir='ltr'>et</span> <span class='ocrx_word' id='word_1_234' title='bbox 1175 2509 1293 2582; x_wconf 79' lang='lat' dir='ltr'>Trigetii</span> <span class='ocrx_word' id='word_1_235' title='bbox 1312 2510 1352 2565; x_wconf 85' lang='lat' dir='ltr'>ad</span> <span class='ocrx_word' id='word_1_236' title='bbox 1373 2510 1523 2567; x_wconf 81' lang='lat' dir='ltr'>Gelasium</span> 
     </span>
     <span class='ocr_line' id='line_1_27' title="bbox 478 2594 841 2649; baseline -0.003 0"><span class='ocrx_word' id='word_1_237' title='bbox 478 2594 685 2649; x_wconf 86' lang='lat' dir='ltr'>consecrandis</span> <span class='ocrx_word' id='word_1_238' title='bbox 700 2596 841 2648; x_wconf 87' lang='lat' dir='ltr'>ecclesiis.</span> 
     </span>
    </p>
   </div>
   <div class='ocr_carea' id='block_1_8' title="bbox 320 2693 1505 3540">
    <p class='ocr_par' dir='ltr' id='par_1_8' title="bbox 322 2693 1505 3022">
     <span class='ocr_line' id='line_1_28' title="bbox 408 2693 1505 2774; baseline 0.005 -26"><span class='ocrx_word' id='word_1_239' title='bbox 408 2697 610 2750; x_wconf 78' lang='lat' dir='ltr'>balernensem</span> <span class='ocrx_word' id='word_1_240' title='bbox 626 2694 819 2767; x_wconf 82' lang='lat' dir='ltr'>hprilemanni</span> <span class='ocrx_word' id='word_1_241' title='bbox 839 2693 900 2750; x_wconf 73' lang='lat' dir='ltr'>litu</span> <span class='ocrx_word' id='word_1_242' title='bbox 921 2704 964 2749; x_wconf 90' lang='lat' dir='ltr'>ant</span> <span class='ocrx_word' id='word_1_243' title='bbox 982 2694 1043 2752; x_wconf 83' lang='grc'>496</span> <span class='ocrx_word' id='word_1_244' title='bbox 1065 2694 1184 2751; x_wconf 90' lang='lat' dir='ltr'>oblatum</span> <span class='ocrx_word' id='word_1_245' title='bbox 1202 2703 1244 2751; x_wconf 90' lang='lat' dir='ltr'>est</span> <span class='ocrx_word' id='word_1_246' title='bbox 1260 2695 1370 2753; x_wconf 88' lang='lat' dir='ltr'>Gelasio</span> <span class='ocrx_word' id='word_1_247' title='bbox 1388 2697 1505 2774; x_wconf 79' lang='lat' dir='ltr'>llagetir</span> 
     </span>
     <span class='ocr_line' id='line_1_29' title="bbox 324 2778 1496 2859; baseline 0.005 -24"><span class='ocrx_word' id='word_1_248' title='bbox 324 2779 472 2854; x_wconf 83' lang='lat' dir='ltr'>blegentiac</span> <span class='ocrx_word' id='word_1_249' title='bbox 488 2781 654 2853; x_wconf 88' lang='lat' dir='ltr'>petitorium,</span> <span class='ocrx_word' id='word_1_250' title='bbox 681 2797 735 2852; x_wconf 91' lang='lat' dir='ltr'>qno</span> <span class='ocrx_word' id='word_1_251' title='bbox 757 2778 852 2834; x_wconf 72' lang='lat' dir='ltr'>notitiis</span> <span class='ocrx_word' id='word_1_252' title='bbox 874 2779 920 2834; x_wconf 90' lang='lat' dir='ltr'>illa</span> <span class='ocrx_word' id='word_1_253' title='bbox 941 2781 1036 2835; x_wconf 86' lang='lat' dir='ltr'>icrrrina</span> <span class='ocrx_word' id='word_1_254' title='bbox 1057 2780 1230 2855; x_wconf 87' lang='lat' dir='ltr'>suggerebat,</span> <span class='ocrx_word' id='word_1_255' title='bbox 1247 2798 1277 2836; x_wconf 89' lang='lat' dir='ltr'>se</span> <span class='ocrx_word' id='word_1_256' title='bbox 1298 2798 1419 2839; x_wconf 89' lang='lat' dir='ltr'>suorum</span> <span class='ocrx_word' id='word_1_257' title='bbox 1435 2801 1496 2859; x_wconf 64' lang='lat' dir='ltr'>cota</span> 
     </span>
     <span class='ocr_line' id='line_1_30' title="bbox 322 2863 1488 2940; baseline 0.007 -21"><span class='ocrx_word' id='word_1_258' title='bbox 322 2866 438 2939; x_wconf 89' lang='lat' dir='ltr'>propriis</span> <span class='ocrx_word' id='word_1_259' title='bbox 454 2863 669 2939; x_wconf 87' lang='lat' dir='ltr'>possessionibus</span> <span class='ocrx_word' id='word_1_260' title='bbox 684 2863 845 2927; x_wconf 87' lang='lat' dir='ltr'>condidisse,</span> <span class='ocrx_word' id='word_1_261' title='bbox 862 2873 942 2936; x_wconf 78' lang='lat' dir='ltr'>atipm</span> <span class='ocrx_word' id='word_1_262' title='bbox 958 2872 988 2920; x_wconf 93' lang='lat' dir='ltr'>nt</span> <span class='ocrx_word' id='word_1_263' title='bbox 1003 2867 1030 2920; x_wconf 91' lang='lat' dir='ltr'>iu</span> <span class='ocrx_word' id='word_1_264' title='bbox 1044 2867 1109 2940; x_wconf 92' lang='lat' dir='ltr'>ipsis</span> <span class='ocrx_word' id='word_1_265' title='bbox 1126 2866 1192 2922; x_wconf 90' lang='lat' dir='ltr'>locis</span> <span class='ocrx_word' id='word_1_266' title='bbox 1208 2866 1407 2925; x_wconf 81' lang='lat' dir='ltr'>defunctorum</span> <span class='ocrx_word' id='word_1_267' title='bbox 1423 2869 1488 2927; x_wconf 87' lang='lat' dir='ltr'>diri</span> 
     </span>
     <span class='ocr_line' id='line_1_31' title="bbox 323 2948 959 3022; baseline 0.005 -19"><span class='ocrx_word' id='word_1_268' title='bbox 323 2949 464 3006; x_wconf 72' lang='lat' dir='ltr'>brincntur</span> <span class='ocrx_word' id='word_1_269' title='bbox 479 2948 567 3005; x_wconf 79' lang='lat' dir='ltr'>officia</span> <span class='ocrx_word' id='word_1_270' title='bbox 583 2948 738 3004; x_wconf 80' lang='lat' dir='ltr'>obscurabat</span> <span class='ocrx_word' id='word_1_271' title='bbox 753 2948 821 3019; x_wconf 85' lang='lat' dir='ltr'>(Gel.</span> <span class='ocrx_word' id='word_1_272' title='bbox 839 2967 880 3022; x_wconf 87' lang='lat' dir='ltr'>ep.</span> <span class='ocrx_word' id='word_1_273' title='bbox 899 2949 959 3017; x_wconf 88' lang='grc'>33).</span> 
     </span>
    </p>

    <p class='ocr_par' dir='ltr' id='par_1_9' title="bbox 322 3034 1472 3278">
     <span class='ocr_line' id='line_1_32' title="bbox 405 3034 1472 3116; baseline 0.007 -26"><span class='ocrx_word' id='word_1_274' title='bbox 405 3036 470 3090; x_wconf 88' lang='lat' dir='ltr'>lteur</span> <span class='ocrx_word' id='word_1_275' title='bbox 487 3043 548 3090; x_wconf 89' lang='lat' dir='ltr'>ante</span> <span class='ocrx_word' id='word_1_276' title='bbox 563 3037 715 3108; x_wconf 73' lang='lat' dir='ltr'>bergusium</span> <span class='ocrx_word' id='word_1_277' title='bbox 732 3051 850 3088; x_wconf 86' lang='lat' dir='ltr'>mensem</span> <span class='ocrx_word' id='word_1_278' title='bbox 865 3035 959 3089; x_wconf 85' lang='lat' dir='ltr'>Scuilii</span> <span class='ocrx_word' id='word_1_279' title='bbox 973 3034 1025 3106; x_wconf 76' lang='grc' dir='ltr'>(νοΙ</span> <span class='ocrx_word' id='word_1_280' title='bbox 1040 3034 1120 3108; x_wconf 79' lang='lat' dir='ltr'>Jiilii)</span> <span class='ocrx_word' id='word_1_281' title='bbox 1136 3036 1273 3108; x_wconf 83' lang='lat' dir='ltr'>cujusdam</span> <span class='ocrx_word' id='word_1_282' title='bbox 1286 3040 1415 3113; x_wconf 87' lang='lat' dir='ltr'>suscepit</span> <span class='ocrx_word' id='word_1_283' title='bbox 1428 3051 1472 3116; x_wconf 68' lang='lat' dir='ltr'>pc*</span> 
     </span>
     <span class='ocr_line' id='line_1_33' title="bbox 322 3119 1452 3194; baseline 0.007 -20"><span class='ocrx_word' id='word_1_284' title='bbox 322 3136 376 3194; x_wconf 80' lang='lat' dir='ltr'>qno</span> <span class='ocrx_word' id='word_1_285' title='bbox 391 3120 546 3193; x_wconf 83' lang='lat' dir='ltr'>rogabatur,</span> <span class='ocrx_word' id='word_1_286' title='bbox 564 3127 592 3174; x_wconf 94' lang='lat' dir='ltr'>nt</span> <span class='ocrx_word' id='word_1_287' title='bbox 609 3120 757 3179; x_wconf 84' lang='lat' dir='ltr'>ecclesiam,</span> <span class='ocrx_word' id='word_1_288' title='bbox 774 3135 853 3192; x_wconf 69' lang='lat' dir='ltr'>&lt;priami</span> <span class='ocrx_word' id='word_1_289' title='bbox 869 3119 915 3174; x_wconf 89' lang='lat' dir='ltr'>ille</span> <span class='ocrx_word' id='word_1_290' title='bbox 930 3121 956 3173; x_wconf 90' lang='lat' dir='ltr'>in</span> <span class='ocrx_word' id='word_1_291' title='bbox 971 3121 1117 3177; x_wconf 79' lang='lat' dir='ltr'>raviniana</span> <span class='ocrx_word' id='word_1_292' title='bbox 1129 3121 1198 3192; x_wconf 83' lang='lat' dir='ltr'>juris</span> <span class='ocrx_word' id='word_1_293' title='bbox 1215 3124 1257 3178; x_wconf 88' lang='lat' dir='ltr'>sui</span> <span class='ocrx_word' id='word_1_294' title='bbox 1274 3122 1452 3191; x_wconf 78' lang='lat' dir='ltr'>fundaverat,</span> 
     </span>
     <span class='ocr_line' id='line_1_34' title="bbox 322 3203 1052 3278; baseline 0.005 -20"><span class='ocrx_word' id='word_1_295' title='bbox 322 3222 378 3259; x_wconf 88' lang='lat' dir='ltr'>rern</span> <span class='ocrx_word' id='word_1_296' title='bbox 393 3207 477 3260; x_wconf 65' lang='lat' dir='ltr'>seiuncti</span> <span class='ocrx_word' id='word_1_297' title='bbox 493 3205 545 3260; x_wconf 89' lang='lat' dir='ltr'>Viti</span> <span class='ocrx_word' id='word_1_298' title='bbox 561 3206 711 3260; x_wconf 83' lang='lat' dir='ltr'>consecrari</span> <span class='ocrx_word' id='word_1_299' title='bbox 723 3203 831 3274; x_wconf 86' lang='lat' dir='ltr'>juberet</span> <span class='ocrx_word' id='word_1_300' title='bbox 847 3203 914 3275; x_wconf 86' lang='lat' dir='ltr'>(Gel.</span> <span class='ocrx_word' id='word_1_301' title='bbox 932 3222 974 3278; x_wconf 85' lang='lat' dir='ltr'>ep</span> <span class='ocrx_word' id='word_1_302' title='bbox 992 3205 1052 3277; x_wconf 79' lang='lat'>34).</span> 
     </span>
    </p>

    <p class='ocr_par' dir='ltr' id='par_1_10' title="bbox 320 3289 1445 3540">
     <span class='ocr_line' id='line_1_35' title="bbox 406 3289 1445 3369; baseline 0.008 -26"><span class='ocrx_word' id='word_1_303' title='bbox 406 3289 473 3345; x_wconf 91' lang='lat' dir='ltr'>lluic</span> <span class='ocrx_word' id='word_1_304' title='bbox 487 3289 574 3346; x_wconf 89' lang='lat' dir='ltr'>simile</span> <span class='ocrx_word' id='word_1_305' title='bbox 596 3289 646 3344; x_wconf 86' lang='lat' dir='ltr'>luit</span> <span class='ocrx_word' id='word_1_306' title='bbox 660 3291 817 3363; x_wconf 89' lang='lat' dir='ltr'>petitorium</span> <span class='ocrx_word' id='word_1_307' title='bbox 833 3289 945 3364; x_wconf 88' lang='lat' dir='ltr'>Trigctii</span> <span class='ocrx_word' id='word_1_308' title='bbox 962 3289 1130 3356; x_wconf 89' lang='lat' dir='ltr'>obtestantis,</span> <span class='ocrx_word' id='word_1_309' title='bbox 1148 3301 1178 3347; x_wconf 91' lang='lat' dir='ltr'>nt</span> <span class='ocrx_word' id='word_1_310' title='bbox 1192 3292 1339 3356; x_wconf 89' lang='lat' dir='ltr'>basilicam.</span> <span class='ocrx_word' id='word_1_311' title='bbox 1359 3312 1445 3369; x_wconf 89' lang='lat' dir='ltr'>quarn</span> 
     </span>
     <span class='ocr_line' id='line_1_36' title="bbox 322 3373 1439 3454; baseline 0.006 -25"><span class='ocrx_word' id='word_1_312' title='bbox 322 3373 482 3431; x_wconf 76' lang='lat' dir='ltr'>Sextiliuno</span> <span class='ocrx_word' id='word_1_313' title='bbox 497 3375 567 3430; x_wconf 90' lang='lat' dir='ltr'>dicta</span> <span class='ocrx_word' id='word_1_314' title='bbox 590 3376 617 3429; x_wconf 89' lang='lat' dir='ltr'>ia</span> <span class='ocrx_word' id='word_1_315' title='bbox 639 3375 769 3430; x_wconf 87' lang='lat' dir='ltr'>horrorem</span> <span class='ocrx_word' id='word_1_316' title='bbox 791 3376 874 3430; x_wconf 82' lang='lat' dir='ltr'>saneti</span> <span class='ocrx_word' id='word_1_317' title='bbox 896 3374 1030 3431; x_wconf 83' lang='lat' dir='ltr'>Michaelis</span> <span class='ocrx_word' id='word_1_318' title='bbox 1050 3377 1204 3452; x_wconf 85' lang='lat' dir='ltr'>archangeli</span> <span class='ocrx_word' id='word_1_319' title='bbox 1230 3387 1258 3434; x_wconf 92' lang='lat' dir='ltr'>et</span> <span class='ocrx_word' id='word_1_320' title='bbox 1278 3377 1363 3435; x_wconf 87' lang='lat' dir='ltr'>blarci</span> <span class='ocrx_word' id='word_1_321' title='bbox 1385 3379 1439 3454; x_wconf 79' lang='lat' dir='ltr'>(rc&#39;</span> 
     </span>
     <span class='ocr_line' id='line_1_37' title="bbox 320 3459 1393 3540; baseline 0.009 -28"><span class='ocrx_word' id='word_1_322' title='bbox 320 3459 484 3516; x_wconf 80' lang='lat' dir='ltr'>confessoris</span> <span class='ocrx_word' id='word_1_323' title='bbox 499 3467 696 3523; x_wconf 81' lang='lat' dir='ltr'>corrstruncrat,</span> <span class='ocrx_word' id='word_1_324' title='bbox 711 3461 812 3533; x_wconf 90' lang='lat' dir='ltr'>pariter</span> <span class='ocrx_word' id='word_1_325' title='bbox 828 3462 1160 3536; x_wconf 82' lang='lat' dir='ltr'>consecrari-praeciperet</span> <span class='ocrx_word' id='word_1_326' title='bbox 1176 3461 1245 3535; x_wconf 89' lang='lat' dir='ltr'>(Gel.</span> <span class='ocrx_word' id='word_1_327' title='bbox 1262 3480 1307 3537; x_wconf 89' lang='lat' dir='ltr'>cp.</span> <span class='ocrx_word' id='word_1_328' title='bbox 1325 3461 1393 3540; x_wconf 81' lang='grc'><strong>35).</strong></span> 
     </span>
    </p>
   </div>
   <div class='ocr_carea' id='block_1_9' title="bbox 908 3588 980 3654">
    <p class='ocr_par' dir='ltr' id='par_1_11' title="bbox 908 3588 980 3654">
     <span class='ocr_line' id='line_1_38' title="bbox 908 3588 980 3654; baseline 0.014 -1"><span class='ocrx_word' id='word_1_329' title='bbox 908 3588 980 3654; x_wconf 85' lang='grc' dir='ltr'>ΧΠ.</span> 
     </span>
    </p>
   </div>
   <div class='ocr_carea' id='block_1_10' title="bbox 322 3699 1406 3762">
    <p class='ocr_par' dir='ltr' id='par_1_12' title="bbox 322 3699 1406 3762">
     <span class='ocr_line' id='line_1_39' title="bbox 322 3699 1406 3762; baseline 0.009 -10"><span class='ocrx_word' id='word_1_330' title='bbox 322 3728 358 3738; x_wconf 93' lang='grc'><strong>-</strong></span> <span class='ocrx_word' id='word_1_331' title='bbox 378 3728 414 3738; x_wconf 96' lang='grc'>-</span> <span class='ocrx_word' id='word_1_332' title='bbox 445 3699 509 3755; x_wconf 84' lang='lat' dir='ltr'>Alia</span> <span class='ocrx_word' id='word_1_333' title='bbox 525 3701 627 3754; x_wconf 88' lang='lat' dir='ltr'>similia</span> <span class='ocrx_word' id='word_1_334' title='bbox 648 3701 826 3755; x_wconf 85' lang='lat' dir='ltr'>diuersorum</span> <span class='ocrx_word' id='word_1_335' title='bbox 845 3700 987 3755; x_wconf 84' lang='lat' dir='ltr'>hominum</span> <span class='ocrx_word' id='word_1_336' title='bbox 1003 3702 1043 3755; x_wconf 87' lang='lat' dir='ltr'>ad</span> <span class='ocrx_word' id='word_1_337' title='bbox 1057 3701 1201 3758; x_wconf 85' lang='lat' dir='ltr'>Gelasium</span> <span class='ocrx_word' id='word_1_338' title='bbox 1216 3706 1247 3759; x_wconf 87' lang='lat' dir='ltr'>in</span> <span class='ocrx_word' id='word_1_339' title='bbox 1261 3704 1354 3760; x_wconf 86' lang='lat' dir='ltr'>rebus</span> <span class='ocrx_word' id='word_1_340' title='bbox 1370 3722 1406 3762; x_wconf 87' lang='lat' dir='ltr'>su</span> 
     </span>
    </p>
   </div>
   <div class='ocr_carea' id='block_1_11' title="bbox 317 3779 1386 4044">
    <p class='ocr_par' dir='ltr' id='par_1_13' title="bbox 317 3779 1386 4044">
     <span class='ocr_line' id='line_1_40' title="bbox 402 3779 1372 3878; baseline 0.008 -24"><span class='ocrx_word' id='word_1_341' title='bbox 402 3779 495 3875; x_wconf 80' lang='lat' dir='ltr'>Lbnge</span> <span class='ocrx_word' id='word_1_342' title='bbox 515 3801 591 3874; x_wconf 88' lang='lat' dir='ltr'>plura</span> <span class='ocrx_word' id='word_1_343' title='bbox 616 3801 649 3855; x_wconf 92' lang='lat' dir='ltr'>de</span> <span class='ocrx_word' id='word_1_344' title='bbox 668 3800 781 3855; x_wconf 83' lang='lat' dir='ltr'>dirersis</span> <span class='ocrx_word' id='word_1_345' title='bbox 798 3800 878 3856; x_wconf 90' lang='lat' dir='ltr'>rebus</span> <span class='ocrx_word' id='word_1_346' title='bbox 899 3803 1033 3875; x_wconf 89' lang='lat' dir='ltr'>petitoria,</span> <span class='ocrx_word' id='word_1_347' title='bbox 1060 3821 1128 3876; x_wconf 90' lang='lat' dir='ltr'>qnae</span> <span class='ocrx_word' id='word_1_348' title='bbox 1154 3806 1181 3858; x_wconf 89' lang='lat' dir='ltr'>in</span> <span class='ocrx_word' id='word_1_349' title='bbox 1207 3803 1372 3878; x_wconf 80' lang='lat' dir='ltr'>fragmentis</span> 
     </span>
     <span class='ocr_line' id='line_1_41' title="bbox 317 3885 1386 3964; baseline 0.009 -25"><span class='ocrx_word' id='word_1_350' title='bbox 317 3886 457 3949; x_wconf 89' lang='lat' dir='ltr'>mittimus,</span> <span class='ocrx_word' id='word_1_351' title='bbox 482 3902 515 3941; x_wconf 91' lang='lat' dir='ltr'>ne</span> <span class='ocrx_word' id='word_1_352' title='bbox 541 3885 642 3941; x_wconf 81' lang='lat' dir='ltr'>frustra</span> <span class='ocrx_word' id='word_1_353' title='bbox 667 3893 791 3959; x_wconf 86' lang='lat' dir='ltr'>repetere</span> <span class='ocrx_word' id='word_1_354' title='bbox 817 3886 967 3950; x_wconf 77' lang='lat' dir='ltr'>videamur,</span> <span class='ocrx_word' id='word_1_355' title='bbox 997 3904 1065 3961; x_wconf 89' lang='lat' dir='ltr'>qnae</span> <span class='ocrx_word' id='word_1_356' title='bbox 1092 3890 1207 3962; x_wconf 89' lang='lat' dir='ltr'>quisque</span> <span class='ocrx_word' id='word_1_357' title='bbox 1227 3889 1386 3964; x_wconf 89' lang='lat' dir='ltr'>iragmeute</span> 
     </span>
     <span class='ocr_line' id='line_1_42' title="bbox 317 3971 682 4044; baseline 0 -19"><span class='ocrx_word' id='word_1_358' title='bbox 317 3971 432 4027; x_wconf 89' lang='lat' dir='ltr'>lectione</span> <span class='ocrx_word' id='word_1_359' title='bbox 448 3971 481 4026; x_wconf 91' lang='lat' dir='ltr'>de</span> <span class='ocrx_word' id='word_1_360' title='bbox 497 3971 537 4026; x_wconf 92' lang='lat' dir='ltr'>his</span> <span class='ocrx_word' id='word_1_361' title='bbox 553 3972 682 4044; x_wconf 86' lang='lat' dir='ltr'>percepit.</span> 
     </span>
    </p>
   </div>
   <div class='ocr_carea' id='block_1_12' title="bbox 899 4065 989 4130">
    <p class='ocr_par' dir='ltr' id='par_1_14' title="bbox 899 4065 989 4130">
     <span class='ocr_line' id='line_1_43' title="bbox 899 4065 989 4130; baseline 0 0"><span class='ocrx_word' id='word_1_362' title='bbox 899 4065 989 4130; x_wconf 89' lang='lat' dir='ltr'>XIlI.</span> 
     </span>
    </p>
   </div>
   <div class='ocr_carea' id='block_1_13' title="bbox 222 4175 1357 4334">
    <p class='ocr_par' dir='ltr' id='par_1_15' title="bbox 222 4175 1357 4334">
     <span class='ocr_line' id='line_1_44' title="bbox 222 4175 1357 4248; baseline 0.006 -16"><span class='ocrx_word' id='word_1_363' title='bbox 222 4204 227 4217; x_wconf 82' lang='lat'><em>=</em></span> <span class='ocrx_word' id='word_1_364' title='bbox 315 4205 358 4214; x_wconf 86' lang='lat'>-</span> <span class='ocrx_word' id='word_1_365' title='bbox 374 4206 409 4216; x_wconf 94' lang='lat'><em>-</em></span> <span class='ocrx_word' id='word_1_366' title='bbox 439 4176 585 4232; x_wconf 85' lang='lat' dir='ltr'>Honorati</span> <span class='ocrx_word' id='word_1_367' title='bbox 597 4178 726 4248; x_wconf 89' lang='lat' dir='ltr'>episcopi</span> <span class='ocrx_word' id='word_1_368' title='bbox 740 4175 929 4233; x_wconf 87' lang='lat' dir='ltr'>Massiliensis</span> <span class='ocrx_word' id='word_1_369' title='bbox 948 4178 983 4233; x_wconf 87' lang='lat' dir='ltr'>de</span> <span class='ocrx_word' id='word_1_370' title='bbox 1003 4178 1061 4248; x_wconf 78' lang='lat' dir='ltr'>fide</span> <span class='ocrx_word' id='word_1_371' title='bbox 1081 4194 1133 4235; x_wconf 89' lang='lat' dir='ltr'>sua</span> <span class='ocrx_word' id='word_1_372' title='bbox 1154 4180 1194 4236; x_wconf 87' lang='lat' dir='ltr'>nd</span> <span class='ocrx_word' id='word_1_373' title='bbox 1208 4179 1357 4239; x_wconf 83' lang='lat' dir='ltr'>Gelasium</span> 
     </span>
     <span class='ocr_line' id='line_1_45' title="bbox 272 4262 953 4334; baseline 0 -16"><span class='ocrx_word' id='word_1_374' title='bbox 272 4262 276 4277; x_wconf 77' lang='grc'><strong>“</strong></span> <span class='ocrx_word' id='word_1_375' title='bbox 463 4264 610 4334; x_wconf 73' lang='lat' dir='ltr'>pontificis</span> <span class='ocrx_word' id='word_1_376' title='bbox 625 4263 755 4317; x_wconf 85' lang='lat' dir='ltr'>edilium</span> <span class='ocrx_word' id='word_1_377' title='bbox 770 4265 953 4334; x_wconf 88' lang='lat' dir='ltr'>rescriptum.</span> 
     </span>
    </p>
   </div>
   <div class='ocr_carea' id='block_1_14' title="bbox 314 4362 1340 4780">
    <p class='ocr_par' dir='ltr' id='par_1_16' title="bbox 314 4362 1340 4608">
     <span class='ocr_line' id='line_1_46' title="bbox 399 4362 1340 4439; baseline 0.01 -23"><span class='ocrx_word' id='word_1_378' title='bbox 399 4363 551 4418; x_wconf 85' lang='lat' dir='ltr'>Gennadius</span> <span class='ocrx_word' id='word_1_379' title='bbox 567 4363 600 4418; x_wconf 87' lang='lat' dir='ltr'>da</span> <span class='ocrx_word' id='word_1_380' title='bbox 616 4364 677 4418; x_wconf 85' lang='lat' dir='ltr'>viris</span> <span class='ocrx_word' id='word_1_381' title='bbox 694 4362 843 4418; x_wconf 86' lang='lat' dir='ltr'>illustribus</span> <span class='ocrx_word' id='word_1_382' title='bbox 865 4382 922 4437; x_wconf 79' lang='lat' dir='ltr'>erp.</span> <span class='ocrx_word' id='word_1_383' title='bbox 941 4364 990 4420; x_wconf 92' lang='lat' dir='ltr'>ult.</span> <span class='ocrx_word' id='word_1_384' title='bbox 1013 4366 1106 4439; x_wconf 90' lang='lat' dir='ltr'>scripti</span> <span class='ocrx_word' id='word_1_385' title='bbox 1128 4368 1247 4423; x_wconf 90' lang='lat' dir='ltr'>meminit</span> <span class='ocrx_word' id='word_1_386' title='bbox 1262 4367 1340 4426; x_wconf 84' lang='lat' dir='ltr'>lione</span> 
     </span>
     <span class='ocr_line' id='line_1_47' title="bbox 315 4446 1332 4526; baseline 0.008 -25"><span class='ocrx_word' id='word_1_387' title='bbox 315 4448 442 4520; x_wconf 87' lang='lat' dir='ltr'>episcopi,</span> <span class='ocrx_word' id='word_1_388' title='bbox 460 4464 513 4520; x_wconf 89' lang='lat' dir='ltr'>quo</span> <span class='ocrx_word' id='word_1_389' title='bbox 529 4447 574 4503; x_wconf 92' lang='lat' dir='ltr'>ille</span> <span class='ocrx_word' id='word_1_390' title='bbox 585 4448 768 4521; x_wconf 88' lang='lat' dir='ltr'>integritatem</span> <span class='ocrx_word' id='word_1_391' title='bbox 781 4446 841 4503; x_wconf 87' lang='lat' dir='ltr'>lidei</span> <span class='ocrx_word' id='word_1_392' title='bbox 851 4464 915 4504; x_wconf 92' lang='lat' dir='ltr'>suae</span> <span class='ocrx_word' id='word_1_393' title='bbox 927 4449 998 4522; x_wconf 90' lang='lat' dir='ltr'>apud</span> <span class='ocrx_word' id='word_1_394' title='bbox 1014 4449 1146 4506; x_wconf 90' lang='lat' dir='ltr'>Gelasium</span> <span class='ocrx_word' id='word_1_395' title='bbox 1162 4450 1303 4526; x_wconf 89' lang='lat' dir='ltr'>probabat,</span> <span class='ocrx_word' id='word_1_396' title='bbox 1319 4473 1332 4510; x_wconf 91' lang='lat' dir='ltr'>r</span> 
     </span>
     <span class='ocr_line' id='line_1_48' title="bbox 314 4531 1321 4608; baseline 0.01 -22"><span class='ocrx_word' id='word_1_397' title='bbox 314 4549 368 4603; x_wconf 88' lang='lat' dir='ltr'>quo</span> <span class='ocrx_word' id='word_1_398' title='bbox 386 4531 455 4586; x_wconf 89' lang='lat' dir='ltr'>idem</span> <span class='ocrx_word' id='word_1_399' title='bbox 471 4549 537 4605; x_wconf 89' lang='lat' dir='ltr'>papa</span> <span class='ocrx_word' id='word_1_400' title='bbox 559 4532 687 4587; x_wconf 89' lang='lat' dir='ltr'>llonarati</span> <span class='ocrx_word' id='word_1_401' title='bbox 710 4531 788 4586; x_wconf 88' lang='lat' dir='ltr'>hdem</span> <span class='ocrx_word' id='word_1_402' title='bbox 804 4531 854 4588; x_wconf 91' lang='lat' dir='ltr'>sihi</span> <span class='ocrx_word' id='word_1_403' title='bbox 876 4535 981 4608; x_wconf 89' lang='lat' dir='ltr'>reipsa</span> <span class='ocrx_word' id='word_1_404' title='bbox 1003 4534 1112 4608; x_wconf 89' lang='lat' dir='ltr'>probari</span> <span class='ocrx_word' id='word_1_405' title='bbox 1133 4536 1269 4596; x_wconf 86' lang='lat' dir='ltr'>indicarit.</span> <span class='ocrx_word' id='word_1_406' title='bbox 1299 4539 1321 4596; x_wconf 86' lang='lat' dir='ltr'>G</span> 
     </span>
    </p>

    <p class='ocr_par' dir='ltr' id='par_1_17' title="bbox 411 4617 1312 4697">
     <span class='ocr_line' id='line_1_49' title="bbox 411 4617 1312 4697; baseline 0.014 -29"><span class='ocrx_word' id='word_1_407' title='bbox 411 4617 533 4673; x_wconf 63' lang='lat' dir='ltr'>o‘nictus</span> <span class='ocrx_word' id='word_1_408' title='bbox 547 4634 659 4690; x_wconf 85' lang='lat' dir='ltr'>quoque</span> <span class='ocrx_word' id='word_1_409' title='bbox 672 4635 753 4690; x_wconf 90' lang='lat' dir='ltr'>papa</span> <span class='ocrx_word' id='word_1_410' title='bbox 767 4618 897 4675; x_wconf 87' lang='lat' dir='ltr'>Gelasius</span> <span class='ocrx_word' id='word_1_411' title='bbox 913 4621 1063 4677; x_wconf 83' lang='lat' dir='ltr'>Romanae</span> <span class='ocrx_word' id='word_1_412' title='bbox 1078 4624 1157 4678; x_wconf 86' lang='lat' dir='ltr'>urbis</span> <span class='ocrx_word' id='word_1_413' title='bbox 1166 4624 1312 4697; x_wconf 72' lang='lat' dir='ltr'>pontifex.</span> 
     </span>
    </p>

    <p class='ocr_par' dir='ltr' id='par_1_18' title="bbox 579 4704 1307 4780">
     <span class='ocr_line' id='line_1_50' title="bbox 579 4704 1307 4780; baseline 0.077 -68"><span class='ocrx_word' id='word_1_414' title='bbox 579 4704 635 4730; x_wconf 72' lang='lat'>,...·</span> <span class='ocrx_word' id='word_1_415' title='bbox 649 4706 846 4774; x_wconf 58' lang='lat' dir='ltr'>:securitatem</span> <span class='ocrx_word' id='word_1_416' title='bbox 863 4711 1005 4780; x_wconf 85' lang='lat' dir='ltr'>rescripta</span> <span class='ocrx_word' id='word_1_417' title='bbox 1021 4724 1073 4764; x_wconf 84' lang='lat' dir='ltr'>suo</span> <span class='ocrx_word' id='word_1_418' title='bbox 1086 4710 1240 4780; x_wconf 85' lang='lat' dir='ltr'>probatam</span> <span class='ocrx_word' id='word_1_419' title='bbox 1254 4713 1307 4769; x_wconf 86' lang='lat' dir='ltr'>ind</span> 
     </span>
    </p>
   </div>
   <div class='ocr_carea' id='block_1_15' title="bbox 0 0 1616 5506">
    <p class='ocr_par' dir='ltr' id='par_1_19' title="bbox 0 0 1616 5506">
     <span class='ocr_line' id='line_1_51' title="bbox 0 0 1616 5506; baseline 0 4"><span class='ocrx_word' id='word_1_420' title='bbox 0 0 1616 5506; x_wconf 95' lang='lat' dir='ltr'> </span> 
     </span>
    </p>
   </div>
  </div>
 </body>
</html>
