3204 5506
515 334 716 382 assoricus
740 335 772 381 V.
1216 318 1277 383 591

100 488 152 552 imi
172 487 353 570 sanctitati,
388 507 453 549 non
480 486 564 570 quod
589 488 657 569 jam
686 487 747 571 ipsi
776 487 905 570 propria
933 486 1188 550 sanctificatione
1215 508 1281 551 nou

100 588 194 673 at²⁰);
217 610 297 673 quae
319 588 438 672 utique,
463 589 546 652 sicut
560 588 666 651 nullus
683 586 883 652 Christianus
904 587 1082 669 addubitat,
1106 589 1176 652 sine
1191 609 1280 672 rege-

99 690 190 754 zionis
211 712 321 754 sacrae
343 692 496 773 mysterio
518 713 578 754 nec
600 690 735 754 sumitur
757 712 817 753 nec
838 690 990 753 habetur:
1013 689 1096 753 sicut
1116 692 1149 752 et
1163 711 1281 773 pareus

100 814 125 856 n
144 791 281 856 infidelis
302 792 349 855 sio
371 793 589 856 sanctificatus
613 792 729 856 dicitur
751 813 808 875 per
829 791 966 874 fidelem,
993 794 1030 854 ut
1051 791 1077 853 si
1101 794 1210 855 tamen
1232 791 1280 854 in·

100 915 126 957 .e
146 893 207 957 sibi
228 915 286 978 per
308 894 432 958 fidelem
449 895 619 979 conjugem
634 893 900 958 sanctificationis
922 894 991 976 ipse
1012 892 1193 976 legitimum
1215 915 1280 956 non

100 995 153 1079 pit
174 996 332 1078 effectum,
357 996 493 1059 infidelis
515 996 614 1060 fuerit
636 998 849 1080 nuncupatus
884 995 973 1059 Sicut
989 1016 1065 1078 ergo
1081 1017 1162 1076 eum,
1186 1017 1281 1079 quem

100 1095 216 1160 idelem
239 1098 409 1181 conjugem
431 1098 667 1162 sanctificatum
686 1098 777 1181 dixit,
801 1100 912 1179 postea
928 1101 1093 1181 nuncupat
1107 1096 1279 1178 infidelem,

109 1198 235 1282 proprie
258 1199 326 1282 ipse
348 1200 399 1262 vel
423 1199 493 1283 ipsa
516 1222 581 1264 non
605 1199 754 1280 credidit,
778 1200 824 1263 sic
848 1201 879 1262 et
902 1199 975 1281 filii,
1000 1199 1054 1283 qui
1076 1220 1133 1282 per
1154 1198 1281 1261 fidelem

100 1303 178 1364 rtem
201 1322 238 1364 eo
260 1301 353 1364 modo
375 1302 587 1383 sanctificati,
622 1324 683 1385 quo
713 1303 844 1385 conjux,
878 1301 981 1364 sancti
1011 1300 1165 1384 appellati
1194 1302 1279 1380 sunt,

100 1401 157 1485 ipsi
186 1425 309 1487 quoque
339 1403 467 1487 proprie
496 1403 644 1485 credant,
679 1403 823 1466 infideles
853 1406 1084 1486 consequenter
1111 1402 1278 1465 exsistunt.

130 1504 216 1567 enim
250 1508 400 1588 apparet,
436 1506 610 1569 secundum
639 1504 807 1589 quemdam
837 1504 964 1567 modum
992 1503 1280 1567 sanctificationem

119 1606 264 1699 conjugia
288 1606 493 1691 appellatam,
517 1607 573 1691 qui
596 1609 707 1690 postea
729 1613 858 1683 infidelis
881 1606 1048 1687 asseritur3
1082 1605 1127 1668 sic
1150 1626 1227 1688 ergo
1250 1607 1282 1668 et

100 1707 147 1770 liis
168 1707 416 1792 intelligendum
439 1713 496 1772 est.
531 1707 692 1792 Numquid
715 1708 824 1793 igitur,
849 1709 931 1792 quod
954 1729 1049 1791 saepe
1071 1706 1281 1790 repetendum

111 1808 233 1872 soboles
266 1809 474 1892 profanorum
507 1809 724 1892 hujuscemodi
754 1809 937 1873 sanctitatis
971 1809 1077 1893 aliqua
1112 1808 1281 1891 cujuslibet

102 1911 154 1974 rtis
176 1911 323 1995 portione
347 1911 604 1996 contingitur⁷¹),
629 1911 679 1975 vel
701 1912 860 1995 aliquibus
883 1910 1062 1994 hujusmodi
1090 1909 1278 1992 disciplinis,

101 2013 169 2096 bus,
194 2013 471 2078 adhortationibus
494 2014 672 2097 cujuspiam
691 2013 974 2097 participationem
996 2012 1045 2076 vel
1060 2012 1209 2075 notitiam
1230 2014 1279 2075 vel

101 2136 152 2177 um
176 2116 224 2178 vel
249 2115 458 2179 eruditionem
480 2115 664 2179 sanctitatis
687 2116 830 2198 assumit,
854 2136 934 2199 quae
958 2116 1006 2177 est
1028 2113 1087 2177 sub
1103 2114 1279 2177 immundo-

102 2217 271 2300 spirituum
294 2217 512 2281 dominatione
536 2219 724 2302 consistens,
755 2221 788 2281 et
810 2216 975 2280 diabolicis
997 2217 1279 2300 praevaricationi-

100 2322 123 2382 rt
145 2320 304 2403 contagiis
327 2319 535 2403 mancipata?
577 2319 648 2383 Hoc
670 2320 763 2383 modo
785 2340 910 2402 semper
932 2317 1095 2381 immunda
1118 2321 1182 2400 est,
1218 2339 1279 2401 quo

99 2425 171 2505 rtes,
196 2421 347 2505 quamdiu
370 2422 404 2485 in
428 2421 538 2484 eadem
560 2422 770 2504 perversitate
794 2420 951 2485 consistit.

100 2523 145 2586 19.
175 2522 365 2606 Plerumque
388 2527 494 2586 autem
518 2526 550 2586 et
571 2545 629 2606 per
647 2525 923 2607 anticipationem,
947 2522 1030 2606 quod
1045 2523 1079 2585 in
1096 2521 1279 2606 Scripturae

100 2647 141 2688 ae
163 2628 255 2688 textu
277 2624 475 2709 frequentius
497 2626 675 2709 invenitur,
705 2627 774 2708 jam
799 2647 867 2688 esse
895 2625 1012 2688 dicitur
1034 2625 1115 2708 quod
1137 2624 1280 2687 futurum

100 2725 176 2790 sicut
196 2727 232 2790 in
255 2726 422 2811 evangelio
443 2726 596 2811 legimus:
623 2733 697 2802 Ouio
717 2733 806 2791 Iesus
827 2734 991 2792 moriturus
1012 2738 1080 2790 erat
1098 2748 1159 2805 pro
1179 2739 1277 2804 paule,

100 2851 122 2892 u
143 2841 259 2893 tautum
279 2851 338 2908 pro
358 2841 458 2910 pente,
481 2835 536 2893 sed
557 2840 590 2893 ut
607 2837 687 2904 filios
710 2835 773 2906 oei,
809 2837 863 2908 qui
883 2841 971 2893 erunt
993 2834 1129 2908 dispersi,
1154 2851 1279 2908 conpre-

100 2942 103 2985 Γ
130 2937 160 2994 in
189 2952 295 2994 unum:
326 2938 406 3007 filios
429 2937 486 2995 Dei
513 2934 597 2995 certe
622 2933 692 3014 jam
719 2953 924 3014 nuncupem,
959 2931 1013 3014 qui
1041 2929 1145 2993 adhuc
1173 2935 1280 2994 essent

100 3053 127 3094 sa
147 3032 272 3117 gratiae
295 3033 479 3097 evocatione
501 3055 559 3118 per
573 3034 726 3097 mundum
742 3033 841 3096 sacris
864 3031 1040 3096 innovandi
1063 3032 1222 3114 mysteriis
1244 3032 1278 3094 iu

100 3132 168 3197 ilios
191 3134 381 3217 adoptandi;
404 3135 453 3198 vel
470 3158 566 3219 quum
582 3136 713 3199 dicitur:
736 3141 829 3198 Beuu'
849 3141 903 3214 qui
922 3156 981 3198 narr
1006 3139 1145 3196 videraut
1165 3145 1194 3195 et
1215 3154 1278 3196 crc-
1292 3099 1378 3232 35:¹3„

100 3249 167 3314 νηί,
199 3236 269 3318 jam
297 3242 378 3300 beati
405 3236 558 3320 appellati
586 3241 679 3320 sunt,
714 3237 766 3321 qui
796 3236 900 3299 adhuc
922 3239 1000 3298 tunc
1022 3233 1123 3297 futuri
1151 3234 1281 3297 fueraut

100 3385 115 3417 „
136 3360 233 3422 quum
256 3342 364 3402 essent
385 3361 466 3422 quae
488 3362 554 3403 non
576 3339 725 3402 viderant
744 3337 910 3420 eredituri3
934 3338 1017 3400 sicut
1040 3339 1072 3399 et
1093 3335 1279 3419 plerumque

100 3437 246 3503 iaciendis
265 3440 335 3522 jam
357 3440 444 3503 facta
466 3441 659 3523 referuntur,
683 3445 734 3505 ut:
754 3445 904 3518 foderant
923 3460 1029 3503 mancas
1044 3460 1125 3501 meos
1146 3448 1175 3501 et
1187 3444 1280 3517 pedes
1292 3428 1392 3549 Ῑέἷιῑξῐῑῑ

100 3587 102 3599 ·
138 3541 221 3606 Item
243 3545 407 3626 tamquam
431 3543 610 3625 profitendo
632 3543 798 3625 definitur,
827 3542 910 3626 quod
932 3563 997 3605 non
1020 3540 1063 3603 sit
1085 3561 1181 3603 causa
1199 3528 1278 3623 qua·
1331 3539 1337 3562 ’
1365 3520 1383 3551 ⁴'

111 3641 345 3708 interveniente
368 3644 565 3708 faciendum:
595 3646 678 3709 sicut
700 3645 813 3709 beatus
842 3642 1004 3727 apostolus
1030 3663 1088 3725 pro
1110 3642 1369 3713 devotioncfcom,

100 3740 258 3809 licationis
286 3747 451 3828 injunctae
480 3746 519 3808 ad
549 3745 724 3829 Hispanias
754 3769 788 3810 se
821 3745 989 3829 profitetur
1021 3744 1156 3828 iturum,
1195 3745 1277 3829 quod
1294 3735 1378 3794 ¹5³⁴·

100 3865 119 3908 u
142 3851 229 3912 certa
252 3848 490 3932 dispensatione
507 3847 646 3912 Deitatis
669 3849 751 3932 quod
774 3850 866 3912 fieret
887 3871 952 3911 non
968 3847 1126 3930 provenit.
1161 3847 1277 3928 Aliter,

100 3949 304 4035 [appellatur
318 3951 436 4034 aliquid
461 3972 540 4034 esse,
564 3951 648 4034 quod
670 3950 730 4014 hoc
752 3950 856 4034 ipsum
880 3972 948 4014 esse
971 3949 1123 4031 cessavit,
1148 3949 1197 4013 vel
1213 3971 1278 4012 ces-

100 4070 154 4116 um
176 4056 225 4116 est
247 4053 307 4116 hoc
328 4053 433 4136 ipsum
456 4053 630 4137 essequod
659 4053 789 4117 dicitur:
823 4055 859 4115 ut
879 4051 981 4116 Judas
1009 4051 1189 4134 apostoluS,
1224 4051 1277 4133 qui

1292 2709 1401 2773 Jourr,

100 4258 313 4270 sp...—

101 4374 110 4440 )
128 4374 262 4429 Similiter
280 4376 315 4429 ad
334 4375 461 4429 eumdem
480 4375 600 4446 apostoli
619 4376 709 4429 locum
722 4374 892 4443 Augustinus
909 4373 944 4429 de
961 4391 1036 4444 pecc.
1056 4391 1124 4427 mer.
1143 4374 1159 4427 l.
1175 4381 1190 4427 3
1209 4391 1230 4427 c.
1247 4379 1277 4428 lt>

100 4463 152 4514 aas:
177 4466 247 4514 Illud
269 4473 349 4514 tornea
370 4469 425 4515 cine
448 4466 603 4514 (iubilatione
625 4467 757 4514 leucadam
780 4473 830 4521 cst,
858 4480 1020 4530 quercusque
1044 4466 1087 4512 illa
1108 4465 1277 4527 sanctificatio

100 4562 125 4598 ru
141 4555 226 4601 ualere
244 4553 280 4599 ud
292 4551 449 4600 Clu·istr'auos
465 4552 599 4611 faciendos
617 4559 692 4615 utque
710 4552 746 4598 ud
763 4552 911 4599 dimittendo
927 4557 1048 4614 peecata,
1067 4551 1116 4597 nisi
1133 4549 1277 4598 Clerisliuuu

100 4637 225 4685 *lesiasticu
244 4639 399 4685 institutione
419 4638 584 4684 sacramentis
602 4636 748 4697 efficiuntur·
767 4637 864 4696 fideles.
902 4635 965 4683 Noui
985 4650 1030 4682 nec
1047 4635 1170 4696 corrjapes
1188 4635 1277 4696 infide-

102 4722 195 4770 amciter
213 4723 310 4771 sarreria
328 4729 353 4769 et
368 4724 450 4783 justis
471 4721 621 4784 coujupr'tus
642 4722 776 4779 haereant,
801 4720 834 4768 ab
857 4721 988 4785 iniquitute
1011 4720 1170 4768 inundantur.
1206 4713 1276 4768 Vide

102 4808 178 4855 fle.
192 4807 233 4854 26.

100 4888 111 4954 ¹)
128 4887 171 4941 lta
189 4886 369 4954 correximus,
389 4887 437 4940 ubi
455 4888 489 4940 G*
508 4892 652 4957 coneipitur,
671 4886 718 4941 alii
735 4893 884 4958 coutepitar.

1298 2785 1338 2831 51.
1350 2784 1391 2830 52.
1467 2785 1471 2793 ’
