3204 5506
233 303 295 365 906
686 315 936 362 succursura
960 315 1074 362 rainae

122 498 145 535 a.
158 485 216 534 519.
231 470 410 555 suscepisti,
434 491 492 553 pro
508 492 545 533 ea
560 471 662 552 parte,
686 491 767 552 quae
783 471 855 532 acta
871 474 928 550 est,
945 467 1152 553 gratulamur
1166 469 1295 553 effectu,
1310 470 1474 554 indicantes,

227 572 375 637 omnibus
397 571 511 636 Italiae
534 570 658 655 populis
681 592 762 655 quae
785 575 914 635 auctore
929 570 997 634 Deo
1011 592 1070 656 per
1093 574 1126 635 te
1148 575 1222 635 acta
1238 577 1314 636 sunt
1329 573 1476 658 placuisse,

228 679 261 740 et
282 674 404 760 gratias
427 673 495 738 Deo
517 677 628 737 nostro
650 674 718 737 sine
743 674 918 737 cessatione
933 672 1156 757 persolvimus,
1180 674 1235 758 qui
1259 677 1292 738 te
1311 675 1477 761 fecitagnc

228 800 326 859 scere,
354 777 515 861 quianon
538 798 595 858 pro
617 775 721 858 odio¹)
744 775 799 839 sed
821 797 878 859 pro
902 796 1015 839 causae
1038 775 1145 861 magis
1167 775 1269 840 fucris
1292 777 1477 861 amplitudine

228 879 416 943 destinatus.
441 877 534 942 Unde
549 878 700 962 quoniam
713 878 889 961 supplicem
895 878 921 962 ²)
938 880 970 940 et
981 899 1096 961 puram
1109 877 1341 963 cogitationem
1357 884 1478 945 nostran

227 983 338 1064 perte
360 980 577 1044 misericordia
600 980 726 1043 divinae
748 979 986 1063 propitiationis
1009 979 1144 1063 adjuvit,
1168 1001 1300 1044 necesse
1321 986 1378 1063 est,
1400 986 1431 1045 ut
1448 983 1478 1046 de

227 1082 403 1146 industriae
426 1082 476 1146 vel
497 1081 699 1165 fatigationis
727 1085 801 1145 tuae
828 1080 970 1164 praemio
999 1086 1032 1144 et
1058 1081 1282 1146 vicissitudine
1311 1084 1476 1167 cogitemus.

227 1183 312 1247 Nam
340 1185 486 1268 sequenti
513 1187 655 1267 tempore
684 1184 822 1247 scribere
851 1183 978 1246 domino
1009 1186 1042 1246 et
1068 1182 1135 1247 filio
1168 1186 1281 1247 nostro
1314 1184 1478 1269 imperatori

228 1286 435 1370 disponimus,
459 1288 496 1348 ut
517 1288 549 1348 te
565 1285 820 1349 Alexandrinum
841 1285 1025 1369 episcopum
1047 1285 1165 1348 debeat
1179 1285 1341 1350 ordinare.
1369 1287 1477 1351 iustum

228 1392 277 1452 est
299 1389 398 1470 enim,
423 1390 459 1451 ut
481 1410 518 1451 ea
540 1388 685 1451 doctrina
708 1391 739 1451 et
761 1386 979 1451 moderatione
1001 1390 1057 1450 tua
1080 1386 1263 1471 corrigatur
1285 1389 1428 1471 ecelesia,
1450 1391 1477 1454 in

227 1513 290 1575 qua
311 1491 481 1574 praecipue
504 1490 545 1553 ab
567 1489 645 1572 ipsis
668 1490 783 1553 aetatis
805 1492 879 1552 tuae
894 1489 1062 1573 principiis
1082 1489 1243 1553 militasti.
1281 1489 1365 1554 Nam
1386 1491 1477 1576 displi-

228 1592 295 1656 cuit
320 1592 429 1674 nobis,
463 1592 547 1676 quod
573 1591 740 1654 caritatem
767 1594 856 1654 tuam
885 1590 1151 1654 clementissimus
1179 1592 1355 1676 imperator
1380 1595 1477 1658 Antio

228 1693 348 1758 chenae
370 1715 565 1778 praeponere
587 1693 752 1756 nitebatur
774 1692 935 1757 ecclesiae.
978 1691 1092 1756 Melius
1114 1691 1203 1757 enirn
1225 1694 1259 1757 ia
1283 1695 1351 1758 solo
1372 1695 1476 1778 patriae

227 1795 312 1860 tanti
339 1795 476 1879 accipies
504 1794 673 1859 sacerdotii
700 1794 907 1879 dignitatem,
937 1798 973 1858 ut
1000 1794 1180 1880 Aegyptios
1208 1795 1343 1878 populos
1369 1796 1475 1877 domes,

226 1919 323 1982 quam
344 1899 430 1962 inter
453 1897 559 1982 Syros,
583 1918 681 1961 novos
704 1900 738 1961 et
758 1897 939 1981 incognitos
962 1896 1122 1979 hominm,
1150 1896 1185 1960 in
1208 1897 1274 1961 alia
1297 1897 1381 1961 orbis
1400 1901 1476 1982 parte

226 2001 414 2086 progenitus
436 2021 541 2064 errare
549 2000 576 2084 ³)
599 1999 745 2063 videaris

310 2102 341 2165 2.
375 2100 516 2166 Thomae
538 2123 661 2185 quoque
684 2105 717 2165 et
739 2100 914 2165 Nicostrati
935 2101 1072 2165 fratrum
1095 2105 1128 2165 et
1153 2101 1410 2187 coepiscoporum
1432 2124 1475 2166 no

226 2207 365 2269 atrorum
387 2203 567 2268 observatio
589 2203 686 2288 longa
701 2225 760 2267 nos
777 2202 956 2287 contristat,
980 2207 1013 2268 et
1026 2203 1192 2287 miramur,
1217 2226 1275 2268 cur
1289 2206 1372 2290 apud
1386 2205 1474 2269 catha

164 2330 169 2342 ·
225 2305 322 2370 licum
350 2304 528 2390 principem
556 2309 663 2369 rectae
688 2305 763 2369 fidei
790 2305 935 2369 laborare
963 2305 1133 2369 videantur
1169 2307 1328 2391 episcopi,
1362 2329 1473 2392 quorum

226 2407 382 2471 desideria
414 2412 470 2471 tua
503 2407 631 2471 debebit
666 2408 782 2471 caritas
816 2408 981 2472 sublevare
1014 2408 1154 2491 agendo,
1190 2412 1351 2493 quatenus
1383 2413 1472 2494 optata

226 2510 519 2593 consequentium⁴)
542 2531 667 2573 moeror
689 2511 831 2574 converti
852 2510 954 2593 possit
975 2510 1009 2572 in
1031 2509 1193 2594 gaudium.

309 2611 339 2674 3.
374 2610 539 2675 Johannes
561 2611 805 2695 Nicopolitanus
827 2611 993 2695 episcopus
1014 2633 1071 2695 per
1093 2611 1302 2676 Ammonium
1328 2613 1471 2679 diaconum

224 2712 317 2777 nobis
339 2713 477 2796 scripsit,
502 2712 583 2797 quod
607 2713 635 2777 ei
659 2713 756 2797 aliqui
772 2713 921 2777 malevoli
939 2713 1022 2797 apud
1037 2713 1218 2798 principem
1234 2715 1382 2779 nituntur
1395 2737 1470 2801 gene

224 2836 295 2878 rare
320 2813 526 2879 calumniam:
550 2837 644 2900 quem
665 2814 829 2879 dilectioni
855 2818 930 2879 tuae
959 2815 1217 2879 commendamus
1245 2816 1422 2900 hortantes,
1444 2821 1470 2880 ut

225 2918 383 2999 elabores,
412 2939 453 2981 ne
476 2917 544 3000 ejus
566 2917 666 3001 quieti
688 2917 890 2982 inimicorum
912 2917 1014 3001 possit
1035 2939 1150 2982 nocere
1173 2918 1349 3003 subreptio.
1391 2919 1470 2994 Quen

225 3020 429 3084 Ammonium
453 3019 621 3084 diaconum
644 3019 683 3083 ad
705 3041 763 3083 nos
786 3020 967 3084 venientem
993 3019 1028 3083 in
1056 3019 1139 3084 sedis
1168 3021 1364 3104 apostolicae
1390 3022 1471 3085 nolui·

224 3144 293 3186 mus
317 3122 538 3185 communione
553 3121 713 3204 suscipere
728 3120 861 3205 tamdiu,
885 3121 985 3185 donec
1006 3120 1117 3184 habito
1141 3143 1213 3185 eum
1230 3121 1343 3208 Sergio
1359 3123 1471 3187 diacono

223 3227 380 3306 tractatu,
414 3224 488 3307 quid
515 3223 655 3287 ordinari
687 3223 846 3307 debuerit,
881 3245 1120 3307 quaereremus,
1155 3228 1188 3287 et
1214 3223 1277 3288 hoc
1308 3224 1471 3290 deliberato

223 3326 368 3411 nostra⁵)
392 3326 574 3409 supradicto
597 3325 731 3389 diacono
756 3325 929 3408 probabilis
957 3325 1096 3407 invenit,
1126 3329 1163 3389 ut
1189 3348 1249 3410 per
1275 3328 1470 3393 testimonium

223 3429 322 3493 libelli
336 3428 550 3493 communioni
562 3427 737 3492 catholicae
744 3428 946 3512 jungeretur.
970 3426 1040 3502 Quo
1050 3426 1160 3491 libello
1171 3426 1370 3494 sollemniter
1383 3430 1469 3494 oblato

224 3534 351 3595 nostrae
374 3531 560 3594 offerentem
583 3529 798 3593 communioni
820 3529 1039 3614 signifiqemus
1062 3528 1261 3612 adjunctum.

308 3635 338 3695 4.
373 3631 543 3695 Paulinum
566 3631 717 3695 ecclesiae
740 3631 904 3695 Romanae
927 3631 1125 3694 defensorem
1142 3633 1406 3698 commendamus.
1437 3631 1469 3696 Et

223 3733 398 3817 hortamur,
422 3738 458 3797 ut
479 3733 560 3796 nihil
582 3732 806 3816 indispositum
828 3755 886 3816 pro
908 3732 1113 3797 festinatione
1135 3734 1236 3797 vestri
1259 3735 1378 3799 reditus
1395 3733 1468 3799 relin-

223 3837 377 3921 quatis⁶):
401 3836 476 3920 quia
497 3835 610 3899 melius
634 3838 749 3898 cuncta
771 3835 829 3897 sub
851 3835 1035 3918 prolixitate
1050 3835 1203 3918 temporis
1229 3858 1302 3901 cum
1316 3836 1374 3902 Dei
1387 3835 1469 3902 nostri

224 4029 271 4076 105
307 4024 327 4088 ¹)
345 4022 404 4074 Hoc
421 4021 507 4075 verbo
525 4021 661 4087 innuitur,
680 4022 841 4076 Dioscorum
859 4021 949 4091 primo
967 4021 1115 4089 legationis
1133 4039 1234 4076 munus
1251 4023 1305 4078 hac
1323 4023 1469 4079 rationem

223 4124 342 4172 cusasae,
366 4105 440 4173 quod
460 4105 525 4160 inde
547 4107 600 4160 sibi
622 4106 715 4159 odium
738 4106 926 4174 invidiamque
944 4105 1077 4160 concitari
1093 4105 1221 4175 timeret,
1244 4108 1292 4163 vel
1315 4108 1396 4164 etiem
1411 4105 1470 4176 quod

222 4192 286 4245 odio
304 4207 465 4261 progressus
484 4191 526 4244 sui
543 4191 579 4245 ab
599 4190 731 4245 ecclesiae
750 4207 817 4244 suae
835 4191 941 4259 gremio
960 4190 1179 4246 abstraheretur.

289 4279 309 4343 ²)
329 4274 494 4329 Concinnior
513 4275 654 4330 videretur
670 4293 723 4329 vox
741 4282 889 4343 simplicem:
907 4276 960 4329 uisi
978 4277 1049 4330 forte
1061 4275 1106 4330 hic
1118 4280 1260 4334 memorat
1271 4278 1468 4347 Hormiadapre

221 4378 277 4427 ces,
297 4361 396 4429 quibus
413 4360 576 4414 Dioscorum
593 4376 628 4413 ne
646 4360 815 4429 legationem
833 4368 975 4415 recusaret
992 4362 1149 4416 obtestatus
1166 4364 1218 4417 est.

288 4449 308 4514 ³)
327 4446 387 4498 Hoc
399 4447 453 4498 est:
472 4445 637 4514 peregrinus
650 4463 709 4500 esse
721 4445 840 4500 videaris
857 4445 982 4513 adeoque
995 4447 1108 4517 praeter
1120 4448 1272 4504 canonicas
1288 4448 1366 4520 leges
1377 4449 1468 4504 elect:

288 4533 308 4596 ⁴)
327 4529 377 4583 Ed.
397 4532 529 4600 utsupra
547 4537 731 4601 consequendo.
1026 4532 1028 4536 ’

286 4617 307 4682 ⁶)
326 4614 376 4668 Ed.
396 4615 459 4668 add.
479 4621 519 4669 de.

287 4701 308 4765 6)
328 4699 387 4752 Hac
404 4699 431 4751 in
450 4717 480 4753 re
496 4700 661 4768 prudentem
673 4703 832 4771 pontificem
845 4701 922 4770 sequi
935 4718 991 4755 non
1002 4701 1090 4771 pudet
1100 4702 1249 4757 consilium
1261 4704 1399 4774 piissimae
1408 4701 1466 4757 remi

219 4799 272 4836 nae
284 4783 411 4838 Julianae
423 4786 548 4850 Aniciac,
567 4803 638 4854 quae
657 4786 735 4856 epist.
751 4793 781 4840 71
801 4787 944 4856 adipsum
962 4786 1123 4856 scripserat:
1141 4790 1315 4846 Souetitotm
1326 4803 1424 4846 ceron
1433 4791 1468 4840 ei·

219 4888 353 4929 moriemur,
378 4881 403 4921 ut
422 4876 538 4923 intimetis
556 4877 724 4925 decanatiae
741 4877 811 4927 vobis
828 4877 1043 4926 reverendissimis
1060 4877 1133 4934 viria.
1156 4880 1226 4929 nulio
1251 4882 1328 4932 nodo
1344 4879 1468 4934 wana
