3204 5506
604 379 798 429 nrisroms
823 367 968 426 13—15.
1357 358 1419 424 723

150 535 267 619 prioris
288 534 407 599 decreti
429 535 522 620 vigor
538 534 690 619 temporis
712 532 924 598 diuturnitate
938 530 1124 617 vergatur³)
1146 532 1182 596 in
1204 533 1339 614 senium,
1363 551 1418 595 ne·
1430 553 1456 591 a.
1466 542 1524 592 513.

151 627 326 701 cessarium
348 636 492 700 duximus
514 637 591 700 olim
612 636 824 722 promulgatis
846 635 948 699 lucem
971 634 1101 698 reddere
1116 634 1235 698 nostris
1255 633 1417 698 affatibus.

233 738 266 802 2.
294 737 417 803 Idcirco
437 739 701 823 quemadmodum
717 739 862 803 decessor
876 738 985 802 noster
998 736 1061 802 Leo
1076 758 1162 820 papa
1177 735 1295 799 dudum
1310 734 1419 820 cogni-

148 841 191 906 tis
215 840 464 926 allegationibus
486 841 627 925 partium
649 840 805 922 definivit,
828 839 1054 923 parochiarum
1068 860 1236 903 numerum
1253 837 1304 902 vel
1319 861 1419 922 quan·

146 943 280 1007 titatem
301 943 486 1007 Arelatensi
509 946 542 1007 et
562 941 741 1007 Viennensi
763 940 980 1005 sacerdotibus
1003 940 1270 1026 deputandum4),
1301 943 1334 1004 et
1360 961 1419 1004 nos

147 1044 364 1129 praecipimus
378 1044 498 1109 nullius
512 1045 720 1128 usurpatione
735 1043 936 1108 transcendi:
959 1043 1014 1106 sed
1035 1045 1072 1106 ut
1094 1045 1169 1107 ante
1192 1041 1417 1126 praediximus,

143 1147 243 1230 juxta
275 1146 512 1231 indulgentiam
545 1146 721 1231 supradicti
752 1145 914 1231 pontificis
947 1143 1147 1227 Valentiam,
1182 1143 1418 1227 Tarantasiam,

148 1247 317 1312 Genavam
344 1252 440 1333 atque
463 1248 718 1333 Gratianopolim
746 1247 863 1333 oppida
885 1247 1080 1311 Viennensis
1108 1246 1244 1310 antistes
1267 1246 1334 1328 juri
1363 1268 1420 1310 suo

148 1350 308 1434 vindicet,
341 1350 595 1435 necquidquam
624 1350 760 1433 amplius
789 1350 830 1413 ab
856 1348 926 1432 his,
957 1369 1039 1433 quae
1060 1348 1158 1413 semel
1181 1348 1221 1411 ab
1244 1347 1421 1433 apostolica

147 1451 212 1515 sibi
235 1452 310 1517 sede
333 1473 483 1516 concessa
505 1455 596 1536 sunt,
626 1451 775 1516 aestimet
797 1450 1073 1534 praesumendum.
1118 1448 1208 1514 Alias
1231 1472 1306 1514 vero
1327 1471 1420 1534 paro-

149 1552 243 1618 chias
270 1554 321 1617 vel
349 1554 508 1618 dioeceses
536 1557 669 1617 cunctas
696 1553 865 1638 privilegio
898 1556 930 1617 et
956 1551 1103 1630 honori⁵l
1136 1573 1192 1615 suo
1219 1552 1420 1617 Arelatensis

150 1656 322 1740 episcopus
349 1656 408 1719 sub
434 1658 614 1740 temporum
642 1656 884 1720 continuatione
913 1654 1075 1719 defendat.
1124 1653 1228 1738 Hacss)
1259 1656 1345 1719 enim
1367 1656 1421 1719 ob·

150 1757 334 1822 servatione
356 1760 389 1821 et
408 1758 579 1822 vetustatis
601 1758 780 1826 reverentia
803 1758 990 1842 custoditur,
1020 1756 1211 1841 etamplius
1234 1757 1272 1821 de
1295 1756 1420 1822 hnmili-

150 1861 223 1922 tate
246 1858 349 1944 gloria
370 1859 578 1924 sacerdotalis
601 1859 769 1925 attollitur.

237 1962 268 2025 3.
306 1959 455 2045 Proinde,
478 1961 595 2026 fratres
619 1962 791 2045 carissimi,
817 1962 937 2047 singuli
958 1961 1089 2026 honoris
1112 1963 1160 2025 sui
1183 1961 1250 2026 sint
1271 1961 1420 2026 distribu-

149 2062 241 2126 tione
269 2063 428 2146 contenti,
464 2086 523 2128 nec
557 2086 615 2149 per
648 2064 824 2129 saecularia
857 2064 1037 2149 patrocinia
1067 2085 1128 2128 nec
1159 2085 1217 2148 per
1251 2063 1421 2148 cujuslibet

151 2165 368 2228 excusationis
405 2166 572 2230 obtentum
607 2167 721 2230 illicita
763 2166 1021 2252 praesumptione
1057 2166 1212 2230 terminos
1250 2188 1420 2231 concessae

149 2266 323 2349 potestatis
345 2268 510 2332 ex'cedant.
556 2267 690 2333 Studere
712 2268 869 2353 siquidem
895 2269 1110 2353 unusquisque
1138 2268 1282 2353 debet7),
1317 2272 1353 2333 ut
1382 2269 1421 2333 de

150 2367 331 2432 devotionis
354 2369 459 2433 officio
480 2370 584 2454 magis
606 2371 761 2455 gratiam,
791 2392 886 2454 quam
908 2370 947 2434 de
969 2370 1143 2435 ambitione
1165 2369 1296 2435 Domini
1318 2372 1420 2434 nostri

149 2469 309 2533 offensam
331 2472 364 2533 et
384 2469 558 2535 humanam
579 2471 615 2536 in
636 2495 669 2537 se
691 2472 830 2537 lacessat
851 2472 1015 2537 invidiam.
1049 2471 1170 2537 Tacere
1185 2495 1245 2538 nos
1259 2474 1323 2538 ista
1338 2495 1421 2537 com-

148 2572 269 2635 missae
291 2571 539 2655 dispensationis
557 2574 632 2658 jura
654 2574 786 2639 minime
807 2575 991 2660 patiuntur:
1013 2576 1049 2638 ut
1065 2574 1150 2639 etde
1165 2573 1227 2659 his,
1250 2575 1304 2660 qui
1320 2575 1421 2640 eccle·

146 2673 292 2737 siasticis
326 2673 446 2758 regulis
478 2675 714 2760 obsecundant,
752 2677 1030 2760 perseverantibus
1065 2676 1101 2740 in
1135 2677 1305 2742 concordia
1337 2678 1422 2742 sedis

145 2775 349 2859 apostolicae
371 2776 579 2861 gratulemur,
603 2781 636 2842 et
657 2778 716 2861 illi,
740 2779 794 2863 qui
818 2778 984 2843 catholicis
1007 2777 1185 2863 disciplinis
1199 2780 1421 2864 obtemperare

143 2877 348 2962 destiterint,
372 2877 412 2940 ab
427 2878 592 2943 Ecclesiae
607 2880 714 2964 gratia
737 2884 770 2944 et
785 2881 919 2945 caritate
935 2903 968 2945 se
984 2881 1105 2944 alienos
1120 2882 1303 2945 ostendant.
1335 2881 1422 2945 Deus

141 3000 206 3043 vos
236 2979 412 3043 incolumes
440 2980 615 3064 custodiat,
650 2982 767 3046 fratres
799 2983 971 3067 carissimi!
1015 2983 1101 3047 Data
1124 2982 1237 3069 Vlllss)
1260 2982 1336 3046 Idus
1358 2981 1421 3046 No·

140 3080 303 3164 vembris,
326 3079 430 3144 Probo
451 3081 520 3147 viro
543 3082 719 3147 clarissimo
742 3085 880 3149 consule.

656 3270 840 3373 Epistola
867 3271 921 3354 15.

215 3417 420 3501 Symmachi
444 3438 554 3505 papae
576 3422 620 3488 ad
644 3423 849 3490 Caesarium
871 3423 1075 3505 episcopum
1097 3421 1358 3489 Arelatensem.
1436 3415 1529 3530 *ἐξὲξ
1531 3408 1560 3530 ,(1·

96 3575 115 3620 r,
177 3562 309 3613 Caesarii
325 3563 548 3612 remallatiom'tus
565 3566 713 3627 respondet.
744 3565 834 3612 Eidem
852 3577 994 3612 concessum
1013 3578 1068 3612 rrae
1085 3546 1154 3611 rreum
1170 3564 1245 3626 podii
1259 3570 1388 3619 memorat,

457 3647 626 3711 (rodidedum,
645 3664 694 3713 quo
712 3650 793 3712 ipsum
811 3652 983 3704 remunerat,
1000 3647 1112 3708 subjicit.

158 3787 185 3835 1.
210 3780 274 3844 Ut')
292 3794 334 3829 rev
351 3783 483 3831 Ecclesiae
500 3796 549 3832 non
567 3785 717 3832 alienentur.

142 3873 188 3922 11.
210 3868 249 3916 ut
266 3865 352 3914 nunu·
369 3868 488 3916 honoram
504 3870 626 3928 praemiis
644 3869 763 3930 accipiet.

125 3957 188 4008 111.
211 3952 249 4000 ut
267 3951 330 4000 laici
346 3965 393 4012 per
409 3955 506 4014 padus
523 3954 556 4000 ad
573 3955 743 4002 sacerdotium
761 3954 940 4014 provehantur.

216 4173 240 4237 ³)
262 4169 306 4222 lta
321 4168 406 4221 11³1!ss
443 4168 497 4221 Alii
515 4181 610 4236 carpat.
647 4174 672 4221 0⁵
684 4186 741 4236 seq.
757 4176 918 4237 pronmlpula
937 4176 975 4230 in;
994 4186 1057 4221 mss.
1077 4171 1107 4220 et
1124 4170 1159 4221 0¹¹
1177 4168 1325 4236 sequimur.

213 4258 238 4321 ⁴)
259 4252 310 4306 Ed.
329 4259 506 4320 deputandum.
542 4253 606 4306 Mox
624 4254 657 4305 L³
675 4260 824 4319 trampredae'
840 4257 869 4306 et
886 4253 985 4306 deinde
1003 4253 1034 4305 L'
1059 4257 1241 4306 tarentasiam.

214 4346 238 4408 Ξ’)
260 4337 330 4391 Item
349 4338 379 4390 L'
393 4338 433 4390 L⁴.
470 4337 525 4390 Alii
542 4343 637 4393 honore
711 4347 881 4406 episcopatur.

211 4429 237 4495 ο)
259 4423 305 4476 lta
321 4422 362 4475 L'.
396 4421 451 4474 Alii
468 4438 534 4476 voro
554 4428 608 4475 Nec
625 4429 688 4475 cnr'm
706 4426 849 4476 obseruatio
872 4434 898 4475 et
920 4431 1052 4477 oetuslotr's
1074 4430 1218 4476 reverenda
1241 4429 1382 4477 custoditur
1399 4431 1423 4477 ri

124 4519 265 4584 amputa.
303 4506 390 4560 Iidem
408 4523 472 4560 mox
490 4507 579 4562 omitt.
599 4514 662 4560 siut.

208 4600 235 4664 ⁷)
258 4593 290 4646 ln
309 4591 429 4661 vulgatis
447 4592 542 4660 (etiam
561 4596 608 4659 0¹¹)
628 4596 704 4646 dedet
721 4599 860 4646 devotiones
877 4597 986 4660 officium
1008 4601 1087 4662 magis
1102 4599 1202 4662 pratia,
1227 4607 1300 4661 quom
1319 4599 1351 4647 de
1368 4614 1421 4647 um-

122 4693 248 4746 ῠίιίοπε,
269 4698 304 4731 ue
322 4690 347 4731 et
363 4683 465 4731 Domini
482 4685 565 4731 nostri
581 4683 715 4745 efferarum:
735 4695 806 4746 quac
824 4678 906 4731 lectio
924 4678 1073 4732 resarcitur
1092 4695 1124 4731 ex
1142 4679 1183 4732 L'.

205 4772 231 4837 t)
254 4765 303 4818 lta
319 4762 352 4815 Id
366 4765 411 4815 0¹¹.
447 4761 501 4815 Alii
520 4762 609 4818 omitt.
633 4767 716 4816 VIII.

206 4858 232 4921 ¹)
254 4846 348 4903 'I'Ituli
370 4850 517 4914 sequentes
540 4865 558 4901 a
580 4847 727 4901 collectore
751 4847 874 4916 Hispano
902 4848 1018 4902 consecti
1048 4865 1065 4902 a
1088 4848 1235 4903 Sirmondo
1263 4850 1292 4901 et
1313 4848 1421 4903 Labato

117 4940 238 5022 paucis
260 4931 368 4990 mutati
386 4933 457 4986 sunt.
490 4931 653 4986 Sirmondus
671 4933 744 4985 enim
763 4932 867 5000 adjecit
885 4938 969 5002 eaput
986 4933 1108 5000 tertium,
1127 4933 1250 4987 Labatus
1269 4932 1363 5000 quarti
1381 4950 1421 4987 se-

1155 5019 1220 5083 46*
