3224 5506
444 338 616 389 semrom
641 331 669 387 1.
1130 322 1193 390 297

10 476 164 561 amaricare
186 495 342 577 dicantur,
371 495 425 579 qui
457 494 498 557 ab
520 494 589 578 ejus
618 494 839 558 communione
866 494 994 575 discreti
1023 496 1112 560 sunt:
1140 495 1195 580 qui
1212 496 1309 563 (ft-488

10 601 141 663 neonus
168 598 262 662 fidem
290 596 481 661 catholicam
508 595 649 680 quotidie
682 599 715 660 et
748 600 860 661 contra
887 597 1082 681 apostolicae
1111 598 1195 662 sedis
1207 569 1312 633 ‘4⁸9³

10 699 198 765 edicationem
230 703 263 763 et
296 701 408 762 contra
441 697 709 764 calchedonensis
737 699 851 783 synodi
880 699 1055 763 constituta
1085 700 1194 767 verrire

10 802 155 886 espiciunt.
200 801 289 878 Quod
315 802 501 865 intantum
528 824 639 866 verum
662 804 721 884 est,
744 804 782 865 ut
803 804 902 866 testes
923 792 1078 886 paternae
1105 824 1194 866 vesa-

10 904 116 993 eejus,
145 926 222 989 quos
250 903 303 968 hic
330 903 501 987 habemus,
534 904 617 968 filios
646 903 867 988 producamus,
911 904 1058 988 Denique
1085 907 1196 994 omnes

10 1007 96 1091 pptii,
113 1007 173 1090 'qui
194 1007 327 1072 diversis
349 998 384 1071 in
405 1005 468 1071 hac
490 1006 568 1070 urbe
590 1005 863 1091 negotiationibus
885 1006 1070 1070 detinentur
1085 1006 1195 1071 Petro-

23 1108 258 1191 communicant,
282 1108 437 1192 synodmu
453 1108 746 1190 Calchedonensem
768 1109 898 1191 ejusque
913 1107 1046 1172 definita
1061 1113 1194 1175 eatenus

10 1211 123 1275 irenen
145 1213 291 1293 possunt,
315 1214 351 1274 ut
372 1232 431 1274 nos
455 1233 510 1275 cur
532 1211 596 1274 ista
616 1214 762 1274 tenemus
785 1210 925 1301 audeant
946 1211 1103 1275 incusare.
1128 1213 1195 1296 Ap·

10 1313 141 1398 sigitur
162 1332 201 1375 ex
223 1311 398 1396 discipulis,
428 1335 510 1396 quae
537 1312 651 1375 doceat
673 1311 731 1375 hos
752 1313 917 1396 magister,
947 1315 980 1376 et
1007 1334 1045 1375 ex
1074 1313 1194 1398 genitis

10 1415 57 1478 itur
75 1414 234 1478 nefandus
256 1413 452 1499 agnoscitur.
498 1412 611 1477 Palam
634 1417 719 1478 certe
742 1415 846 1478 solent
867 1415 1087 1498 pronuntiare,
1111 1416 1193 1500 quod

10 1516 108 1581 odiant
135 1516 266 1581 Petrum
295 1515 588 1582 Calchedonensem
616 1515 771 1601 synodum
799 1518 1000 1602 praedicare,
1033 1518 1098 1602 ipsi·
1123 1540 1195 1582 eum

10 1618 197 1683 dematiaarc
219 1641 286 1683 non
307 1619 473 1702 differant,
500 1620 555 1683 ubi
577 1620 656 1684 satis
679 1623 824 1703 apparet,
849 1621 1025 1704 cujusmodi
1048 1642 1120 1684 eum
1141 1620 1196 1718 (1οῇ

10 1743 65 1784 ism
85 1720 228 1805 proferre
251 1723 421 1785 testantur.
466 1720 654 1796 Quaerimus
683 1725 769 1786 certe
794 1723 833 1786 de
860 1724 960 1806 vobis,
988 1726 1095 1787 utrum
1123 1723 1195 1795 Cal-

10 1823 158 1887 lonensem
184 1823 340 1906 synodum
367 1823 559 1908 sequendam
586 1825 706 1908 putetis
734 1846 776 1887 an
804 1847 885 1908 uon3
913 1825 939 1888 si
968 1848 1035 1889 non
1063 1847 1195 1910 sequen-

10 1923 189 2010 ,quomodo
211 1925 296 1989 hanc
318 1948 374 1989 vos
397 1925 513 1989 litteris
535 1925 649 1989 vestris
671 1927 781 1989 tenere
802 1926 1020 2009 profitemini?
1047 1927 1195 2011 Apparet

11 2048 100 2108 ,non
122 2027 226 2091 solum
247 2027 282 2091 in
304 2028 463 2092 catholica
485 2028 647 2092 neminem
670 2031 809 2091 vestrum
826 2028 1011 2092 defiuitione
1034 2033 1193 2113 constare,

10 2150 47 2195 ne,
64 2129 98 2193 in
120 2151 179 2193 sua
201 2129 328 2214 quidem
348 2130 548 2215 professione
570 2129 759 2208 consistere3
781 2129 914 2213 proinde
930 2131 1194 2215 quemadmodum

10 2231 212 2314 scredemus,
236 2232 330 2296 fidem
353 2232 544 2296 catholicam
571 2235 682 2295 tenere
700 2231 910 2315 jactantibus,
939 2233 1066 2317 quaudo
1096 2234 1195 2298 etiam

13 2355 85 2418 quae
112 2333 234 2417 scripto
260 2334 486 2419 publicamini,
515 2356 580 2398 non
608 2333 751 2397 tenetis?
793 2333 912 2408 Quodsi
939 2339 1046 2398 vestra
1073 2336 1194 2419 profes-

10 2457 21 2498 e
39 2435 213 2519 constricti,
238 2435 507 2507 Calchedonensis
530 2435 643 2520 synodi
666 2435 843 2502 constituta
856 2458 911 2500 vos
926 2437 1073 2501 omnibus
1093 2439 1195 2503 modis

10 2559 53 2602 are
78 2538 233 2622 firmetis,
268 2539 363 2603 simul
390 2539 488 2602 etiam
517 2537 712 2622 apostolicae
746 2539 829 2618 sedis
861 2539 1193 2628 praedieationem³¹),

10 2641 61 2704 rin
80 2640 137 2704 illa
159 2640 280 2724 synodo
302 2641 431 2724 relecta,
462 2642 613 2724 tractata,
641 2643 790 2724 suscepta
819 2643 877 2723 est,
909 2663 965 2705 vos
992 2647 1195 2728 suscepturos

24 2740 136 2807 dicitis:
164 2763 247 2827 quae
274 2742 383 2807 omnia
410 2742 544 2807 delinita
573 2765 611 2807 ex
638 2742 781 2807 omnium
802 2746 888 2807 retro
911 2744 1110 2829 pontificum,
1141 2746 1195 2830 qui

10 2847 55 2908 mt
80 2868 99 2908 a
129 2848 274 2930 tempore
301 2844 433 2909 Domini
461 2844 637 2911 Salvatoris
664 2848 734 2910 toto
762 2845 838 2910 orbe
871 2849 1045 2929 terrarum,
1080 2848 1196 2912 beatae

10 2946 93 3011 coriae
115 2968 202 3031 papa
216 2945 281 3011 Leo
303 2946 343 3010 ad
359 2951 514 3033 augustae
535 2948 707 3012 memoriae
729 2946 869 3012 Leonem
884 2948 1021 3012 subditis
1040 2948 1194 3032 epistolae

10 3067 14 3105 t
29 3048 214 3113 testimoniis
236 3049 436 3132 approbavit.

22 3148 61 3213 19.
103 3150 138 3216 Si
166 3149 268 3236 igitur
288 3151 454 3236 antiquam
481 3153 587 3237 fidem,
616 3157 649 3218 et
675 3175 756 3237 quae
785 3175 805 3216 a
831 3153 952 3216 sanctis
980 3152 1124 3236 patribus
1152 3153 1193 3217 ad

17 3255 55 3316 est
73 3243 273 3335 transmissa,
297 3256 482 3338 sectamini,
511 3256 539 3319 si
560 3256 600 3319 de
620 3255 845 3319 incarnatione
866 3254 997 3318 Domini
1019 3253 1194 3319 salvatoris

10 3355 201 3439 rnobiscum,
225 3378 307 3440 quae
328 3357 376 3420 illi
398 3378 536 3440 sensere,
560 3357 699 3440 sentitis,
728 3360 761 3419 et
791 3380 809 3419 a
832 3357 930 3420 totius
953 3356 1117 3421 Ecclesiae
1140 3356 1193 3421 do-

10 3476 34 3518 ra
52 3458 234 3524 nullatenus
256 3458 391 3522 deviatis
413 3459 502 3544 (quis
524 3481 627 3543 neque
642 3459 865 3543 prudentiores
885 3459 1060 3542 majoribus
1074 3461 1194 3524 nostris

10 3577 45 3640 us,
65 3580 168 3644 neque
190 3560 283 3624 uobis
304 3560 354 3624 fas
383 3564 431 3624 est
453 3561 547 3625 aliter
569 3561 695 3625 noviter
716 3583 882 3645 usurpare,
905 3583 1001 3645 quam
1021 3561 1069 3625 illi
1094 3562 1194 3627 eudi-

10 3679 34 3722 re
54 3665 86 3724 et
105 3660 242 3727 docuere
263 3662 415 3746 majores3
445 3653 607 3748 ipsiusque
628 3662 815 3749 Nicaeni³²)
844 3663 971 3727 concilii
1001 3685 1067 3727 non
1089 3665 1194 3750 magis
1235 3737 1242 3746 .

12 3759 220 3828 intellectores
243 3765 499 3850 expositoresque
523 3765 709 3829 eruditiores
732 3787 851 3848 sumus,
875 3788 970 3849 quam
988 3765 1037 3828 illi
1051 3768 1101 3829 tot
1121 3768 1194 3830 tan·

10 3885 16 3925 r
37 3866 196 3947 praesules
218 3867 393 3931 venerandi
415 3867 465 3931 vel
492 3868 680 3932 intellexere
702 3867 864 3952 sapienter
891 3868 943 3932 vel
969 3868 1193 3965 praedicavere

10 3966 90 4052 fter):
122 3967 209 4033 hanc
236 3991 345 4034 omnes
373 3970 499 4034 sincera
531 3972 638 4034 mente
666 3991 803 4053 veroque
836 3968 929 4032 corde
963 3968 998 4033 in
1028 3991 1193 4033 commune

10 4089 105 4151 imus,
128 4074 162 4134 et
188 4093 252 4154 pax
280 4075 338 4136 est.
383 4071 525 4164 Regulas
552 4093 690 4157 quoque,
726 4093 804 4155 quas
833 4071 874 4134 ab
902 4070 1021 4134 eisdem
1047 4069 1193 4153 patribus

13 4372 94 4441 >mc
108 4374 209 4429 Leonis
229 4375 279 4430 illa
300 4376 337 4431 ad
355 4375 517 4432 Flavianum
540 4377 659 4448 epistole
680 4377 861 4432 celeberrima
883 4375 937 4443 (ed.
956 4375 1056 4429 Baller.
1076 4392 1119 4446 ep.
1139 4379 1192 4443 28).

19 4457 121 4513 deinde
138 4461 309 4515 memoratur
327 4461 451 4529 ejusdem
469 4463 504 4517 ad
517 4463 639 4517 Leonem
652 4464 808 4530 Augustum
826 4460 944 4531 epistola
960 4460 1128 4514 testimoniis
1145 4479 1193 4532 pa
1279 4530 1283 4541 .

15 4541 166 4610 instructa,
181 4543 212 4604 iu
230 4543 327 4600 eadem
346 4545 467 4605 editione
486 4547 605 4617 epistola
624 4553 672 4602 166
690 4548 739 4602 est.

10 4649 24 4714 ¹)
41 4645 231 4715 Eutychianos
252 4648 390 4716 quaedem
412 4648 520 4703 concilii
537 4649 652 4704 Nicaeni
675 4647 769 4719 capita
791 4665 844 4720 pro
867 4667 918 4704 sua
939 4646 1079 4719 pravitate
1102 4648 1193 4705 detor·

10 4730 131 4799 indeque
148 4730 241 4786 fideles
256 4732 445 4803 blasphemiae
463 4734 598 4803 arguisse,
617 4736 702 4790 etiam
719 4751 752 4789 ex
769 4735 905 4804 panoplia
923 4732 1083 4802 dogmatica
1100 4753 1146 4803 qu.
1162 4741 1191 4789 11

10 4814 183 4882 adnuimus,
202 4832 285 4884 quam
303 4818 468 4873 clarissimus
485 4818 632 4874 cardinalis
648 4819 771 4889 Angelus
788 4819 877 4888 Majus
888 4818 957 4874 Nos.
970 4819 1046 4873 Patr.
1059 4818 1191 4874 Biblioth.

10 4911 65 4955 »ιι
86 4897 183 4956 edidit.
218 4899 295 4958 Cani.
314 4903 400 4959 etiam
417 4902 556 4976 Diogenes
574 4902 722 4974 Cyzicenus
740 4920 816 4959 conc.
836 4903 965 4960 Calched.
983 4905 1036 4958 act
1059 4909 1081 4956 1.
