3224 5506
455 381 653 431 nersronsu
676 372 716 429 43
739 385 783 430 nr
806 383 1030 431 rnaeueure.
1336 372 1379 436 59

139 545 300 619 conperimus,
336 546 482 618 episcopos
509 544 600 617 Syriae
631 545 765 618 synodum
797 543 935 608 babuisse,
968 544 1059 620 ibique
1087 556 1199 603 cunctos
1228 548 1378 606 haereticos

138 632 252 685 damnasse
267 636 293 684 et
309 631 450 703 recepisse
464 629 598 703 synodum
613 629 859 686 Calchedonensem
875 639 902 686 et
919 638 1021 686 leumm
1037 630 1135 688 Leonis
1150 650 1243 707 papae.
1277 633 1377 691 Saltem

136 716 175 772 ibe
185 733 323 771 sacrorum
335 716 543 772 monachornm
556 719 687 789 egregius
697 718 871 787 muscipulae,
890 718 936 790 qui
948 715 1080 787 ejusmodi
1091 717 1303 791 significationes
1317 719 1377 775 fidei

136 817 188 856 suae
199 799 226 854 ad
239 798 328 855 sedem
342 800 519 873 apostolicam
534 800 642 863 detulit,
658 803 766 857 nornine
781 801 854 856 illius
869 802 965 875 synodi
982 803 1088 858 loculus
1101 819 1161 858 esse
1173 813 1200 859 el
1211 804 1281 859 idem
1294 804 1378 860 luisse

135 885 232 948 riclettu,
252 901 299 958 por
320 902 402 958 quem
425 885 521 941 deiude
540 889 653 943 libellus
668 903 683 940 a
697 885 803 960 syuodo
819 889 922 943 rnissns
936 887 1043 942 elicitur.
1074 886 1214 943 Praeterea
1228 890 1378 946 Jolrannes

134 978 158 1026 cl
169 970 271 1044 Sergios
285 970 496 1044 diligentissimi
503 971 621 1042 fratres
635 970 668 1026 ab
682 972 776 1028 iisdem
793 972 926 1045 episcopis
942 973 1080 1028 venientes
1096 972 1187 1028 eadem
1211 973 1266 1030 iere
1287 982 1378 1030 orete-

134 1072 175 1110 nus
187 1053 298 1130 pontifici
313 1057 489 1112 nuntiarunt:
505 1056 608 1112 scilicet
623 1056 732 1112 illorum
746 1059 860 1129 lirnium
869 1059 1014 1129 judicium
1030 1065 1057 1113 el
1068 1061 1230 1128 patientiae
1242 1066 1375 1116 cortolon-

133 1144 188 1196 tion
207 1148 281 1214 atque
295 1141 510 1198 baereticorum
525 1144 729 1214 imprtdentiom
749 1149 776 1196 et
796 1145 958 1212 seruilium,
986 1158 1053 1215 quae
1070 1144 1157 1197 ercinia
1172 1143 1268 1199 eodem
1282 1146 1376 1201 libello

132 1229 330 1297 confirmarunt,
376 1225 449 1294 Quae
469 1243 552 1300 porro
574 1229 646 1283 inter
666 1228 716 1283 hos
733 1228 874 1301 episcopos
890 1227 1039 1282 iohannem
1056 1235 1083 1282 et
1099 1228 1223 1301 Sergium
1239 1246 1269 1283 ae
1285 1246 1377 1284 mona·

130 1311 225 1365 chemin
243 1310 316 1366 illum
341 1311 508 1385 manipulum
529 1318 556 1367 et
576 1313 660 1386 ipsam
682 1311 816 1386 synodum
840 1313 908 1369 ratio
924 1313 1122 1374 intercesserit,
1144 1313 1209 1368 nihil
1230 1321 1313 1386 patet.
1338 1345 1374 1354 -

131 1395 213 1451 mindo
226 1397 251 1450 in
265 1394 358 1452 eadem
373 1397 487 1470 epistola
503 1397 557 1454 nil
575 1405 674 1454 terroe
688 1405 781 1455 moltis
794 1400 1001 1467 indesinentes,
1023 1399 1144 1472 frugum
1159 1400 1306 1468 sterilitas,
1329 1415 1376 1455 ee-

131 1484 265 1536 clesiarum
278 1482 521 1553 perturbationes,
533 1485 708 1554 populorum
724 1485 902 1552 rebelliones,
912 1486 999 1554 precis
1013 1483 1145 1552 exilium,
1163 1486 1300 1539 tumultus
1315 1486 1375 1540 nbi·

130 1567 342 1638 perdominetur,
366 1571 516 1641 sanguinis
535 1571 648 1640 infinito
665 1570 770 1640 effusio
786 1576 816 1623 ut
831 1567 994 1624 calamitates
1010 1575 1166 1639 praesentes
1182 1577 1374 1624 memorantur.

131 1650 191 1718 (luae
205 1651 307 1725 quidem
323 1653 374 1708 etsi
390 1651 448 1708 lere
464 1654 537 1708 omni
551 1669 622 1710 anno
638 1653 711 1709 illius
727 1652 836 1709 inlausti
854 1654 983 1726 temperis
999 1654 1131 1726 assignari
1144 1661 1270 1727 possent,
1287 1661 1376 1710 tamen

128 1735 295 1792 sisenandum
311 1753 357 1801 ca,
375 1753 444 1811 quae
459 1754 541 1812 supra
556 1738 611 1794 n.2
627 1740 780 1813 attigimus,
803 1738 835 1794 ad
852 1739 984 1794 Anastasii
1004 1738 1162 1812 praeprimis
1178 1740 1319 1811 imperium
1334 1756 1376 1794 re·

128 1821 264 1883 tulerimus,
279 1838 344 1895 prae
359 1821 485 1878 omnibus
500 1822 557 1893 ejus
574 1839 660 1879 annos
677 1825 787 1880 tertium
803 1831 831 1880 el
847 1832 971 1897 quartum
987 1821 1171 1896 respiciendos
1187 1823 1310 1879 suadent.
1338 1823 1375 1879 lbi

127 1908 185 1962 enin
199 1908 270 1980 quasi
285 1906 392 1963 culmen
408 1907 540 1964 malorum
556 1911 690 1965 omnium:
712 1917 740 1964 et
761 1926 775 1964 a
790 1908 897 1982 Scythis
919 1917 947 1964 et
968 1907 999 1963 ab
1015 1907 1114 1963 lsauris
1130 1907 1199 1964 bella
1214 1907 1374 1970 saeviebant,

127 2000 150 2046 cl
162 1990 386 2066 Constantinopoli
402 1993 458 2047 dira
474 1993 568 2068 pepuli
582 1994 695 2056 seditio,
717 2002 745 2050 et
766 1995 823 2067 ipsa
844 1995 871 2049 in
888 1994 964 2067 Syria
983 1992 1076 2067 plures
1099 1992 1178 2048 urbes
1195 2000 1374 2050 terraemotu

126 2069 244 2149 dirutao¹l
258 2087 331 2133 sunt.
351 2108 388 2117 -
412 2077 530 2152 lienique
544 2087 573 2134 ul
588 2079 659 2134 ultra
675 2095 772 2134 annum
786 2078 856 2141 495,
873 2096 928 2151 quo
944 2078 1041 2134 Gelasii
1056 2078 1170 2152 epistola
1182 2078 1221 2134 27
1238 2077 1271 2133 ad
1287 2080 1374 2134 oricu-

127 2161 181 2217 mes
195 2161 264 2224 data,
286 2162 496 2227 descendamus,
519 2164 583 2220 haee
602 2163 725 2220 suadent.
761 2164 839 2219 b'ulla
861 2163 896 2219 ibi
919 2171 965 2219 aut
987 2162 1057 2219 illius
1073 2163 1214 2237 Syriorum
1230 2163 1374 2237 legationis

126 2255 164 2302 ant
179 2246 252 2317 hujus
266 2249 453 2321 responsionis
469 2247 622 2323 pontificiae
637 2252 738 2305 mentio
754 2250 831 2311 lacta,
848 2266 930 2322 quum
944 2257 1031 2305 tamen
1044 2248 1189 2304 orientales
1204 2247 1374 2319 objecissent,

126 2348 151 2386 se
159 2336 298 2406 ignorasse
312 2350 389 2406 quoe
404 2335 486 2405 opud
498 2337 685 2405 apostolicam
701 2337 795 2391 sedem
809 2343 891 2408 geste
910 2342 1002 2389 essent
1024 2332 1122 2405 (Gelas.
1140 2335 1218 2406 epist.
1237 2334 1276 2390 27
1293 2352 1319 2388 n.
1335 2332 1373 2404 1).

127 2415 200 2483 (turre
214 2418 281 2473 baud
296 2424 398 2474 temere
413 2418 622 2490 conjecerimus,
647 2427 674 2476 ct
695 2419 768 2475 illam
784 2420 948 2491 legationem
965 2426 992 2474 el
1008 2419 1074 2474 haue
1090 2420 1295 2492 responsionem
1311 2426 1374 2493 pest

128 2502 191 2556 bum
205 2503 339 2576 epistolam
357 2503 396 2560 27
413 2503 563 2578 ponendam
587 2521 656 2561 esse.
689 2504 762 2560 Unde
785 2521 867 2578 cyrrum
889 2503 980 2560 eadem
1002 2505 1044 2559 vir
1060 2511 1122 2559 aute
1137 2503 1261 2559 ultimum
1277 2504 1373 2559 Gelasii

128 2603 209 2642 annum
222 2590 319 2663 scripta
334 2591 384 2652 sit,
405 2606 455 2645 noc
476 2598 564 2646 tamen
585 2598 659 2646 certa
679 2590 734 2646 ulla
755 2591 884 2664 temperis
905 2589 1002 2645 iudicia
1022 2597 1182 2664 appareant,
1204 2607 1262 2646 earu
1277 2591 1373 2646 ultimo

129 2671 178 2728 lece
191 2691 286 2748 ponere
306 2673 394 2730 libuit.

380 2892 429 2965 In
456 2892 628 2967 Gelasii
655 2918 798 2989 papae
826 2894 1101 2990 fragmenta.

576 3063 726 3126 lenitum
747 3066 903 3143 generale.

201 3185 225 3240 l.
255 3184 274 3240 E
290 3185 449 3260 lragmeulis
465 3186 641 3261 sequentibus
657 3187 741 3244 Lucas
757 3187 913 3243 llolslenius
935 3189 962 3242 in
977 3187 1138 3243 collectione
1154 3187 1271 3242 Romana
1287 3186 1373 3259 bipar·
1384 3197 1439 3266 [aa
1450 3195 1514 3264 Ed]

131 3270 168 3323 lita
181 3269 264 3326 decem
279 3272 307 3326 iu
325 3272 411 3327 lucem
428 3273 531 3333 emisit,
553 3271 606 3328 due
628 3273 731 3329 scilicet
746 3290 778 3328 ex
795 3273 914 3328 dnselmi
929 3271 1058 3328 lucensis
1073 3272 1247 3333 collectione,
1270 3271 1373 3345 reliqua

130 3368 155 3406 cn
167 3371 192 3408 ea
205 3373 279 3428 quam
295 3356 436 3412 cardinalis
452 3356 596 3413 deusdedit
612 3360 782 3414 concinnavit
802 3358 945 3432 descripta.
983 3357 1045 3412 Tria
1066 3357 1115 3413 alia
1138 3374 1152 3410 a
1173 3356 1310 3429 Stephane
1326 3357 1374 3410 Bn-

130 3435 331 3496 luziolliseellan.
346 3441 442 3497 tom.V
458 3443 567 3516 vulgata
581 3452 654 3499 sunt.
678 3443 773 3500 Cetera
788 3442 996 3517 suppeditarunt
1012 3441 1089 3498 nobis
1106 3450 1162 3497 tum
1179 3442 1373 3515 praenominati

131 3522 240 3588 lnsclmi,
257 3534 313 3582 tum
328 3525 417 3582 lvonis
433 3527 607 3583 Carnutensis
624 3529 752 3603 episcopi,
771 3539 828 3584 tmn
840 3528 956 3583 Gratiani
969 3527 1184 3602 compilationes,
1200 3525 1248 3582 sed
1260 3528 1372 3582 suamme

132 3605 259 3683 iosaphatei
274 3613 430 3667 monasterii
441 3612 519 3683 justa
535 3612 680 3669 Carnulum
696 3614 780 3670 codex
796 3613 884 3669 lvonis
901 3630 966 3668 aevo
982 3621 1122 3674 exaratus,
1145 3614 1191 3687 qui
1207 3611 1305 3668 Gelasii
1320 3611 1373 3667 lra-

132 3703 218 3764 gncuta
231 3696 342 3770 amplius
358 3698 555 3771 quinquaginta
569 3699 703 3761 continet,
730 3699 816 3772 aliqua
837 3698 945 3772 quidem
967 3715 998 3753 ex
1021 3697 1099 3753 editis
1121 3697 1168 3752 sed
1189 3698 1319 3772 pleraque
1341 3714 1372 3752 ex

133 3776 217 3834 ineditis
235 3780 291 3852 ejus
312 3783 420 3856 scriptis
442 3792 575 3857 excerpta.
612 3783 641 3839 lu
656 3784 742 3839 simile
757 3791 852 3857 postea
867 3783 1009 3838 incidimus
1028 3783 1091 3838 olim
1108 3783 1284 3839 Pitbocanum
1301 3799 1373 3839 nunc

134 3866 221 3921 oratorii
228 3866 368 3923 l'rccensis
385 3867 520 3941 exemplar
534 3870 619 3942 priori
635 3869 704 3924 haud
720 3869 803 3942 louge
816 3870 962 3930 recentius,
978 3868 1010 3923 ad
1025 3868 1098 3942 quod
1112 3867 1267 3942 apographa
1280 3874 1373 3923 nostra

135 3961 303 4023 recognoscere
318 3951 481 4008 studuimus.

197 4035 222 4091 2.
252 4036 283 4093 lli
303 4038 358 4094 duo
380 4036 486 4094 codices
501 4037 606 4094 nullum
625 4038 715 4095 locum
730 4041 891 4112 permittunt
907 4038 1073 4112 suspicandi,
1096 4055 1130 4094 ue
1152 4037 1216 4112 quid
1235 4037 1307 4092 lerte
1323 4036 1374 4091 Ge·

136 4111 183 4173 laste
192 4119 209 4182 l,
222 4122 291 4196 quod
304 4123 337 4178 ad
344 4121 479 4178 Gelasium
490 4122 512 4177 ll
522 4125 663 4196 pertineat,
677 4123 864 4179 attribuamus.
887 4123 951 4179 Nam
967 4133 995 4180 ct
1005 4131 1150 4196 utrumque
1162 4130 1224 4178 aule
1235 4129 1372 4177 exaratum

136 4199 278 4270 arbitramur,
300 4224 380 4284 quam
396 4207 517 4263 Gelasius
533 4207 554 4262 ll
569 4207 755 4282 pontificatum
771 4209 884 4283 adeptus
900 4216 954 4272 est,
977 4217 1004 4265 et
1026 4225 1110 4282 quum
1131 4207 1293 4263 collectanea
1309 4223 1373 4262 eon·

136 4284 213 4345 lineam
231 4292 305 4350 ambe
327 4310 343 4348 e
363 4294 471 4366 seriptis
487 4292 667 4350 Romanorum
688 4293 846 4367 pontificum
871 4294 1062 4349 aClementel
1083 4293 1116 4348 ad
1138 4291 1270 4347 Urbanum
1286 4291 1307 4346 ll
1328 4308 1373 4347 en·

137 4381 212 4445 ttrpu,
225 4393 253 4432 ea
263 4395 318 4434 neu
331 4377 445 4433 couiuse
457 4379 587 4451 permixta
599 4378 645 4433 sed
659 4378 807 4434 secundum
821 4387 972 4452 temporum
986 4378 1107 4434 ordinem
1119 4376 1224 4450 digesta
1236 4375 1372 4440 erliibeul,

137 4453 185 4510 adeo
203 4468 228 4517 ut
244 4462 310 4520 haec
325 4462 424 4517 Gelasii
445 4462 595 4537 fragmenta
616 4464 702 4519 media
723 4466 795 4519 inter
811 4463 939 4538 Simplicii
956 4464 1142 4536 Anastasiique
1158 4461 1266 4517 decreta
1283 4461 1374 4535 dispo-

138 4548 218 4600 nantur.
245 4546 297 4603 Hac
315 4537 495 4622 dispositione
511 4549 611 4603 vitatur
626 4557 654 4604 el
668 4549 782 4605 alterum
798 4549 1011 4612 incommodum,
1035 4565 1089 4621 quo
1106 4547 1203 4603 Gelasii
1218 4546 1374 4621 Pelagiique

138 4628 220 4684 nonina
231 4642 341 4707 propter
356 4633 497 4706 quamdam
512 4650 642 4689 senorum
659 4632 813 4690 alfinilalem
830 4635 857 4689 in
873 4632 1007 4690 veteribus
1030 4650 1162 4690 canonum
1178 4632 1374 4707 compilationi-

139 4703 304 4774 lucentium
324 4728 408 4791 atque
429 4719 542 4775 alterum
564 4736 614 4792 pre
630 4719 716 4775 altero
733 4720 797 4793 poni
812 4718 911 4776 solent.
957 4718 1057 4792 Nempe
1079 4719 1221 4774 anselmus
1243 4718 1373 4799 epistolae

206 4865 410 4875 Q...-

191 4945 206 5009 ¹)
221 4944 289 5003 Cael.
307 4947 464 5003 Marcellini
481 4948 638 5018 chronicon,
655 4951 685 5005 et
697 4950 882 5020 Theophanes
900 4948 1104 5018 chronograph.
1122 4949 1371 5018 paltensium.
