3204 5506
240 365 301 431 708
693 383 720 428 s.
737 379 919 429 1111111111
941 380 1056 426 anans

142 545 218 615 (post
240 538 268 601 si
291 559 379 600 error
400 558 465 600 non
488 540 547 618 est,
571 535 631 599 tibi
654 557 763 599 veruna
779 534 887 598 deesse
904 554 1071 617 cognosce,
1095 535 1151 617 qni
1166 533 1372 618 persequeris,
1392 532 1476 618 quob)

121 616 227 681 ³·506'l
240 639 402 724 profiteris
425 660 542 702 errare.
587 638 648 701 sed
672 637 840 720 pravitatis
869 636 1013 720 complex
1042 657 1109 700 non
1132 639 1241 719 potest
1262 634 1326 699 nisi
1348 656 1415 698 eum
1431 655 1482 717 per·

240 742 340 825 sequi,
365 741 419 824 qui
442 744 492 804 est
513 740 683 824 pravitatis
705 739 914 824 immunislll).

739 925 922 1030 Epistola
948 926 1025 1008 11.ss

131 1090 228 1155 (asor
306 1078 509 1162 Sammachi
532 1097 642 1164 papae
673 1080 897 1164 (velantem
919 1079 1034 1162 ipsius
1056 1079 1200 1145 nomine
1223 1077 1384 1161 scripta)
1412 1077 1456 1144 ad

124 1160 228 1224 '‘⁵¹2l
712 1183 892 1265 episcopos
914 1179 1035 1248 Atros.

275 1323 307 1372 Ia
325 1323 492 1386 consessionis
509 1326 589 1373 exilio
607 1325 757 1373 constitutos
775 1325 921 1372 consolatur
942 1323 1027 1387 eisque
1044 1321 1189 1386 petentibus
1205 1323 1339 1387 reliquias
1357 1319 1489 1371 tenori»
1525 1322 1564 1385 pt

651 1408 760 1457 Numi-ii
777 1413 802 1456 et
819 1407 927 1457 Romani
944 1408 1098 1459 transmittit.

367 1540 656 1605 Dilectissimis
679 1539 879 1603 fratribus
902 1539 1229 1624 episeopisAfris
1246 1538 1524 1624 Symmachus.

326 1663 354 1724 1.
392 1661 530 1725 Lucmm
552 1660 689 1724 forsitan
711 1662 841 1743 putaret
867 1659 1033 1742 inimicus,
1065 1659 1093 1723 si
1120 1659 1208 1723 inter
1237 1660 1412 1744 pericula,
1448 1679 1527 1744 quae

240 1763 432 1829 Christianis
460 1763 603 1846 induxit,
635 1762 831 1826 credentium
855 1762 979 1826 animos
1006 1761 1203 1846 subegisset,
1241 1765 1275 1826 et
1308 1784 1374 1847 per
1403 1761 1529 1826 diversa

240 1865 369 1929 Domini
392 1887 491 1950 grege
513 1865 674 1949 disperso,
709 1887 774 1929 non
797 1868 978 1947 superesset
1000 1863 1050 1927 vel
1071 1864 1157 1927 inter
1178 1886 1326 1948 paucos,
1352 1877 1386 1928 'a
1415 1864 1529 1949 quibus

238 1968 341 2052 possit
362 1968 423 2032 fide
445 1970 670 2051 perseverante
694 1965 820 2030 calcari.
845 1966 976 2051 Regnat
1003 1965 1108 2029 adhuc
1122 1965 1177 2030 ille
1192 1966 1230 2030 in
1245 1988 1396 2032 numero
1412 1974 1528 2049 111111),

238 2070 293 2154 qui
322 2069 384 2133 sibi
411 2092 477 2133 non
504 2073 572 2132 tam
601 2070 635 2132 in
665 2068 872 2132 multitudine
905 2053 1001 2153 quam
1033 2067 1069 2132 in
1102 2068 1275 2134 devotione
1315 2069 1526 2155 complacuit.

138 2158 215 2280 „ilfi
240 2169 402 2255 Scriptum
435 2175 483 2236 est
514 2172 599 2235 enim
633 2170 742 2234 datam
771 2169 910 2234 Satanae
937 2173 1146 2254 potestatem,
1183 2174 1223 2235 ut
1254 2184 1386 2236 servos
1408 2171 1526 2238 Christi

139 2264 179 2292 '⁰'
220 2270 411 2338 'cribraretz
434 2278 470 2337 ut
492 2273 574 2358 quod
589 2273 628 2337 de
643 2274 751 2338 tritico
772 2273 909 2337 inveniri
923 2276 1042 2357 posset,
1065 2270 1187 2337 horreis
1199 2273 1422 2359 jungeretur,
1447 2271 1526 2358 quod

239 2376 278 2439 de
299 2377 409 2460 paleis,
441 2375 480 2439 ad
502 2376 627 2461 ignium
649 2375 803 2439 alimenta
825 2375 988 2438 transiret.
1033 2374 1162 2439 Adros
1184 2375 1384 2459 specialiter
1407 2376 1525 2439 dictum

138 2447 224 2581 12¹3}
239 2480 304 2540 est:
334 2484 432 2542 Nolite
459 2485 579 2555 timere,
602 2485 733 2557 pusillus
752 2499 848 2556 prex,
872 2484 1056 2557 conspirauit
1083 2481 1172 2541 Patra·
1198 2489 1304 2542 vestro
1333 2484 1421 2542 dare
1450 2483 1525 2542 robis

240 2601 375 2658 reanum.
419 2578 520 2643 Venit
541 2579 626 2642 inter
648 2601 706 2644 vos
728 2578 853 2664 gladius
876 2579 1083 2663 perfidorum,
1107 2579 1161 2664 qui
1184 2579 1336 2643 marcida
1355 2578 1523 2644 Ecclesiae

239 2681 381 2744 membra
404 2684 573 2763 resecaret,
597 2685 631 2744 et
652 2681 691 2744 ad
715 2680 883 2745 coelestem
906 2681 1041 2766 gloriam
1057 2703 1137 2745 sana
1151 2681 1363 2766 perduceret.
1404 2679 1522 2761 Qu0s¹l

239 2782 358 2846 habeat
380 2782 526 2848 Christus
548 2783 684 2867 milites,
715 2787 877 2847 certamen
906 2784 1062 2848 ostendit:
1090 2784 1145 2869 qui
1165 2782 1382 2867 triumphum
1404 2804 1522 2847 meres·

155 2884 159 2893 “
239 2887 302 2968 tur,
326 2907 383 2969 per
405 2884 489 2948 bella
512 2884 726 2969 cognoscitur.
760 2884 870 2949 Nolite
892 2888 1044 2970 metuere,
1067 2886 1151 2970 quod
1173 2885 1383 2969 pontificalis
1400 2909 1421 2950 a
1435 2885 1522 2951 vobis

194 2989 199 3003 ⁸
239 2987 340 3072 apicis
362 2987 481 3051 infulas
503 2987 715 3051 abstulenmt.
750 2986 925 3052 Vobiscum
946 2992 995 3051 est
1017 2989 1163 3053 sacerdos
1178 2986 1234 3051 ille
1250 2986 1305 3051 111
1319 2986 1449 3073 hostia,
1471 2986 1522 3073 qui

239 3112 305 3153 non
327 3094 394 3153 tam
416 3089 590 3154 honoribus
614 3089 778 3183 consuevit
800 3090 939 3174 gaudere
962 3112 1057 3175 quam
1079 3090 1253 3154 mentibus.
1289 3088 1427 3175 Majora
1448 3093 1522 3154 111111

240 3193 449 3256 confessionis
476 3193 634 3276 praemia,
669 3214 764 3275 quam
791 3192 977 3256 nominatae
1004 3215 1138 3257 munera
1165 3192 1364 3276 dignitatis:
1400 3193 1443 3257 ad
1469 3191 1523 3257 illa

237 3293 423 3378 plerumque
453 3296 551 3358 etiam
579 3295 711 3358 minoris
742 3295 848 3358 meriti
876 3317 1029 3379 personas
1059 3295 1150 3359 favor
1177 3293 1349 3358 humanus
1379 3294 1523 3375 adducit,

238 3397 300 3459 ista
323 3397 384 3459 nisi
408 3398 514 3481 gratia
537 3419 675 3480 superna
697 3419 762 3460 non
784 3397 908 3460 tribuit.
942 3397 1016 3481 lpse
1038 3397 1123 3461 enim
1144 3396 1180 3459 in
1195 3395 1290 3460 uobis
1306 3401 1346 3462 et
1361 3397 1525 3484 pugnavit

239 3502 271 3562 et
293 3499 380 3579 vicit,
403 3521 496 3582 quem
519 3499 596 3562 fides
618 3503 757 3564 meretur
780 3503 812 3561 et
835 3499 920 3563 inter
941 3498 1107 3563 hominum
1129 3501 1295 3562 tormenta
1319 3500 1458 3566 sociari.

323 3601 353 3663 ⁴2.
391 3599 528 3664 Proliris
549 3623 615 3664 non
639 3605 687 3664 est
709 3624 788 3684 opus
816 3601 1036 3665 adsertorem
1064 3602 1099 3664 in
1127 3598 1217 3664 vobis
1249 3601 1436 3668 coelestem
1459 3600 1525 3666 ani·

239 3723 325 3764 mare
349 3702 522 3785 colloquiis.
568 3703 676 3767 Habet
698 3704 898 3767 incrementa
926 3725 984 3766 sua
1012 3703 1138 3767 divinae
1160 3702 1295 3766 virtutis
1320 3704 1523 3771 incendium

237 3802 312 3867 Non
335 3807 383 3867 est
405 3827 484 3888 opus
507 3826 560 3868 eos
582 3806 617 3868 in
639 3808 771 3888 tropaeo
789 3805 859 3887 jam
887 3805 1007 3888 positos
1034 3804 1140 3868 attolli
1161 3802 1339 3887 laudibus,
1371 3808 1431 3893 qui
1458 3808 1525 3872 sinc

238 3907 395 3969 monitore
417 3906 578 3970 vicerunt:
602 3905 774 3990 gravant²)
799 3907 1029 3970 conscientiam
1048 3905 1236 3990 Christiani,
1262 3909 1432 3995 quidquid
1455 3910 1524 3974 affe

237 4011 314 4071 runt
336 4008 555 4073 blandimenta
578 4008 752 4091 praeconii.
796 4007 860 4071 Res
883 4008 1010 4092 quidem
1031 4007 1160 4071 virtutis
1183 4012 1236 4071 est
1258 4030 1368 4094 quam
1391 4012 1523 4079 fecistis,

237 4111 292 4175 sed
315 4111 430 4174 summi
452 4111 585 4194 praemii
608 4110 811 4174 restitutione
834 4111 1025 4194 superanda.
1070 4109 1160 4186 Quod
1181 4113 1301 4177 tamen
1327 4113 1469 4180 directis
1489 4112 1525 4177 ad

304 4353 335 4417 ⁸⁷)
353 4349 412 4402 Hoc
432 4350 485 4402 est:
512 4369 543 4402 eo
565 4354 634 4417 qaod
654 4355 785 4416 profiteris
803 4368 924 4402 errorem.
969 4347 1105 4402 Batonius
1121 4347 1183 4401 loco
1200 4349 1288 4403 verbi
1308 4359 1453 4423 profiteris
1467 4351 1525 4407 snb·

236 4433 326 4487 stituit
355 4439 519 4487 corrainceris.
567 4434 597 4485 In
627 4432 687 4486 aliis
716 4433 781 4486 edit.
807 4434 948 4487 retentum
970 4434 1013 4487 esi
1036 4453 1085 4502 quo
1106 4437 1256 4501 profiteris.
1288 4437 1348 4492 sed
1372 4439 1420 4494 liin
1440 4438 1526 4494 verbis

235 4518 417 4587 praeponitur
439 4518 559 4584 stellula,
592 4520 621 4570 ut
643 4517 701 4570 fieri
724 4517 795 4571 solet
818 4517 846 4570 in
867 4517 935 4571 locis
959 4516 1064 4571 vitiosis
1088 4516 1133 4570 vel
1156 4518 1284 4586 mancis,
1318 4539 1400 4593 quae
1422 4524 1526 4580 mertias

236 4621 321 4657 manu
340 4605 449 4672 egeant.

303 4691 335 4755 38)
353 4688 397 4742 lta
414 4688 500 4742 Grim.
518 4718 552 4726 --
570 4687 587 4740 b
602 4707 616 4741 1
629 4706 642 4741 c.
661 4689 865 4742 substituerunt
883 4693 1008 4754 animans,
1032 4704 1116 4755 quum
1140 4687 1184 4741 ed.
1206 4688 1276 4746 Bas.
1298 4693 1334 4748 et
1351 4694 1437 4750 Ram.
1455 4710 1525 4766 pror·

236 4791 280 4825 sus
299 4772 463 4826 omisissent.

305 4860 324 4923 ¹)
344 4856 423 4910 Sirm.
444 4864 513 4927 parad
529 4863 628 4912 babeat.

303 4943 325 5010 ²)
344 4941 423 4995 Sirm.
441 4955 541 5009 91111111.
