3204 5506
193 301 213 364 8
351 314 487 363 moulan
510 314 663 363 PRAEVIA
686 315 724 361 tu
747 314 915 364 smpbicfl
937 313 1128 364 urtsroues
1152 302 1294 361 11—21.

190 479 300 534 Petrum
315 476 445 533 Placidiae
467 478 602 539 comitem,
624 478 671 550 qui
692 477 860 550 superiorem
881 474 986 539 detulit,
1010 475 1148 550 perlatam,
1173 474 1295 550 adeoque
1316 483 1460 550 utramque

190 562 270 620 simul
293 564 400 618 missam
416 578 475 618 esse
492 562 633 618 indicatur.
664 560 729 618 lude
750 569 777 617 et
799 577 854 636 quo
876 568 998 635 tempore
1020 569 1133 635 utraque
1148 561 1300 635 conscripta
1316 562 1361 624 sit,
1383 560 1460 616 facile

190 650 321 705 innuitur.
358 647 387 703 lu
408 649 542 722 superiori
564 646 678 725 epistola
695 647 713 704 9
735 646 883 703 11110478
905 644 1092 703 (1131111111
1113 645 1173 702 data
1194 645 1348 720 Simplicius
1371 645 1460 702 'limo-

192 734 283 790 theum
305 731 514 789 Alexandrinum
540 731 572 788 ab
599 733 694 788 heaeio
720 733 884 788 commoneri
906 732 989 806 cupit,
1016 739 1047 788 ut
1068 730 1140 805 quod
1163 730 1284 787 Dioscuri
1306 747 1405 787 nomen
1428 730 1461 786 ad

191 819 282 875 altaria
298 819 404 874 recitari
424 820 584 891 permittens
600 817 760 890 deliquerat,
783 815 962 891 abstergeret.
1001 817 1071 873 Satis
1084 815 1212 890 Simplicii
1229 818 1296 872 votis
1313 816 1378 872 iecit
1395 816 1461 872 ,tea-
1487 880 1492 889 Ι

191 905 257 967 cius.
290 902 431 976 abeoquo
457 902 610 959 admonitus
632 903 789 958 Timotheus
810 904 959 958 sollemnia
985 906 1097 974 scripta
1122 918 1179 974 per
1205 903 1317 976 legatos
1336 899 1462 976 pontilici

192 989 297 1050 direxit,
320 986 417 1061 quibus
441 987 467 1043 id
489 987 562 1062 quod
583 987 634 1044 sibi
657 989 754 1043 timore
774 995 911 1043 extortum
933 987 1029 1049 iuerat,
1053 989 1233 1043 destruxisse
1248 1003 1279 1042 se
1302 985 1459 1045 affirmabat.

193 1078 387 1130 remissionem
401 1077 494 1144 ipsius
508 1078 619 1130 erroris
633 1080 785 1145 expetens.
808 1072 856 1126 vix
869 1080 958 1127 autem
972 1072 1107 1128 Timothei
1122 1072 1204 1146 legati
1220 1070 1331 1127 Romam
1346 1071 1461 1127 advene·

192 1168 266 1222 rant.
283 1176 365 1232 quum
381 1157 535 1232 Simplicius
550 1159 781 1233 opportunitatem
797 1165 892 1212 nactus
907 1156 980 1212 Petri
995 1158 1100 1214 comitis
1116 1159 1143 1213 iu
1158 1157 1260 1231 regiam
1276 1156 1369 1212 urbem
1385 1156 1461 1211 redc-

194 1247 276 1309 untis‚
298 1244 363 1299 duas
385 1244 515 1317 epistolas
537 1244 570 1299 de
592 1242 690 1317 quibus
712 1245 816 1318 agimus
837 1241 992 1298 scribendas
1014 1242 1099 1297 duxit.
1136 1242 1193 1296 lam
1215 1244 1238 1297 si
1260 1243 1302 1297 his
1323 1240 1460 1303 aaldomus.

193 1347 284 1386 011111
306 1329 481 1403 epistolarum
503 1331 529 1385 in
550 1327 780 1403 subsequentibus
802 1327 900 1383 litteris
918 1325 956 1382 12
972 1336 1000 1383 et
1017 1326 1055 1384 13
1077 1324 1120 1383 die
1138 1327 1176 1383 17
1193 1325 1318 1382 Octobris
1339 1325 1462 1398 ejusdem

194 1414 333 1471 11111478
349 1415 516 1488 consignatis
533 1415 696 1470 mentionem
712 1411 779 1475 lieri,
796 1409 1025 1476 111100011101111,
1041 1428 1086 1467 eas
1102 1413 1139 1467 ita
1154 1420 1217 1486 post
1235 1411 1273 1468 13
1289 1411 1376 1467 blartii
1390 1409 1462 1466 diem

194 1498 364 1556 collocandas
387 1515 461 1567 esse,
486 1508 515 1554 ut
538 1499 667 1573 Simplicii
688 1497 836 1573 epistola9
859 1498 955 1553 beneio
977 1496 1061 1559 reddi,
1086 1498 1198 1553 Aeacius
1214 1497 1384 1552 Timotheum
1401 1495 1463 1550 hle·

194 1583 352 1641 sandriuum
368 1601 548 1648 commouere,
572 1591 654 1659 atque
670 1583 749 1654 hujus
766 1583 866 1657 legatio
882 1580 993 1638 Romam
1008 1583 1150 1656 pervenire
1170 1591 1232 1638 ante
1248 1583 1395 1655 potuerint,
1413 1597 1464 1636 nec

194 1677 282 1726 tamen
299 1669 404 1725 litterae
420 1668 451 1725 ad
468 1669 538 1726 diem
555 1669 594 1725 17
611 1667 736 1724 Octobris
752 1667 873 1739 ejusdem
889 1669 951 1723 anni
967 1667 1133 1724 differantur.

491 1820 529 1881 In
550 1819 700 1898 Simplicii
723 1818 884 1898 epistolam
906 1819 943 1879 14
966 1813 1035 1899 (‚,Si
1048 1814 1160 1900 quis“).

132 1958 184 2026 [u³]
282 1943 319 1999 Ex
335 1943 367 1998 iis
384 1951 426 1999 est
441 1942 572 2016 epistolis
596 1942 693 2015 quihus
709 1940 858 1997 Hadrianus
874 1941 884 1996 l
904 1949 950 1997 aut
965 1940 1061 2015 aliquis
1077 1940 1134 2012 ejus
1150 1941 1324 1997 decessorum
1340 1940 1466 2013 Dionysii

196 2030 291 2102 Exigui
307 2028 497 2085 collectionem
519 2030 600 2090 aurit,
616 2028 733 2102 indeque
749 2035 887 2083 mutuatus
904 2037 946 2082 est
961 2044 1019 2082 eam
1035 2025 1154 2082 lsidorus
1170 2026 1310 2082 llercator.

462 2179 500 2248 In
521 2177 670 2257 simplicii
693 2177 855 2256 epistolam
876 2176 910 2237 to
933 2173 1012 2257 („De
1027 2173 1197 2256 ecclesa‘).

132 2316 184 2384 [u³]
283 2302 420 2375 Superiori
437 2300 568 2374 epistolae
584 2301 649 2356 haec
671 2300 860 2374 praeponenda
876 2299 1022 2363 videretur,
1038 2301 1061 2354 si
1076 2307 1149 2354 certa
1172 2309 1254 2361 03301,
1277 2317 1345 2373 quae
1362 2301 1387 2355 ei
1403 2298 1468 2354 suh·

192 2388 287 2461 jieitur
302 2394 366 2442 nota
382 2386 541 2442 consularis.
574 2387 608 2441 111
621 2385 777 2442 mendosam
793 2402 851 2441 eam
867 2401 936 2448 0330,
953 2383 1177 2457 exsequentibus
1194 2385 1315 2459 epistolis
1330 2384 1368 2440 17
1385 2385 1467 2440 0118

196 2471 308 2549 patebit.

444 2603 482 2663 111
503 2602 655 2682 Simplicii
677 2603 839 2681 epistolem
860 2601 895 2662 16
919 2598 1214 2686 („thmentissimi“).

60 2723 187 2792 111811]
284 2719 314 2776 ln
330 2719 631 2782 001100110001110111111
649 2726 732 2781 Vatia.
749 2725 830 2782 4961
848 2727 884 2781 111
900 2727 966 2782 hacc
981 2726 1096 2800 epistola
1110 2725 1279 2783 inscribitur:
1302 2726 1470 2798 Simplicius

196 2808 248 2879 eps
267 2810 369 2862 000010
390 2813 523 2868 ordinato
550 2812 587 2866 ab
614 2829 646 2868 eo
666 2811 849 2868 Kalendione
875 2812 1052 2869 Antiocheno
1073 2811 1134 2884 epia.
1177 2811 1251 2867 Unde
1273 2810 1470 2867 lialcrrdionern

196 2908 275 2947 caeso
291 2891 428 2965 Stephano
445 2896 598 2952 ordinatum
614 2913 674 2952 esse
694 2895 726 2951 ab
743 2897 837 2952 hcaeio
853 2896 940 2970 palam
961 2896 1104 2953 indicatur.
1134 2896 1182 2952 llic
1203 2905 1292 2952 auteur
1312 2896 1469 2970 Simplicius

197 2978 301 3040 101010,
331 2985 361 3032 11
383 2982 518 3055 superiori
540 2982 657 3055 epistola
678 2982 849 3055 imperatori,
873 2981 1029 3055 respondet,
1049 2991 1077 3038 01
1099 2999 1182 3056 quum
1205 2990 1318 3055 uterquc
1341 2982 1392 3055 ipsi
1416 2999 1471 3037 uun

197 3062 310 3134 hujusce
332 3064 509 3123 ordinationis
531 3084 639 3122 oausam
662 3066 861 3141 significaverit,
886 3067 961 3123 valde
983 3069 1040 3123 veri
1060 3067 1146 3123 simile
1162 3075 1213 3129 031,
1232 3075 1260 3122 01
1281 3067 1351 3122 haue
1366 3067 1471 3140 episto·

196 3148 248 3206 lam
264 3165 317 3205 uua
332 3166 393 3206 cum
408 3154 550 3228 superiore
567 3153 674 3209 missam
691 3151 784 3209 iuiss'e.

383 3267 387 3279 ’
480 3305 518 3366 m
539 3303 690 3382 eampum
711 3301 931 3382 opertorium
953 3299 1048 3383 qma
1060 3300 1173 3385 1111).

107 3439 184 3509 quq]
284 3422 474 3499 Fragmentum
491 3427 544 3482 hoc
558 3425 689 3498 epistolae
710 3443 725 3480 a
740 3425 769 3480 P.
783 3424 916 3482 Frobeuio
932 3423 1070 3486 Forstero,
1086 3424 1259 3481 benedictino
1280 3433 1307 3480 01
1323 3444 1345 3480 s.
1363 3424 1472 3482 Emine-

198 3510 255 3566 rani
271 3508 481 3578 Ratisboncnsis
493 3509 698 3566 bibliothecario
720 3526 760 3567 ex
779 3514 964 3567 uetustissima
981 3513 1080 3567 codiee
1095 3510 1280 3584 Frisinpcnsi
1300 3512 1356 3565 viro
1374 3510 1472 3566 claris-

197 3594 265 3651 simo
279 3593 416 3651 llorulnico
433 3596 534 3651 blansio
550 3595 752 3669 suppeditatum
768 3603 795 3651 et
811 3594 842 3650 ab
860 3595 912 3650 hoo
924 3597 952 3650 in
967 3595 1129 3652 collectione
1144 3595 1321 3651 conciliorum
1339 3603 1406 3650 torn.
1426 3597 1472 3652 Vll

197 3677 537 3752 00199411111110111113
560 3680 660 3735 iactum
687 3688 738 3735 est.
782 3679 948 3753 Simplicium
971 3680 1077 3754 quidem
1107 3680 1138 3736 ad
1159 3680 1274 3736 Zenonis
1295 3681 1471 3753 imperatoris

197 3765 231 3819 dc
246 3780 326 3819 causa
342 3763 520 3821 Alexarrdrina
536 3765 700 3839 legationem
721 3765 904 3839 respondisse,
926 3773 1096 3839 cornpertum
1118 3764 1246 3821 hahemus
1262 3782 1294 3820 01
1310 3766 1395 3839 ipsius
1412 3769 1474 3840 epi·

200 3848 271 3905 stola
285 3852 419 3921 sequenti,
447 3867 499 3924 qua
515 3851 641 3906 Acacium
657 3852 791 3914 hortatur,
814 3859 843 3904 ut
862 3855 1045 3923 participata
1061 3851 1252 3907 sollicitudine
1266 3853 1381 3906 litteras
1396 3868 1472 3909 suas

197 3936 277 4006 apud
295 3937 456 4006 principem
474 3937 680 4008 praesentibus
698 3944 930 4011 prosequeretur
950 3939 1093 4009 alloquiis.
1124 3935 1153 3990 ln
1175 3935 1267 3991 eadem
1287 3937 1472 4009 responsione

197 4018 320 4075 eumdem
336 4020 371 4075 de
391 4023 568 4078 restituendo
582 4022 671 4078 Petra
690 4037 815 4093 prorsus
833 4022 1002 4094 abnegasse,
1024 4037 1168 4076 successor
1183 4019 1304 4075 Gelasius
1330 4021 1357 4074 in
1380 4019 1472 4077 brevi·

197 4104 259 4160 culo
275 4105 338 4159 laist.
355 4103 469 4179 Eutych.
486 4124 510 4162 0.
526 4107 566 4164 10
582 4105 671 4162 tradit.
704 4105 777 4162 Felix
794 4114 883 4162 autem
899 4107 925 4161 in
942 4107 1021 4179 epist.
1037 4106 1052 4160 1
1071 4106 1126 4160 1.2
1143 4103 1176 4160 de
1192 4105 1284 4161 cadem
1300 4102 1382 4168 addit,
1399 4105 1472 4162 Sim·

197 4190 305 4262 plicium
326 4188 362 4245 ibi
385 4195 588 4264 imperatorem
608 4194 766 4248 metuendis
787 4193 978 4248 obstrinxisse
998 4194 1199 4254 sacramentis,
1223 4206 1260 4246 ne
1281 4192 1377 4245 sedem
1392 4192 1475 4248 beati

198 4276 296 4331 Marci
310 4281 506 4352 euangelistae
522 4298 540 4335 a
556 4281 690 4335 doctrina
706 4281 839 4351 magistri
851 4279 900 4332 sui
914 4279 957 4332 001
978 4280 1173 4333 communione
1184 4279 1366 4348 permitteret
1383 4292 1473 4349 sepn-

198 4363 270 4416 rari.
299 4358 425 4430 Ejusdem
440 4363 525 4437 igitur
541 4365 665 4437 responsi
682 4363 863 4436 fragmentum
880 4362 931 4417 hoc
946 4378 1007 4417 esse
1023 4361 1138 4426 videtur,
1155 4360 1226 4417 urrdc
1243 4377 1294 4415 una
1310 4377 1371 4415 cum
1387 4379 1471 4436 supe·

198 4445 263 4500 riori
279 4446 394 4519 epistola
411 4449 449 4505 18
466 4448 582 4523 ideoque
598 4449 640 4505 die
658 4447 815 4504 1511111.
832 4445 893 4503 482
916 4448 1099 4519 conscriptum
1122 4455 1149 4502 et
1170 4463 1218 4521 per
1232 4435 1360 4501 Uranitdh
1381 4454 1471 4504 trans·

198 4530 310 4586 missum
326 4533 380 4587 veri
398 4533 486 4590 simile
503 4543 554 4590 est.

449 4666 487 4726 In
508 4666 657 4746 Simplicii
680 4665 842 4743 epistolam
862 4663 903 4724 20
926 4661 1211 4744 (‚‚Coqitatiouum“).

116 4799 187 4868 [ΕΛ]
284 4785 394 4842 l'raeter
409 4804 473 4843 mss.
492 4788 660 4844 collectionis
674 4787 877 4854 Quesnelliunae
893 4790 1050 4844 continetur
1065 4790 1131 4844 haec
1146 4786 1259 4861 epistula
1276 4789 1303 4843 in
1316 4788 1470 4849 Veronensi

169 4950 171 4955 Ι
200 4873 250 4935 46,
267 4873 294 4927 11
311 4871 483 4930 vallicellano
499 4873 557 4936 Ab,
574 4875 601 4930 in
618 4874 749 4929 Vaticanis
765 4872 847 4930 5845
865 4882 893 4929 01
911 4872 1001 4935 1342,
1018 4881 1046 4929 01
1060 4872 1247 4929 inbarberino
1264 4872 1356 4932 2888.
1392 4875 1470 4935 Unde
