3204 5506
171 356 225 419 ’36
550 370 685 418 noman
707 369 859 417 euasura
882 369 919 417 m
941 368 1081 417 onnasn

184 531 256 605 quod
272 533 298 587 iu
314 529 419 587 duobus
435 547 498 586 mss.
516 530 739 587 Germanensibus
755 548 812 614 eam
828 529 1053 603 compilationem.
1071 546 1139 603 quac
1155 531 1205 603 ipsi
1222 528 1357 590 tribuitur,
1373 545 1450 583 com·

184 615 363 690 plectentibus
380 614 425 671 lib.
437 614 474 670 12
491 633 548 690 cap.
559 616 597 671 08
616 624 670 672 tota
686 615 848 672 describitur
863 613 993 676 diffusior,
1010 616 1127 688 exceptis
1145 613 1230 670 tribus
1246 614 1327 674 locis.
1344 616 1371 669 in
1389 615 1450 687 qui-
1511 649 1514 653 »

184 699 236 756 bus
252 701 380 775 quaedam
396 701 547 756 adsuuntur
562 709 588 756 et
604 711 730 780 aptantur
745 702 894 757 sententiae
911 718 942 756 ex
958 699 1073 755 breviori
1089 701 1229 774 repetitae.
1257 700 1359 755 Auctor
1373 699 1450 753 addi-

185 787 288 842 tionum
304 787 472 842 collectionis
488 786 663 859 dionysianae
679 795 707 842 et
722 786 868 841 lladiianac
885 787 911 841 in
927 787 1054 840 Vaticano
1070 784 1153 841 5845
1175 794 1202 840 et
1220 784 1300 841 1353
1321 801 1351 839 ac
1366 784 1450 839 Valli-

183 871 286 927 cellano
308 871 361 927 db
383 870 436 927 duo
460 871 608 945 fragmenta
628 872 702 927 illius
712 864 733 943 ¹)
753 871 909 944 proterens,
936 870 1085 926 breviorem
1115 870 1226 925 iormam
1254 876 1364 925 secutus
1395 878 1448 923 est.

182 956 259 1012 Nunc
279 973 342 1012 vero
363 973 396 1011 ex
418 955 518 1030 duplici
539 956 582 1013 illa
605 957 689 1012 lorma
710 973 778 1031 quae
799 957 891 1030 potior
902 955 1044 1025 judicanda
1061 972 1162 1029 quaeve
1178 955 1255 1010 alteri
1271 953 1450 1029 praeferenda

182 1043 232 1103 sit.
249 1041 448 1098 excutiendum.
1140 1042 1146 1053 “

268 1126 296 1182 2.
327 1126 502 1189 Diffusiorem
519 1142 551 1181 ea
567 1128 660 1201 quain
677 1126 794 1182 Romana
811 1125 930 1182 editione
944 1125 1054 1199 prodiit,
1077 1125 1221 1186 anteferre.
1243 1132 1270 1180 et
1285 1123 1450 1185 breviorem,

183 1228 251 1285 quae
267 1212 341 1285 prius
358 1210 503 1274 obtinebat,
520 1213 688 1285 supprimere
700 1210 922 1295 noandubitaruut
935 1209 1052 1266 editores
1067 1211 1261 1273 conciliorum;
1278 1210 1346 1266 banc
1357 1217 1451 1264 autem

183 1295 333 1352 breviorem
349 1313 364 1350 c
380 1295 479 1352 codicis
494 1298 536 1351 sui
553 1294 605 1352 sade
619 1314 748 1353 revocans
764 1296 922 1352 Paschasius
939 1294 1114 1362 Quesnellus,
1137 1312 1205 1370 quae
1228 1295 1381 1351 authentica
1403 1295 1451 1349 ba-

183 1380 268 1437 benda
283 1382 332 1444 sit.
355 1381 500 1437 decernere
522 1399 551 1436 se
572 1381 645 1437 nolle
668 1389 782 1436 testatus
798 1390 840 1436 est
855 1381 902 1436 scd
919 1381 971 1436 boc
986 1381 1044 1436 aliis
1060 1380 1264 1436 examinandum
1280 1379 1448 1453 relinquere.

143 1468 147 1484 ¹
183 1465 241 1521 Non
257 1466 331 1520 siluit
348 1474 435 1521 tamen
451 1483 577 1540 prorsus,
600 1466 663 1539 quid
680 1484 709 1522 ea
725 1466 758 1522 dc
774 1483 803 1521 re
818 1468 943 1522 sentiret.
973 1465 1134 1521 Nominatim
1151 1481 1214 1521 vero
1230 1472 1322 1526 notat,
1345 1482 1376 1520 ea
1399 1481 1453 1521 nu·

182 1552 248 1606 meri
264 1550 292 1612 4,
309 1550 405 1624 quibus
421 1549 568 1606 llomanum
584 1551 719 1624 exemplar
733 1568 784 1606 suo
800 1552 904 1607 auctius
920 1559 975 1613 est,
999 1551 1039 1605 vel
1062 1551 1115 1606 buc
1135 1549 1243 1606 aliunde
1263 1549 1382 1611 adscita,
1407 1550 1452 1605 vel

183 1635 273 1691 lorsau
297 1637 407 1691 omnino
428 1634 542 1692 conbcta
564 1653 639 1698 esse,
665 1644 760 1710 utpote
782 1635 879 1709 quibus
902 1637 1031 1691 orationis
1053 1634 1127 1691 litum
1149 1643 1176 1691 et
1191 1651 1300 1691 sensum
1323 1636 1452 1708 intercipi

183 1719 335 1776 arbitratur.
367 1719 481 1776 llursum
498 1729 524 1775 et
540 1721 597 1784 arlia,
614 1720 711 1794 quibus
727 1723 830 1776 numeri
848 1721 888 1777 10
902 1728 929 1775 et
948 1721 983 1776 11
1001 1722 1029 1775 in
1044 1720 1140 1776 eodem
1156 1719 1300 1793 exemplari
1316 1737 1381 1793 prae
1398 1737 1453 1774 suo

182 1803 326 1868 abundant,
354 1804 385 1859 ab
408 1806 492 1861 alicua
519 1823 597 1861 manu
624 1805 712 1861 addita
733 1823 762 1860 se
784 1807 958 1861 vehementer
981 1806 1110 1879 suspicari
1131 1804 1257 1860 admouet
1278 1804 1319 1860 bis
1340 1803 1453 1859 verlsis:

183 1891 265 1958 Quod
278 1894 351 1947 enim
366 1895 406 1946 ait
427 1907 449 1945 s.
464 1892 640 1947 Ambrosiam
657 1892 812 1947 Theodosio
828 1894 1049 1947 communionem
1062 1892 1259 1961 suspendisse,
1278 1893 1455 1945 recentioris

182 1978 242 2032 stiti
255 1992 318 2032 esse
332 1977 401 2031 milti
415 1978 533 2033 uidetur.
552 1977 633 2044 Qrtod
646 1996 664 2032 a
677 1977 771 2033 Leone
777 1994 861 2048 papa
878 1979 984 2031 asserit
999 1976 1183 2032 Theodosium
1196 1976 1342 2047 prcsino
1356 1978 1452 2030 latro-

183 2064 258 2116 cinio
279 2063 465 2117 caeedentem
486 2064 576 2117 libere
598 2077 660 2117 esse
682 2068 860 2132 correptum,
879 2061 1069 2132 salsissimum
1090 2067 1141 2116 est.
1179 2061 1261 2128 Qrtod
1281 2062 1403 2133 denique
1420 2077 1455 2114 se

181 2149 274 2218 ipsum
290 2150 331 2201 ait
348 2146 474 2203 Odoacri
487 2150 585 2219 iniqua
605 2150 800 2218 praecipienti
817 2165 873 2202 non
895 2149 1045 2217 paruisse,
1070 2163 1133 2202 cum
1156 2152 1313 2217 temporum
1336 2150 1455 2201 ratione

183 2233 336 2287 conciliari
349 2249 404 2287 non
419 2239 521 2302 potest.
554 2231 600 2286 His
617 2230 732 2300 adjicere
747 2233 882 2304 potuisset
897 2232 937 2286 vir
952 2231 1084 2293 cruditus,
1100 2247 1156 2286 nou
1171 2231 1259 2286 solum
1275 2230 1366 2303 plures
1383 2247 1452 2285 mss.

183 2315 294 2371 editioni
309 2332 373 2371 suae
388 2316 542 2389 sullragari.
565 2315 614 2371 sed
638 2326 664 2371 et
686 2316 755 2371 banc
776 2315 917 2388 epistolam
935 2333 949 2370 a
966 2316 1092 2371 Gratiano
1113 2314 1236 2389 pluribus
1258 2317 1284 2371 in
1305 2314 1389 2376 locis.
1418 2314 1455 2370 ab

184 2399 325 2455 llincmaro
359 2417 453 2474 opusc.
476 2400 516 2457 55
550 2402 667 2474 capitum
697 2418 753 2474 cap.
770 2399 825 2462 24,
856 2417 870 2454 a
900 2400 1011 2457 Nicolao
1036 2400 1046 2454 l
1075 2417 1158 2474 papa,
1189 2402 1277 2456 Aenea
1307 2399 1454 2456 Parisiensi

184 2484 393 2559 etlladriauol
422 2487 450 2540 iu
473 2485 615 2559 privilegio
645 2503 667 2539 s.
696 2485 829 2558 llionysii,
860 2484 937 2556 cujus
967 2486 1108 2541 exordium
1138 2494 1180 2541 est
1211 2486 1326 2553 Quanta
1356 2487 1453 2554 beate,

186 2569 297 2624 laudari.

252 2654 254 2661 ⁴
268 2655 296 2711 3.
335 2654 432 2710 Verum
451 2655 541 2710 bacin
557 2653 752 2728 disceptatione
774 2655 881 2728 plurimi
901 2655 1022 2712 iacienda
1037 2657 1100 2711 mibi
1119 2655 1225 2710 videtur
1240 2656 1386 2710 auctoritas
1403 2654 1456 2710 Fa·

183 2739 264 2794 cundi
281 2739 490 2802 llermianensis,
514 2741 559 2812 qui
578 2756 660 2813 quum
677 2757 749 2814 opus
765 2756 842 2795 suum
859 2749 921 2796 autc
942 2757 1041 2796 anuum
1057 2740 1156 2796 Christi
1171 2739 1247 2802 547,
1271 2739 1394 2813 adeoque
1410 2740 1454 2796 52

184 2826 268 2885 anuis,
290 2832 433 2897 postquam
450 2825 516 2880 baec
531 2823 627 2880 Gelasii
644 2825 758 2898 epistola
774 2827 874 2898 scripta
890 2833 939 2886 est,
957 2825 1076 2880 noudum
1092 2827 1201 2899 penitus
1215 2827 1324 2888 exactis,
1338 2841 1456 2899 aggres-

183 2926 230 2967 sus
252 2911 300 2972 sit,
325 2909 479 2965 authentica
500 2908 558 2979 ejus
580 2910 701 2983 eacnipla
721 2918 748 2964 et
771 2910 868 2965 vidisse
890 2918 917 2966 et
938 2912 1035 2967 citasse
1051 2912 1159 2967 nonnisi
1175 2920 1277 2965 temere
1292 2919 1452 2984 negaretur.

184 2995 218 3048 dt
240 3011 303 3048 vero
319 2993 392 3050 lib.5
408 2994 493 3068 capt
510 2993 598 3050 locum
614 3011 646 3049 ca
662 2997 772 3050 casatis
788 2995 905 3069 amplum
921 2994 1026 3058 laudat,
1049 2995 1126 3067 cujus
1143 2996 1254 3050 murima
1273 3012 1334 3068 pars
1350 2996 1378 3050 iu
1395 2995 1455 3050 edi·

185 3081 258 3134 tione
274 3078 411 3146 Quesnclll
426 3079 608 3142 desideratur,
630 3081 730 3153 quique
752 3089 846 3135 contra
868 3082 894 3135 iu
911 3079 1027 3136 Romana
1048 3090 1075 3136 et
1096 3079 1154 3135 aliis
1176 3083 1284 3154 integer
1305 3088 1345 3135 est
1362 3097 1454 3136 asscr-

183 3174 269 3220 vatus.
296 3163 366 3220 Nibil
382 3173 423 3220 est
438 3165 531 3238 igitur,
547 3182 596 3221 cur
611 3167 780 3221 accessiones
796 3164 950 3235 bujusmodi
966 3173 1012 3220 aut
1027 3174 1151 3222 recentes
1167 3173 1213 3220 aut
1229 3166 1309 3220 etiam
1325 3164 1453 3221 aGelasii

184 3266 264 3305 mauu
280 3248 379 3305 alienas
398 3248 560 3320 judicemus.
1091 3300 1095 3306 .

269 3333 298 3389 4.
328 3333 421 3408 Neque
441 3351 505 3389 vero
526 3351 556 3390 ea
577 3333 668 3405 objicit
690 3336 730 3389 vir
751 3334 861 3397 doctus,
885 3352 952 3409 quac
969 3334 1039 3390 aliud
1059 3335 1248 3409 persuadeant.
1278 3333 1355 3402 Quod
1380 3337 1453 3391 enim

185 3420 356 3492 pronuntiat,
378 3420 410 3473 iis
427 3418 638 3481 accessionibus,
660 3436 728 3492 quae
745 3419 846 3475 nunant
862 3420 1006 3494 leguntur,
1032 3423 1111 3492 filiam
1134 3437 1185 3476 seu
1201 3427 1367 3477 contextum
1383 3438 1453 3477 ora-

185 3507 269 3559 tionis
283 3519 454 3577 sensumque
468 3507 616 3575 intercipi,
633 3520 693 3559 cum
709 3503 778 3560 bona
794 3505 877 3579 ipsius
893 3506 978 3567 venia,
993 3522 1047 3579 ¹qua
1063 3514 1091 3560 et
1112 3505 1184 3561 addit
1205 3507 1303 3580 „quod
1317 3508 1382 3561 aliis
1398 3521 1453 3562 ea·-

185 3590 368 3644 aminandum
384 3590 423 3643 ad
436 3591 553 3644 meliora
564 3605 735 3660 properans
749 3588 910 3662 relinquo“‚
927 3582 1141 3654 examinavimus,
1155 3599 1182 3646 et
1195 3591 1279 3665 ipsius
1292 3592 1454 3663 pronuntia·

185 3681 242 3729 tum
258 3673 373 3728 bominis
385 3674 495 3728 nimium
511 3673 663 3729 festinantis
680 3691 740 3730 esse
755 3674 936 3747 probavimus.
974 3674 1158 3749 Nequidquam
1173 3677 1260 3736 etiam.
1276 3675 1371 3730 saltem
1388 3685 1454 3750 post

184 3757 354 3813 emendatum
376 3757 480 3820 locum,
502 3760 692 3840 autumaverit,
716 3764 888 3817 recentioris
910 3762 970 3816 stili
985 3760 1094 3832 fnisse,
1117 3762 1194 3833 quod
1207 3777 1279 3816 num.
1292 3761 1327 3815 11
1352 3760 1454 3816 dicitur

184 3843 350 3898 Ambrosius
368 3843 523 3899 Tbeodosio
539 3849 759 3901 communionem
775 3848 968 3917 suspendisse.
991 3843 1074 3900 Verba
1091 3846 1144 3901 loci
1159 3845 1239 3916 hujus
1256 3863 1287 3900 ex
1304 3862 1368 3901 mss.
1387 3845 1454 3902 Ger·

185 3929 351 3983 manensium
368 3925 419 3982 tide
435 3945 465 3983 ca
480 3937 558 3983 sunt:
575 3930 742 3986 Ambrosius
753 3931 977 3987 Mediolanensis
989 3933 1128 3987 sacerdos
1143 3934 1286 3988 ecclesiae
1308 3934 1454 4004 majorem

191 4013 376 4070 Theodosium
405 4016 609 4083 imperatorem
630 4035 648 4070 a
671 4020 865 4072 communione
887 4018 1001 4087 publice
1024 4020 1180 4088 palamque
1206 4017 1370 4086 suspendit;
1399 4034 1453 4090 qua

187 4096 316 4170 loquendi
332 4099 436 4153 ratione
451 4098 517 4154 nibil
533 4107 575 4154 est
593 4098 691 4155 Gelasii
707 4109 794 4156 aetate
812 4101 946 4156 usitatius.
984 4100 1103 4174 Namque
1119 4103 1145 4156 iu
1162 4099 1298 4156 breviculo
1323 4101 1453 4157 historiae

186 4180 376 4256 Eutychianos,
393 4182 466 4256 quod
481 4183 617 4255 aNGclasio
634 4185 753 4240 noudum
768 4183 897 4258 pontifice
912 4202 982 4241 auno
998 4185 1059 4242 486
1076 4186 1234 4241 adornatum
1250 4185 1370 4241 creditur
1390 4186 1454 4258 (Ge-

188 4267 236 4322 las.
254 4275 332 4323 tract.
346 4265 376 4339 l),
399 4266 513 4342 legimus
530 4286 603 4324 num.
615 4271 667 4325 10:
684 4271 726 4326 Aa
746 4273 823 4326 illius
844 4274 1062 4342 corrfinnaaonc
1073 4289 1155 4342 papa
1171 4286 1330 4343 suspensus
1345 4279 1404 4328 est:
1425 4282 1453 4327 ct

187 4367 260 4407 rrum.
278 4352 329 4408 13:
360 4353 444 4425 Papa
460 4355 558 4410 babitu
576 4357 682 4426 spnodo
708 4355 825 4410 Vitalem
840 4362 867 4410 et
883 4356 1023 4412 Misenum
1039 4357 1076 4411 ab
1091 4357 1190 4428 officio
1213 4364 1241 4411 et
1256 4361 1454 4413 communione

186 4439 345 4508 suspendit.
374 4437 434 4511 lpse
451 4436 523 4494 l‘elir
540 4440 628 4513 epll
647 4439 701 4496 n.3
717 4439 822 4495 scribit:
848 4441 966 4496 Vitolcm
981 4450 1068 4513 atqaae
1085 4440 1223 4497 Misenum
1240 4459 1257 4495 a
1273 4444 1455 4498 sacerdotati

186 4524 304 4595 callepio
320 4529 347 4577 et
362 4528 556 4580 communione
571 4526 779 4596 suspendimus.
803 4524 908 4580 lecturi
925 4542 1018 4581 sumus
1034 4534 1061 4581 et
1076 4527 1102 4581 in
1116 4526 1204 4600 vigilii
1221 4542 1303 4599 papae
1320 4528 1400 4600 epist.
1413 4528 1452 4583 19

186 4606 256 4662 n.3:
282 4607 320 4662 Te
341 4623 453 4680 quoque
468 4608 630 4665 Menam...
652 4618 679 4665 et
695 4626 744 4666 nos
759 4614 915 4667 orientales
990 4613 1097 4667 tamdiu
1115 4631 1133 4666 a
1148 4628 1238 4667 saera
1255 4617 1453 4669 communione

188 4850 194 4860 ι
257 4786 276 4854 ¹)
295 4782 407 4840 Scilicet
423 4786 472 4840 illa
488 4795 545 4842 ub
568 4792 622 4842 Nee
638 4795 715 4857 piane
738 4801 846 4846 tacemus
864 4796 926 4857 etc„
948 4792 977 4844 et
1000 4795 1054 4846 Sed
1075 4810 1120 4846 nec
1142 4798 1185 4845 iila
1202 4796 1372 4861 proeterbrms
1390 4793 1454 4861 etc,

186 4851 270 4920 adque
289 4853 341 4907 huc
352 4853 542 4923 illacriptione:
563 4861 658 4924 Incipit
668 4866 793 4913 sententia
802 4880 887 4928 papae
899 4865 1001 4921 Getasa,
1019 4866 1172 4930 quodsedea
1193 4864 1334 4930 apostoliea
1346 4868 1454 4916 omniann

100 4924 107 4933 '
187 4926 266 4990 lipotu
284 4928 422 4978 dissolvere
438 4930 528 4991 possit,
541 4930 577 4978 ad
593 4931 728 4995 episcopua
743 4947 794 4996 per
811 4933 977 4988 dardaniam.
