3204 5506
561 350 756 400 EPISTOLAE
781 341 852 398 121.
878 340 949 398 122.
1329 337 1392 402 925

120 505 297 590 apostolica
318 504 408 569 sedes
431 504 647 569 condemnans
674 504 709 569 in
731 505 830 569 saeris
853 503 1012 590 diptychis
1034 526 1101 568 non
1122 504 1257 569 recitare
1280 506 1389 591 jussit,
1404 521 1497 570 aero,

120 630 175 672 eos
198 630 258 673 neo
281 629 341 692 ego
364 608 449 672 inter
477 628 568 670 saera
595 607 678 672 facie
700 608 860 672 nominari
886 607 1048 693 mysteria.
1093 605 1163 671 Hee
1191 612 1298 672 autem
1326 611 1391 695 etl)

120 709 172 773 his
194 713 307 773 notum
330 713 393 792 est,
423 709 517 794 quia
544 709 635 773 vebis
663 713 739 774 sunt
762 710 876 776 directi
904 711 961 774 viri
990 711 1259 793 reverendissimi,
1289 710 1321 774 id
1344 715 1393 775 est
1498 699 1502 711 ’

120 810 282 876 Germano
304 812 506 876 sanctissimo
529 811 742 897 episcope¹⁰),
771 811 870 878 Felici
897 817 930 878 et
952 812 1105 877 Dioscoro
1127 812 1328 897 diaconibus,
1361 817 1393 877 et

119 913 248 981 Blando
269 914 466 999 presbytera,
490 914 545 999 qui
568 914 742 979 efficaciter
765 915 949 1001 exsecuti¹¹)
974 919 1050 980 sunt
1072 937 1118 998 ea,
1145 937 1226 999 quae
1248 916 1294 979 cis
1317 917 1394 980 sunt

120 1039 140 1081 a
162 1017 252 1082 vobis
274 1017 431 1100 injuncta.
471 1016 550 1080 Oret
563 1016 664 1100 igitur
685 1020 792 1081 vestra
814 1017 970 1082 sanctitas
986 1020 1054 1082 tam
1074 1039 1133 1103 pro
1154 1039 1205 1081 me
1224 1039 1320 1101 quam
1335 1039 1393 1101 pre
1485 1016 1487 1019 ’

120 1119 275 1203 subjectis
303 1118 382 1182 meis
410 1117 645 1202 sacerdotibus,
676 1122 713 1182 ut
739 1124 893 1205 perpetue
921 1121 1154 1203 custodiamur,
1183 1122 1305 1184 rectam
1332 1118 1392 1183 Dei

119 1224 269 1286 tenentes
293 1221 541 1304 confessionem,
570 1220 717 1285 similiter
739 1225 772 1286 ct
792 1243 851 1307 pro
879 1222 1080 1288 serenissimo
1108 1223 1255 1308 principe
1282 1224 1393 1286 nostro

120 1326 154 1387 et
175 1345 234 1407 pro
257 1322 531 1389 christianissima
546 1322 706 1407 Augusta,
730 1324 805 1408 quia
828 1346 936 1388 eorum
959 1324 1043 1389 salus
1067 1324 1243 1389 communis
1266 1327 1393 1387 sancta-

119 1447 192 1488 rum
214 1425 330 1510 ubique
353 1429 402 1490 est
423 1424 626 1489 eeclesiarum
650 1424 853 1509 profuturum
880 1427 1126 1491 firmamentum.
1171 1425 1271 1490 istam
1293 1426 1393 1510 igitur

119 1526 214 1590 nobis
225 1529 263 1613 ¹²)
286 1526 479 1591 habentibus
495 1526 719 1609 intentionem,
744 1527 940 1593 nullomodo
957 1529 1028 1613 jam
1046 1528 1157 1593 licebit
1172 1532 1318 1593 sanctam
1333 1526 1393 1590 Dei

119 1628 289 1694 dilacerari
318 1629 512 1712 Ecclesiam,
542 1649 599 1712 per
624 1628 763 1714 gratiam
792 1631 895 1694 sancti
922 1629 1060 1714 Spiritus
1089 1634 1121 1695 et
1147 1629 1393 1695 intercessiones

120 1735 254 1795 sanetae
277 1753 314 1796 ac
336 1731 493 1817 gloriosae
516 1730 576 1795 Dei
599 1731 766 1816 genitricis
788 1732 925 1817 uirginis
947 1731 1079 1797 Mariae.
1126 1733 1262 1797 Omnem
1284 1753 1393 1817 quam-
1459 1742 1460 1746 ’

120 1855 247 1918 cunque
270 1837 410 1897 vestram
431 1834 671 1897 fraternitatem
693 1855 752 1919 ego
775 1856 898 1919 quoquc
926 1837 959 1898 et
984 1835 1047 1898 mei
1074 1834 1248 1919 plurimum
1276 1833 1394 1897 saluta·

118 1956 199 1999 mus.
238 1941 279 1999 Er
300 1942 364 2000 ulio
386 1957 496 2000 mena:
518 1934 691 1999 Incolumis
713 1935 748 1999 in
763 1935 901 2000 Domino
923 1957 979 1999 ora
993 1958 1051 2020 pro
1067 1936 1169 2019 nobis,
1193 1935 1254 2000 Dei
1270 1937 1394 1998 amator

119 2036 325 2102 sanctissime
346 2037 462 2100 frater!
498 2036 643 2121 Accepta
664 2036 726 2102 XV
742 2037 899 2102 Calendas
916 2036 1075 2122 Octobris,
1098 2037 1233 2102 Rustico
1248 2038 1315 2102 viro
1332 2037 1393 2101 cla-

117 2139 247 2203 rissimo
270 2139 408 2203 consule.

619 2275 801 2379 Epistola
827 2276 903 2360 122.

410 2428 622 2495 Hormisdou
645 2446 755 2512 papae
778 2428 821 2494 ad
843 2429 982 2512 legatos
1003 2445 1096 2494 suos.
1405 2427 1528 2551 aigapup

212 2569 252 2618 Dc
271 2569 467 2626 carunculae,
485 2569 561 2618 rebus
577 2571 657 2634 pestis
675 2585 706 2619 oe
723 2585 794 2620 moro
811 2586 881 2620 suom
899 2571 937 2619 eis
954 2570 1146 2620 sollicitudinem
1163 2571 1298 2634 ripuifiret.

275 2683 485 2747 Hormisda
506 2684 689 2771 legatis)
713 2685 803 2749 suis.

207 2803 258 2866 Ita
285 2825 343 2867 nos
371 2803 601 2868 incolumitatis
630 2807 663 2868 et
689 2808 818 2868 actuum
844 2808 1021 2869 vestrorum
1054 2827 1129 2869 eura
1156 2805 1323 2888 sollicitat,
1358 2808 1393 2868 ut

119 2905 267 2989 quamvis
288 2905 510 2990 frequentibus
533 2907 751 2970 occasionibus
773 2929 839 2971 non
861 2907 1152 2990 praetermittamus
1172 2908 1303 2990 hortari,
1328 2929 1392 2972 cer-

118 3008 219 3070 tiores
242 3008 336 3091 uos'2)
359 3008 397 3071 de
423 3007 489 3089 his,
513 3029 593 3092 quae
618 3008 702 3072 eirca
724 3030 779 3072 vos
802 3012 958 3092 agimtur,
982 3010 1052 3073 fieri
1073 3009 1190 3073 litteris
1213 3008 1391 3073 destinatis.

119 3107 208 3172 Nam
230 3112 262 3172 et
285 3131 382 3192 quum
403 3132 461 3194 per
482 3108 645 3173 hominem
667 3110 800 3174 illustris
822 3110 882 3173 viri
904 3114 998 3195 atque
1013 3111 1177 3195 magnifici
1193 3111 1319 3193 patricii
1335 3111 1393 3174 filii

119 3211 225 3274 nostri
239 3211 373 3295 Agapiti
396 3211 560 3275 desideriis
575 3212 694 3275 nostris
710 3234 868 3296 congruos
883 3213 1061 3276 miserimus
1077 3213 1189 3276 affatus
1198 3212 1234 3298 ³),
1260 3215 1293 3274 et
1306 3234 1393 3276 nunc

119 3334 247 3397 queque
269 3313 440 3377 anxietatis
462 3317 590 3377 nostrae
618 3312 808 3377 credidimus
830 3313 993 3396 solatium,
1023 3315 1050 3377 si
1073 3314 1112 3377 ad
1135 3337 1189 3378 vos
1212 3315 1394 3397 praesentia

120 3414 245 3497 scripta
265 3415 480 3479 mitteremus:
502 3418 629 3479 tantum
652 3420 710 3499 est,
734 3418 771 3478 ut
793 3417 831 3479 de
854 3417 976 3481 actibus
998 3420 1093 3500 atrlue
1115 3415 1268 3500 sospitate
1288 3420 1394 3480 vestra

119 3538 184 3580 nec
206 3538 272 3580 non
295 3520 328 3580 et
349 3517 388 3581 de
409 3538 508 3600 mora,
532 3539 589 3600 per
605 3540 698 3602 quam
713 3539 768 3582 vos
790 3517 926 3582 detineri
946 3517 1117 3604 plurimum
1139 3519 1291 3602 dolemus,
1315 3519 1392 3582 rele-

121 3618 205 3683 vetis
228 3640 286 3683 nos
309 3618 454 3702 alloquiis
477 3618 535 3682 sub
558 3620 722 3684 occasione
745 3621 859 3685 idonea
873 3621 1048 3706 portitoris.
1086 3619 1171 3685 Data
1184 3621 1231 3686 VI
1246 3622 1322 3686 Idus
1337 3621 1393 3686 Ju-

120 3721 193 3803 lias,
216 3719 351 3785 Rustico
373 3721 440 3784 viro
464 3720 639 3785 clarissimo
663 3723 802 3787 consule.

120 3891 179 3944 est:
198 3904 294 3945 omnes
312 3890 359 3958 qui
377 3890 413 3944 ab
432 3890 533 3944 Aeacio
550 3891 642 3960 ipsum
656 3891 843 3962 Epiphaniam
860 3896 1083 3963 praecesserunt,
1101 3893 1265 3949 Hormisdac
1283 3895 1392 3963 jussue

120 3975 264 4045 diptychis
281 3977 345 4029 sunt
363 3976 500 4045 expuncti.

191 4064 212 4129 ¹)
231 4063 257 4115 α’
277 4068 309 4116 de
327 4066 374 4114 bie.

192 4147 223 4213 ¹⁰)
241 4147 285 4200 Ita
302 4146 335 4200 G'
351 4147 386 4200 a¹.
428 4145 494 4200 bec
517 4157 541 4199 et
563 4152 679 4202 debanna
703 4156 839 4219 episcopis.
880 4150 1036 4204 Johannem
1060 4152 1153 4206 autem
1174 4152 1251 4205 tacet
1272 4151 1393 4221 Epipha-

118 4231 196 4297 nius,
215 4231 281 4298 quia
296 4230 374 4284 illum
393 4247 456 4285 eum
474 4231 535 4285 aliis
552 4232 653 4302 legatis
672 4234 784 4303 regredi
802 4235 932 4290 valetudo
950 4252 1005 4289 non
1024 4235 1141 4290 sinebat.

192 4318 222 4383 ¹¹)
240 4314 259 4369 b
273 4333 306 4370 ce
323 4322 404 4370 acenti
419 4330 485 4370 runt.

191 4402 223 4469 ¹²)
239 4400 291 4457 Ed.
310 4406 391 4465 robe,
411 4402 511 4456 deinde
530 4404 563 4457 G¹
579 4407 604 4459 e¹
622 4409 780 4473 absentibus,
798 4422 918 4474 moxque
937 4407 979 4461 ed.
1000 4407 1090 4461 omitt.
1109 4428 1147 4461 ac.

119 4492 172 4540 122
209 4487 228 4555 ¹)
247 4486 278 4539 Iu
296 4486 345 4555 G',
366 4488 396 4540 in
413 4505 468 4556 que
487 4489 635 4558 epistolam
654 4497 702 4545 103
722 4496 847 4546 Germano
869 4501 894 4545 et
915 4496 1028 4547 debarai
1048 4498 1122 4561 eppr's
1145 4503 1170 4547 et
1188 4496 1290 4548 Blande
1310 4497 1392 4562 prbre

118 4570 285 4640 inscriptam
302 4571 373 4627 haec
392 4573 506 4643 exeipit,
524 4573 569 4628 hio
586 4575 680 4644 legere
699 4578 742 4629 est
760 4581 901 4632 Homicida
919 4581 1007 4647 quibus
1024 4598 1112 4646 capro.

190 4659 211 4726 ²)
229 4656 261 4710 In
278 4657 352 4726 vulg.
372 4664 497 4712 certiores
514 4680 557 4714 ves
614 4666 750 4715 (desideriis
764 4668 856 4716 uestris
913 4667 1042 4716 anxietati
1052 4673 1151 4717 vestrae
1162 4705 1168 4720 .
1178 4703 1197 4717 ..
1209 4670 1326 4718 relevetis
1338 4684 1390 4719 voe.

190 4745 211 4811 ³)
230 4743 265 4796 Hi
283 4742 320 4796 ad
338 4759 388 4795 nos
406 4742 518 4798 minime
537 4747 730 4813 pervenerunt.
767 4747 864 4815 Neque
881 4763 948 4801 rere
966 4746 1037 4801 ullas
1048 4747 1183 4802 habemus
1195 4749 1231 4803 ab
1244 4748 1393 4804 Hormisda

117 4828 158 4883 ad
176 4828 286 4898 legatos
304 4827 411 4882 litteras
430 4829 552 4898 epistolis
566 4837 613 4885 103
633 4832 661 4885 et
679 4838 727 4885 101
746 4831 771 4886 d.
791 4840 814 4886 3.
829 4832 893 4886 Dec.
914 4851 939 4887 a.
960 4839 1009 4887 olo
1028 4834 1100 4888 datis
1118 4835 1299 4903 recentiores,
1319 4838 1390 4889 conl.

117 4915 179 4967 not.
199 4913 279 4983 epist.
297 4912 392 4972 Herm,
411 4930 467 4968 uon
485 4917 552 4970 exst.
572 4934 599 4969 n.
618 4917 713 4970 XXXI.
