3204 5506
622 372 836 422 raaeuuuua
860 366 963 425 1—5.
1365 364 1430 431 485

169 521 212 586 vel
227 525 374 590 ecclesiae
388 523 562 590 Lucerinae
579 527 773 592 utilitatibus
787 530 822 592 in
841 530 1008 614 universis,
1033 554 1113 616 quae
1135 539 1212 599 sunt
1233 540 1425 621 necessaria,

160 619 296 691 libenter
315 627 493 713 impendat,
517 630 550 692 et
572 632 789 714 competentia
804 630 993 717 vigilantiae
1013 656 1088 700 suae
1103 635 1226 702 tribuat
1241 635 1426 704 Christiana

155 723 331 810 devotione¹
345 729 471 797 solatia.

618 905 900 1009 Fragmentum
926 908 962 991 4.

311 1049 314 1054 ’
371 1043 404 1093 Ut
423 1044 569 1108 episcopum
586 1051 675 1094 curent
692 1061 746 1094 eum
762 1047 828 1096 cleri
841 1048 979 1112 populique
996 1064 1120 1099 consenso
1137 1052 1204 1115 eligi.

304 1157 494 1223 Gelasius
517 1183 617 1244 papa
639 1159 827 1245 Philippo
847 1165 885 1226 et
908 1162 1136 1252 Gerontio)
1161 1167 1373 1253 episcopis.

232 1275 332 1342 Plebs
348 1277 542 1343 Clientensis
565 1279 641 1342 data
663 1280 756 1344 nobis
778 1281 934 1364 petitione
957 1282 1095 1367 deflevit,
1118 1285 1173 1350 diu
1188 1309 1222 1351 se
1238 1288 1307 1352 sine
1322 1293 1424 1353 recto-

136 1374 180 1436 ris
212 1379 339 1464 proprii
355 1380 590 1463 gubernatione
605 1381 763 1467 dispergi:
786 1405 834 1466 ac,
858 1384 941 1448 sicut
957 1385 1121 1468 asseritur,
1144 1388 1240 1472 isqui
1263 1390 1316 1472 a²)
1332 1392 1422 1456 vobis

135 1475 211 1556 jam
234 1482 393 1565 probatus
415 1481 543 1564 dicitur,
567 1506 586 1546 a
608 1484 720 1567 paucis
743 1488 776 1548 et
796 1485 947 1549 tenuibus
970 1490 1101 1570 putatur
1124 1489 1300 1573 eligendae,
1324 1513 1421 1575 quum

137 1578 173 1641 ad
206 1604 266 1648 vos
282 1582 456 1668 pertineat,
480 1584 645 1648 universos
661 1586 789 1649 assidua
804 1587 1022 1653 admonitione
1038 1591 1238 1676 compellere,
1262 1596 1299 1656 ut
1312 1616 1423 1658 omnes

136 1678 166 1743 in
197 1705 319 1768 unum,
342 1707 437 1770 quem
459 1685 593 1770 dignum
616 1687 793 1751 sacerdotio
815 1688 955 1753 viderint
977 1694 1010 1754 et
1033 1692 1103 1755 sinc
1126 1693 1232 1777 aliqua
1252 1694 1423 1778 reprehen-

136 1781 247 1869 sione,
274 1788 489 1852 consentiaut.
535 1787 579 1853 lut
600 1788 671 1852 ideo
678 1839 687 1871 ,
710 1790 828 1853 fratres
855 1792 1026 1876 carissimi,
1051 1794 1190 1859 diversos
1213 1818 1251 1859 ex
1274 1797 1422 1861 omnibus

136 1903 243 1970 saepe
273 1889 354 1954 dicti
381 1888 444 1954 loci
471 1891 627 1973 paroeciis
656 1891 876 1975 presbyteros,
906 1894 1056 1959 diaconos
1083 1899 1116 1959 et
1145 1896 1328 1960 universam
1357 1902 1422 1962 tur-

135 1982 216 2050 bam
250 2013 309 2056 vos
336 1994 464 2075 oportet
492 1993 619 2077 saepius
647 2015 838 2058 convocare:
871 1999 1029 2079 quatenus
1063 2019 1128 2061 non
1162 2000 1256 2081 prout
1289 1999 1421 2063 cuilibet

133 2081 291 2175 libuerit,
315 2093 371 2157 sed
394 2094 662 2159 concordantibus
685 2095 800 2159 animis
826 2097 925 2160 talem
947 2098 1036 2162 vobis
1058 2099 1301 2163 imminentibus
1309 2101 1335 2184 ³)
1358 2101 1419 2164 sibi

131 2200 307 2296 quaerant
328 2194 397 2259 sola
417 2193 606 2262 Divinitatis
629 2197 807 2262 attentione
835 2221 1021 2283 personam,
1053 2221 1148 2283 quam
1176 2201 1266 2264 nulla
1294 2205 1419 2266 contra-

129 2293 246 2361 ssebas
270 2322 289 2363 a
312 2297 496 2364 constitutis
518 2299 621 2384 possit
642 2321 791 2363 revocare
814 2302 1031 2386 praescriptis.

615 2469 897 2573 Fragmentum
924 2472 958 2555 5.

99 2597 116 2645 2·
188 2602 237 2656 Ut
258 2611 397 2660 mentone
415 2610 512 2659 nomine
528 2610 704 2674 presbyterum
722 2617 747 2660 et
766 2612 897 2661 diaconum
914 2610 1035 2662 basilicae
1052 2628 1072 2661 a
1087 2612 1231 2664 Eleutherai
1248 2615 1357 2663 ordinet.

303 2724 487 2790 Gelasius
510 2724 742 2790 Caelestino
766 2726 962 2811 episcopo.

229 2842 434 2928 Presbyteri,
466 2844 594 2908 diaconi
617 2847 649 2907 et
671 2845 812 2909 universi
835 2845 941 2910 clerici
964 2846 1254 2930 thelonearium)
1278 2848 1417 2914 civitatis

119 2937 300 3012 petitorio
320 2947 414 3011 nobis
437 2968 625 3032 suggessere
647 2951 804 3031 porrecto,
827 2948 862 3011 in
885 2948 1020 3012 ecclesia
1041 2950 1128 3013 beati
1151 2951 1301 3033 martyris
1323 2950 1416 3014 Eleu·

119 3027 248 3113 ὓ181*ἰί
268 3048 424 3134 episcopi,
453 3050 591 3133 quaein
613 3049 817 3133 supradictae
840 3050 981 3114 civitatis
1003 3051 1151 3135 paroecia
1172 3052 1327 3134 probatur
1349 3074 1416 3116 esse

120 3151 349 3235 constructa,
380 3151 602 3236 presbyterum
630 3152 682 3236 qui
713 3152 907 3216 const'tutus
928 3153 1033 3216 fuerat
1056 3152 1224 3235 defecisse,
1259 3157 1355 3238 atque
1381 3155 1416 3218 in

121 3235 214 3316 ejus
243 3253 344 3319 locum
358 3252 526 3318 Julianum
545 3254 714 3318 diaconum
736 3254 837 3338 ipsius
860 3253 1011 3318 ecclesiae
1033 3277 1092 3338 pro
1108 3253 1294 3318 celebritate
1316 3255 1416 3339 ipsius

121 3332 206 3410 ¹⁰05
235 3355 423 3439 quantocius
451 3355 565 3420 debere
593 3356 745 3420 ordinari.
791 3355 836 3419 Et
863 3357 949 3439 ideo,
978 3355 1080 3419 frater
1108 3355 1287 3439 carissime,
1321 3355 1348 3420 si
1377 3356 1415 3420 de

125 3437 217 3521 ejus
245 3458 307 3521 aits
327 3456 378 3521 vel
399 3456 541 3521 moribus
563 3456 643 3522 nihil
667 3457 821 3541 estquod
844 3462 957 3522 contra
980 3480 1138 3522 canonum
1153 3457 1264 3522 veniat
1279 3460 1414 3542 statuta,

128 3558 400 3644 suprascriptum
422 3559 612 3643 presbyterii
633 3559 753 3623 honore
776 3560 956 3642 decorabis,
986 3561 1124 3624 sciburus
1147 3581 1218 3623 eum
1241 3560 1436 3624 visitatoris.

132 3641 173 3756 i}
201 3662 329 3727 nomine
351 3683 418 3726 non
441 3660 644 3748 cardinalis2)
667 3684 791 3727 creasse
812 3662 985 3746 pontificis.
1031 3662 1156 3726 Pariter
1185 3662 1282 3725 etiam
1305 3665 1338 3726 et
1359 3661 1415 3725 Fe-

138 3739 334 3830 hciminum
356 3765 528 3831 diaconum
549 3764 584 3828 iu
607 3766 675 3848 ejus
698 3763 850 3829 ecelesiae
872 3764 1062 3846 ministerio,
1085 3765 1113 3829 si
1132 3764 1330 3829 conversatio
1346 3764 1415 3847 ejus

149 3901 451 3933 X-

169 3989 185 4038 4
225 3995 276 4064 1)Ζ
298 4008 436 4059 ommino
459 4019 578 4072 moxque
601 4006 679 4056 Plebs
700 4006 845 4056 Diotreneis
868 4002 928 4069 (aut
949 4001 977 4055 in
1000 4000 1065 4055 edit.
1084 3999 1232 4056 Bochmeri
1249 4006 1413 4063 biconensis,

158 4077 233 4132 ΨΜ
252 4088 378 4160 oppidum
400 4087 454 4142 luit
475 4085 598 4142 Moesiae
622 4086 772 4150 secundae,
796 4086 830 4141 al.
853 4089 1000 4155 Dar-ostoli).
1042 4085 1227 4140 Praelerimue
1251 4103 1313 4140 cum
1332 4085 1365 4150 0¹
1379 4085 1414 4150 Q*

162 4153 305 4228 omna.
340 4175 372 4228 In
389 4171 534 4244 provincia
551 4166 687 4228 Corneola
701 4173 782 4241 juxta
799 4171 940 4226 Valeriam
958 4171 994 4225 ab
1012 4169 1414 4239 Anonymoltavennatel.1V

162 4236 224 4298 ²2²¹
242 4259 394 4314 recensetur
413 4262 508 4314 Clieno.

220 4331 290 4409 ¹lQ'
306 4366 322 4399 a
339 4348 412 4399 noble
474 4364 528 4398 cam
546 4349 582 4398 ad
599 4364 656 4406 noe,
676 4344 784 4397 etcum
803 4344 835 4407 (2¹
855 4348 997 4411 elipandus,
1015 4340 1063 4394 ubi
1081 4341 1171 4408 Zjam
1186 4349 1293 4408 palatur
1310 4345 1412 4398 electas,

216 4414 239 4483 1)
255 4425 298 4485 lta
314 4427 347 4495 0¹
362 4429 410 4495 Q²;
429 4432 620 4484 admonentibus
637 4428 665 4482 Z.

170 4489 200 4582 ⁵·
218 4499 238 4567 ¹)
255 4511 274 4568 Z
292 4517 443 4576 Sionem,
462 4513 495 4578 0¹
509 4513 544 4578 0²
561 4518 729 4569 Stenienriam
748 4527 781 4568 eo
799 4527 889 4579 more,
908 4530 962 4581 quo
980 4512 1088 4566 veteres
1101 4513 1199 4578 Spania
1217 4524 1268 4579 pro
1283 4513 1414 4578 Hispania

159 4575 272 4677 'inbf’re
292 4598 483 4656 wmuerunt..
506 4598 593 4653 Porro
616 4604 760 4654 Histonium
783 4596 916 4667 oppidum
944 4598 987 4651 eat
1008 4596 1210 4649 Frentanorum
1233 4610 1281 4648 seu
1304 4593 1413 4664 Aprutii

158 4650 285 4738 “bases
300 4683 394 4753 (sorio
416 4687 497 4738 aare
515 4687 679 4752 ramae).

213 4750 236 4820 ¹)
255 4766 288 4822 ll.
302 4786 324 4824 e.
344 4785 379 4824 ex
391 4766 521 4838 delegato
540 4785 573 4823 ac
589 4768 762 4835 transitorio,
780 4785 836 4822 non
855 4785 887 4822 ex
905 4765 1019 4838 proprio
1038 4782 1071 4820 ac
1087 4765 1224 4836 perpetuo
1238 4763 1310 4832 jure.
1338 4764 1414 4820 Haec

209 4871 217 4897 2
236 4861 306 4916 quae
323 4853 422 4909 eodem
440 4853 582 4908 intellectu
600 4853 730 4923 deinceps
747 4855 876 4922 frequens
895 4851 960 4919 erit,
978 4869 1050 4906 nunc
1061 4850 1181 4921 primum
1193 4848 1274 4904 nobis
1286 4850 1413 4906 occurrit.

186 4923 219 4971 ¹¹⁸
236 4940 327 4994 autem
344 4938 492 5011 explicatio
510 4938 633 4994 subnexo
650 4939 807 5010 fragmento
824 4938 958 4993 firmatur.

158 4829 201 4876 rex

158 4893 185 4970 Ei
