<?xml version="1.0" encoding="UTF-8"?>
<!DOCTYPE html PUBLIC "-//W3C//DTD XHTML 1.0 Transitional//EN"
    "http://www.w3.org/TR/xhtml1/DTD/xhtml1-transitional.dtd">
<html xmlns="http://www.w3.org/1999/xhtml" xml:lang="en" lang="en">
 <head>
  <title>
</title>
<meta http-equiv="Content-Type" content="text/html;charset=utf-8" />
  <meta name='ocr-system' content='tesseract 3.04.00' />
  <meta name='ocr-capabilities' content='ocr_page ocr_carea ocr_par ocr_line ocrx_word'/>
</head>
<body>
  <div class='ocr_page' id='page_1' title='image "./epistolaeromano00thiegoog/epistolaeromano00thiegoog_0688.png"; bbox 0 0 3224 5506; ppageno 0'>
   <div class='ocr_carea' id='block_1_1' title="bbox 472 349 1448 439">
    <p class='ocr_par' dir='ltr' id='par_1_1' title="bbox 472 349 1448 439">
     <span class='ocr_line' id='line_1_1' title="bbox 472 349 1448 439; baseline -0.004 -20"><span class='ocrx_word' id='word_1_1' title='bbox 472 371 499 419; x_wconf 87' lang='lat' dir='ltr'><strong>s.</strong></span> <span class='ocrx_word' id='word_1_2' title='bbox 517 370 697 419; x_wconf 68' lang='lat' dir='ltr'><strong>senuncnr</strong></span> <span class='ocrx_word' id='word_1_3' title='bbox 720 370 834 416; x_wconf 74' lang='lat' dir='ltr'><strong>PAPAE</strong></span> <span class='ocrx_word' id='word_1_4' title='bbox 857 369 949 417; x_wconf 72' lang='lat' dir='ltr'><strong>vrri.</strong></span> <span class='ocrx_word' id='word_1_5' title='bbox 1280 349 1344 416; x_wconf 83' lang='lat'><strong>639</strong></span> <span class='ocrx_word' id='word_1_6' title='bbox 1445 434 1448 439; x_wconf 18' lang='grc' dir='ltr'>ι</span> 
     </span>
    </p>
   </div>
   <div class='ocr_carea' id='block_1_2' title="bbox 109 527 1343 2810">
    <p class='ocr_par' dir='ltr' id='par_1_2' title="bbox 109 527 1342 926">
     <span class='ocr_line' id='line_1_2' title="bbox 166 527 1342 586; baseline -0.003 0"><span class='ocrx_word' id='word_1_7' title='bbox 166 529 292 586; x_wconf 77' lang='lat' dir='ltr'><strong>Similiter</strong></span> <span class='ocrx_word' id='word_1_8' title='bbox 312 530 365 586; x_wconf 87' lang='lat' dir='ltr'><strong>hoc</strong></span> <span class='ocrx_word' id='word_1_9' title='bbox 384 530 522 586; x_wconf 89' lang='lat' dir='ltr'><strong>decretum</strong></span> <span class='ocrx_word' id='word_1_10' title='bbox 545 532 571 586; x_wconf 92' lang='lat' dir='ltr'><strong>in</strong></span> <span class='ocrx_word' id='word_1_11' title='bbox 593 528 715 586; x_wconf 89' lang='lat' dir='ltr'><strong>omnibus</strong></span> <span class='ocrx_word' id='word_1_12' title='bbox 736 529 911 584; x_wconf 88' lang='lat' dir='ltr'><strong>conciliorum</strong></span> <span class='ocrx_word' id='word_1_13' title='bbox 933 529 1095 585; x_wconf 83' lang='lat' dir='ltr'><strong>editionibus</strong></span> <span class='ocrx_word' id='word_1_14' title='bbox 1117 537 1147 584; x_wconf 88' lang='lat' dir='ltr'><strong>ut</strong></span> <span class='ocrx_word' id='word_1_15' title='bbox 1168 545 1200 584; x_wconf 82' lang='lat' dir='ltr'><strong>ex</strong></span> <span class='ocrx_word' id='word_1_16' title='bbox 1216 527 1342 584; x_wconf 87' lang='lat' dir='ltr'><strong>Gratiano</strong></span> 
     </span>
     <span class='ocr_line' id='line_1_3' title="bbox 109 613 1340 690; baseline 0.002 -24"><span class='ocrx_word' id='word_1_17' title='bbox 109 623 248 690; x_wconf 72' lang='lat' dir='ltr'><strong>rumptum</strong></span> <span class='ocrx_word' id='word_1_18' title='bbox 264 616 395 671; x_wconf 75' lang='lat' dir='ltr'><strong>Anastasii</strong></span> <span class='ocrx_word' id='word_1_19' title='bbox 410 618 496 671; x_wconf 81' lang='lat' dir='ltr'><strong>nostri</strong></span> <span class='ocrx_word' id='word_1_20' title='bbox 511 617 618 670; x_wconf 87' lang='lat' dir='ltr'><strong>nonrine</strong></span> <span class='ocrx_word' id='word_1_21' title='bbox 634 614 749 671; x_wconf 83' lang='lat' dir='ltr'><strong>additur.</strong></span> <span class='ocrx_word' id='word_1_22' title='bbox 781 613 857 687; x_wconf 75' lang='lat' dir='ltr'><strong>Apud</strong></span> <span class='ocrx_word' id='word_1_23' title='bbox 874 613 1026 670; x_wconf 81' lang='lat' dir='ltr'><strong>Gratianum</strong></span> <span class='ocrx_word' id='word_1_24' title='bbox 1042 623 1130 670; x_wconf 86' lang='lat' dir='ltr'><strong>nutem</strong></span> <span class='ocrx_word' id='word_1_25' title='bbox 1146 613 1164 668; x_wconf 94' lang='lat' dir='ltr'><strong>l.</strong></span> <span class='ocrx_word' id='word_1_26' title='bbox 1178 630 1202 669; x_wconf 82' lang='lat' dir='ltr'><strong>c.</strong></span> <span class='ocrx_word' id='word_1_27' title='bbox 1216 615 1340 670; x_wconf 84' lang='lat' dir='ltr'><strong>Anasta-</strong></span> 
     </span>
     <span class='ocr_line' id='line_1_4' title="bbox 116 697 1342 774; baseline -0.002 -19"><span class='ocrx_word' id='word_1_28' title='bbox 116 706 153 755; x_wconf 83' lang='lat' dir='ltr'><strong>et</strong></span> <span class='ocrx_word' id='word_1_29' title='bbox 172 701 290 756; x_wconf 79' lang='lat' dir='ltr'><strong>Damasi</strong></span> <span class='ocrx_word' id='word_1_30' title='bbox 300 717 399 772; x_wconf 86' lang='lat' dir='ltr'><strong>papae</strong></span> <span class='ocrx_word' id='word_1_31' title='bbox 414 699 565 757; x_wconf 89' lang='lat' dir='ltr'><strong>nominibus</strong></span> <span class='ocrx_word' id='word_1_32' title='bbox 586 701 739 774; x_wconf 81' lang='lat' dir='ltr'><strong>insignitur,</strong></span> <span class='ocrx_word' id='word_1_33' title='bbox 762 708 789 754; x_wconf 87' lang='lat' dir='ltr'><strong>et</strong></span> <span class='ocrx_word' id='word_1_34' title='bbox 815 697 926 753; x_wconf 88' lang='lat' dir='ltr'><strong>babetur</strong></span> <span class='ocrx_word' id='word_1_35' title='bbox 947 699 1054 773; x_wconf 88' lang='lat' dir='ltr'><strong>quidem</strong></span> <span class='ocrx_word' id='word_1_36' title='bbox 1077 700 1103 755; x_wconf 95' lang='lat' dir='ltr'><strong>in</strong></span> <span class='ocrx_word' id='word_1_37' title='bbox 1119 698 1342 755; x_wconf 84' lang='lat' dir='ltr'><strong>Pseudo-Damasi</strong></span> 
     </span>
     <span class='ocr_line' id='line_1_5' title="bbox 109 781 1342 859; baseline -0.002 -20"><span class='ocrx_word' id='word_1_38' title='bbox 109 784 190 841; x_wconf 77' lang='lat' dir='ltr'><strong>stola</strong></span> <span class='ocrx_word' id='word_1_39' title='bbox 210 784 242 839; x_wconf 94' lang='lat' dir='ltr'><strong>ad</strong></span> <span class='ocrx_word' id='word_1_40' title='bbox 262 784 428 859; x_wconf 85' lang='lat' dir='ltr'><strong>Stephanum</strong></span> <span class='ocrx_word' id='word_1_41' title='bbox 449 803 472 841; x_wconf 90' lang='lat' dir='ltr'><strong>c.</strong></span> <span class='ocrx_word' id='word_1_42' title='bbox 486 786 519 847; x_wconf 86' lang='grc'><strong>8,</strong></span> <span class='ocrx_word' id='word_1_43' title='bbox 546 784 593 839; x_wconf 91' lang='lat' dir='ltr'><strong>scd</strong></span> <span class='ocrx_word' id='word_1_44' title='bbox 616 801 647 840; x_wconf 84' lang='lat' dir='ltr'><strong>er</strong></span> <span class='ocrx_word' id='word_1_45' title='bbox 670 786 749 839; x_wconf 87' lang='lat' dir='ltr'><strong>meris</strong></span> <span class='ocrx_word' id='word_1_46' title='bbox 771 782 865 838; x_wconf 82' lang='lat' dir='ltr'><strong>Felicis</strong></span> <span class='ocrx_word' id='word_1_47' title='bbox 882 783 903 837; x_wconf 90' lang='lat' dir='ltr'><strong>ll</strong></span> <span class='ocrx_word' id='word_1_48' title='bbox 923 782 1010 839; x_wconf 89' lang='lat' dir='ltr'><strong>verbis</strong></span> <span class='ocrx_word' id='word_1_49' title='bbox 1032 783 1122 858; x_wconf 88' lang='lat' dir='ltr'><strong>(epist.</strong></span> <span class='ocrx_word' id='word_1_50' title='bbox 1140 784 1157 840; x_wconf 80' lang='lat'>2</span> <span class='ocrx_word' id='word_1_51' title='bbox 1182 801 1209 839; x_wconf 93' lang='lat' dir='ltr'><strong>n.</strong></span> <span class='ocrx_word' id='word_1_52' title='bbox 1227 781 1257 855; x_wconf 89' lang='lat'><strong>8)</strong></span> <span class='ocrx_word' id='word_1_53' title='bbox 1278 798 1342 838; x_wconf 89' lang='lat' dir='ltr'><strong>cou-</strong></span> 
     </span>
     <span class='ocr_line' id='line_1_6' title="bbox 112 864 1150 926; baseline -0.002 -2"><span class='ocrx_word' id='word_1_54' title='bbox 112 884 170 924; x_wconf 90' lang='lat' dir='ltr'><strong>um</strong></span> <span class='ocrx_word' id='word_1_55' title='bbox 185 877 237 926; x_wconf 87' lang='lat' dir='ltr'><strong>est.</strong></span> <span class='ocrx_word' id='word_1_56' title='bbox 1145 864 1150 876; x_wconf 90' lang='grc'><strong><em>’</em></strong></span> 
     </span>
    </p>

    <p class='ocr_par' dir='ltr' id='par_1_3' title="bbox 109 947 1343 2555">
     <span class='ocr_line' id='line_1_7' title="bbox 158 947 1342 1030; baseline -0.003 -19"><span class='ocrx_word' id='word_1_57' title='bbox 158 953 189 1011; x_wconf 87' lang='grc'><strong>3.</strong></span> <span class='ocrx_word' id='word_1_58' title='bbox 219 950 419 1030; x_wconf 78' lang='lat' dir='ltr'><strong>Privileginm</strong></span> <span class='ocrx_word' id='word_1_59' title='bbox 433 950 591 1011; x_wconf 67' lang='lat' dir='ltr'><strong>missii</strong></span> <span class='ocrx_word' id='word_1_60' title='bbox 604 951 636 1011; x_wconf 78' lang='grc' dir='ltr'><strong>Ρ.</strong></span> <span class='ocrx_word' id='word_1_61' title='bbox 652 951 686 1010; x_wconf 94' lang='lat'><strong>11</strong></span> <span class='ocrx_word' id='word_1_62' title='bbox 705 951 745 1009; x_wconf 90' lang='lat' dir='ltr'><strong>de</strong></span> <span class='ocrx_word' id='word_1_63' title='bbox 760 947 941 1026; x_wconf 74' lang='lat' dir='ltr'><strong>arreptione</strong></span> <span class='ocrx_word' id='word_1_64' title='bbox 957 949 1210 1027; x_wconf 74' lang='lat' dir='ltr'><strong>Campanianum,</strong></span> <span class='ocrx_word' id='word_1_65' title='bbox 1231 965 1271 1010; x_wconf 90' lang='lat' dir='ltr'><strong>ue</strong></span> <span class='ocrx_word' id='word_1_66' title='bbox 1285 949 1342 1009; x_wconf 73' lang='lat' dir='ltr'><strong>&#39;lo-</strong></span> 
     </span>
     <span class='ocr_line' id='line_1_8' title="bbox 109 1035 1342 1110; baseline -0.002 -15"><span class='ocrx_word' id='word_1_67' title='bbox 109 1051 179 1096; x_wconf 76' lang='grc' dir='ltr'><strong>ιιιο</strong></span> <span class='ocrx_word' id='word_1_68' title='bbox 194 1040 348 1110; x_wconf 66' lang='lat' dir='ltr'><strong>meatur,</strong></span> <span class='ocrx_word' id='word_1_69' title='bbox 369 1039 401 1097; x_wconf 78' lang='lat' dir='ltr'><strong>ab</strong></span> <span class='ocrx_word' id='word_1_70' title='bbox 420 1040 455 1096; x_wconf 85' lang='lat' dir='ltr'><strong>ut</strong></span> <span class='ocrx_word' id='word_1_71' title='bbox 475 1052 596 1096; x_wconf 83' lang='lat' dir='ltr'><strong>crucem</strong></span> <span class='ocrx_word' id='word_1_72' title='bbox 611 1035 733 1095; x_wconf 78' lang='lat' dir='ltr'><strong>deferet</strong></span> <span class='ocrx_word' id='word_1_73' title='bbox 747 1037 828 1096; x_wconf 75' lang='lat' dir='ltr'><strong>aute.</strong></span> <span class='ocrx_word' id='word_1_74' title='bbox 865 1038 1057 1107; x_wconf 78' lang='lat' dir='ltr'><strong>„Anastasius</strong></span> <span class='ocrx_word' id='word_1_75' title='bbox 1073 1042 1342 1110; x_wconf 82' lang='lat' dir='ltr'><strong>episcopusservus</strong></span> 
     </span>
     <span class='ocr_line' id='line_1_9' title="bbox 109 1121 1341 1197; baseline -0.002 -17"><span class='ocrx_word' id='word_1_76' title='bbox 109 1140 222 1181; x_wconf 81' lang='lat' dir='ltr'><strong>varum</strong></span> <span class='ocrx_word' id='word_1_77' title='bbox 238 1124 294 1180; x_wconf 82' lang='lat' dir='ltr'><strong>Dei</strong></span> <span class='ocrx_word' id='word_1_78' title='bbox 314 1126 472 1181; x_wconf 86' lang='lat' dir='ltr'><strong>venerabili</strong></span> <span class='ocrx_word' id='word_1_79' title='bbox 490 1124 584 1196; x_wconf 78' lang='lat' dir='ltr'><strong>fratri</strong></span> <span class='ocrx_word' id='word_1_80' title='bbox 604 1125 823 1194; x_wconf 75' lang='lat' dir='ltr'><strong>archiepiscopo</strong></span> <span class='ocrx_word' id='word_1_81' title='bbox 841 1121 1067 1194; x_wconf 72' lang='lat' dir='ltr'><strong>compostellano</strong></span> <span class='ocrx_word' id='word_1_82' title='bbox 1088 1125 1211 1197; x_wconf 83' lang='lat' dir='ltr'><strong>ejusque</strong></span> <span class='ocrx_word' id='word_1_83' title='bbox 1226 1138 1341 1178; x_wconf 88' lang='lat' dir='ltr'><strong>succes-</strong></span> 
     </span>
     <span class='ocr_line' id='line_1_10' title="bbox 109 1208 1341 1281; baseline -0.002 -16"><span class='ocrx_word' id='word_1_84' title='bbox 109 1209 186 1265; x_wconf 82' lang='lat' dir='ltr'><strong>ibus</strong></span> <span class='ocrx_word' id='word_1_85' title='bbox 200 1213 344 1266; x_wconf 87' lang='lat' dir='ltr'><strong>canonice</strong></span> <span class='ocrx_word' id='word_1_86' title='bbox 358 1211 561 1266; x_wconf 78' lang='lat' dir='ltr'><strong>substituendis</strong></span> <span class='ocrx_word' id='word_1_87' title='bbox 576 1212 603 1264; x_wconf 89' lang='lat' dir='ltr'><strong>in</strong></span> <span class='ocrx_word' id='word_1_88' title='bbox 616 1215 799 1280; x_wconf 87' lang='lat' dir='ltr'><strong>perpetuum.</strong></span> <span class='ocrx_word' id='word_1_89' title='bbox 832 1208 870 1262; x_wconf 84' lang='lat' dir='ltr'><strong>Et</strong></span> <span class='ocrx_word' id='word_1_90' title='bbox 879 1209 1015 1279; x_wconf 85' lang='lat' dir='ltr'><strong>justitiae</strong></span> <span class='ocrx_word' id='word_1_91' title='bbox 1031 1211 1105 1264; x_wconf 89' lang='lat' dir='ltr'><strong>ratio</strong></span> <span class='ocrx_word' id='word_1_92' title='bbox 1122 1211 1210 1281; x_wconf 78' lang='lat' dir='ltr'><strong>eripit</strong></span> <span class='ocrx_word' id='word_1_93' title='bbox 1231 1215 1259 1263; x_wconf 89' lang='lat' dir='ltr'><strong>et</strong></span> <span class='ocrx_word' id='word_1_94' title='bbox 1274 1223 1341 1263; x_wconf 86' lang='lat' dir='ltr'><strong>can·</strong></span> 
     </span>
     <span class='ocr_line' id='line_1_11' title="bbox 111 1293 1341 1366; baseline -0.003 -16"><span class='ocrx_word' id='word_1_95' title='bbox 111 1302 152 1350; x_wconf 83' lang='lat' dir='ltr'><strong>ta</strong></span> <span class='ocrx_word' id='word_1_96' title='bbox 169 1296 441 1366; x_wconf 86' lang='lat' dir='ltr'><strong>sedisapostolicae</strong></span> <span class='ocrx_word' id='word_1_97' title='bbox 457 1296 615 1366; x_wconf 75' lang='lat' dir='ltr'><strong>benipnitus</strong></span> <span class='ocrx_word' id='word_1_98' title='bbox 631 1301 657 1354; x_wconf 80' lang='lat' dir='ltr'><strong>et</strong></span> <span class='ocrx_word' id='word_1_99' title='bbox 673 1294 859 1349; x_wconf 86' lang='lat' dir='ltr'><strong>mansuetudo</strong></span> <span class='ocrx_word' id='word_1_100' title='bbox 875 1294 1004 1364; x_wconf 85' lang='lat' dir='ltr'><strong>deposcit</strong></span> <span class='ocrx_word' id='word_1_101' title='bbox 1020 1300 1073 1348; x_wconf 90' lang='lat' dir='ltr'><strong>etc.</strong></span> <span class='ocrx_word' id='word_1_102' title='bbox 1107 1293 1185 1348; x_wconf 81' lang='lat' dir='ltr'><strong>Tuas</strong></span> <span class='ocrx_word' id='word_1_103' title='bbox 1205 1296 1293 1365; x_wconf 82' lang='lat' dir='ltr'><strong>ipitur</strong></span> <span class='ocrx_word' id='word_1_104' title='bbox 1313 1299 1341 1347; x_wconf 87' lang='lat' dir='ltr'><strong>et</strong></span> 
     </span>
     <span class='ocr_line' id='line_1_12' title="bbox 109 1376 1343 1452; baseline -0.003 -17"><span class='ocrx_word' id='word_1_105' title='bbox 109 1382 239 1435; x_wconf 74' lang='lat' dir='ltr'><strong>emissae</strong></span> <span class='ocrx_word' id='word_1_106' title='bbox 258 1381 309 1435; x_wconf 87' lang='lat' dir='ltr'><strong>tibi</strong></span> <span class='ocrx_word' id='word_1_107' title='bbox 328 1399 345 1434; x_wconf 89' lang='lat' dir='ltr'><strong>a</strong></span> <span class='ocrx_word' id='word_1_108' title='bbox 362 1379 423 1435; x_wconf 89' lang='lat' dir='ltr'><strong>Dea</strong></span> <span class='ocrx_word' id='word_1_109' title='bbox 438 1376 552 1452; x_wconf 83' lang='lat' dir='ltr'><strong>(gregis)</strong></span> <span class='ocrx_word' id='word_1_110' title='bbox 571 1394 678 1448; x_wconf 85' lang='lat' dir='ltr'><strong>preces</strong></span> <span class='ocrx_word' id='word_1_111' title='bbox 699 1395 734 1433; x_wconf 93' lang='lat' dir='ltr'><strong>cu</strong></span> <span class='ocrx_word' id='word_1_112' title='bbox 750 1376 851 1449; x_wconf 75' lang='lat' dir='ltr'><strong>(aurai)</strong></span> <span class='ocrx_word' id='word_1_113' title='bbox 877 1379 1059 1434; x_wconf 84' lang='lat' dir='ltr'><strong>venerandae</strong></span> <span class='ocrx_word' id='word_1_114' title='bbox 1078 1381 1107 1432; x_wconf 88' lang='lat' dir='ltr'><strong>in</strong></span> <span class='ocrx_word' id='word_1_115' title='bbox 1123 1378 1235 1434; x_wconf 79' lang='lat' dir='ltr'><strong>Christo</strong></span> <span class='ocrx_word' id='word_1_116' title='bbox 1247 1377 1343 1449; x_wconf 79' lang='lat' dir='ltr'><strong>fratri</strong></span> 
     </span>
     <span class='ocr_line' id='line_1_13' title="bbox 109 1460 1343 1536; baseline -0.001 -17"><span class='ocrx_word' id='word_1_117' title='bbox 109 1482 138 1519; x_wconf 79' lang='lat' dir='ltr'><strong>r.</strong></span> <span class='ocrx_word' id='word_1_118' title='bbox 166 1464 263 1519; x_wconf 87' lang='lat' dir='ltr'><strong>debita</strong></span> <span class='ocrx_word' id='word_1_119' title='bbox 279 1464 315 1518; x_wconf 91' lang='lat' dir='ltr'><strong>B.</strong></span> <span class='ocrx_word' id='word_1_120' title='bbox 333 1464 383 1520; x_wconf 90' lang='lat' dir='ltr'><strong>Su.</strong></span> <span class='ocrx_word' id='word_1_121' title='bbox 401 1462 527 1536; x_wconf 78' lang='lat' dir='ltr'><strong>(benigne</strong></span> <span class='ocrx_word' id='word_1_122' title='bbox 543 1464 731 1536; x_wconf 89' lang='lat' dir='ltr'><strong>suscipientes)</strong></span> <span class='ocrx_word' id='word_1_123' title='bbox 754 1469 781 1518; x_wconf 91' lang='lat' dir='ltr'><strong>et</strong></span> <span class='ocrx_word' id='word_1_124' title='bbox 802 1463 835 1518; x_wconf 92' lang='lat' dir='ltr'><strong>ob</strong></span> <span class='ocrx_word' id='word_1_125' title='bbox 851 1462 906 1517; x_wconf 82' lang='lat' dir='ltr'><strong>nm</strong></span> <span class='ocrx_word' id='word_1_126' title='bbox 922 1460 1118 1533; x_wconf 86' lang='lat' dir='ltr'><strong>(reverentiam)</strong></span> <span class='ocrx_word' id='word_1_127' title='bbox 1142 1464 1219 1518; x_wconf 91' lang='lat' dir='ltr'><strong>beati</strong></span> <span class='ocrx_word' id='word_1_128' title='bbox 1238 1462 1343 1518; x_wconf 86' lang='lat' dir='ltr'><strong>Jacobi</strong></span> 
     </span>
     <span class='ocr_line' id='line_1_14' title="bbox 109 1547 1341 1621; baseline 0 -21"><span class='ocrx_word' id='word_1_129' title='bbox 109 1550 196 1605; x_wconf 73' lang='lat' dir='ltr'><strong>»stoli</strong></span> <span class='ocrx_word' id='word_1_130' title='bbox 216 1552 341 1621; x_wconf 83' lang='lat' dir='ltr'><strong>majoris</strong></span> <span class='ocrx_word' id='word_1_131' title='bbox 361 1547 459 1621; x_wconf 90' lang='lat' dir='ltr'><strong>(cujus)</strong></span> <span class='ocrx_word' id='word_1_132' title='bbox 487 1550 682 1604; x_wconf 85' lang='lat' dir='ltr'><strong>venerandum</strong></span> <span class='ocrx_word' id='word_1_133' title='bbox 705 1565 813 1619; x_wconf 87' lang='lat' dir='ltr'><strong>corpus</strong></span> <span class='ocrx_word' id='word_1_134' title='bbox 837 1551 865 1603; x_wconf 87' lang='lat' dir='ltr'><strong>iu</strong></span> <span class='ocrx_word' id='word_1_135' title='bbox 889 1549 988 1602; x_wconf 87' lang='lat' dir='ltr'><strong>eadem</strong></span> <span class='ocrx_word' id='word_1_136' title='bbox 1012 1549 1135 1603; x_wconf 86' lang='lat' dir='ltr'><strong>ecelesia</strong></span> <span class='ocrx_word' id='word_1_137' title='bbox 1158 1550 1341 1620; x_wconf 85' lang='lat' dir='ltr'><strong>requiescere</strong></span> 
     </span>
     <span class='ocr_line' id='line_1_15' title="bbox 109 1633 1339 1706; baseline -0.003 -16"><span class='ocrx_word' id='word_1_138' title='bbox 109 1635 209 1698; x_wconf 82' lang='lat' dir='ltr'><strong>alitur,</strong></span> <span class='ocrx_word' id='word_1_139' title='bbox 226 1637 369 1706; x_wconf 80' lang='lat' dir='ltr'><strong>inteprum</strong></span> <span class='ocrx_word' id='word_1_140' title='bbox 378 1636 433 1705; x_wconf 87' lang='lat' dir='ltr'><strong>jus</strong></span> <span class='ocrx_word' id='word_1_141' title='bbox 447 1635 589 1689; x_wconf 79' lang='lat' dir='ltr'><strong>libertatis</strong></span> <span class='ocrx_word' id='word_1_142' title='bbox 604 1637 778 1689; x_wconf 89' lang='lat' dir='ltr'><strong>auctoritate</strong></span> <span class='ocrx_word' id='word_1_143' title='bbox 799 1634 958 1704; x_wconf 88' lang='lat' dir='ltr'><strong>apostolica</strong></span> <span class='ocrx_word' id='word_1_144' title='bbox 979 1635 1036 1703; x_wconf 87' lang='lat' dir='ltr'><strong>ipsi</strong></span> <span class='ocrx_word' id='word_1_145' title='bbox 1055 1635 1196 1688; x_wconf 86' lang='lat' dir='ltr'><strong>ecclesiae</strong></span> <span class='ocrx_word' id='word_1_146' title='bbox 1211 1633 1339 1705; x_wconf 75' lang='lat' dir='ltr'><strong>indutpe·</strong></span> 
     </span>
     <span class='ocr_line' id='line_1_16' title="bbox 109 1716 1336 1791; baseline -0.002 -16"><span class='ocrx_word' id='word_1_147' title='bbox 109 1735 141 1787; x_wconf 80' lang='lat' dir='ltr'><strong>s,</strong></span> <span class='ocrx_word' id='word_1_148' title='bbox 169 1722 424 1791; x_wconf 83' lang='lat' dir='ltr'><strong>constituimusquc</strong></span> <span class='ocrx_word' id='word_1_149' title='bbox 446 1725 472 1772; x_wconf 90' lang='lat' dir='ltr'><strong>et</strong></span> <span class='ocrx_word' id='word_1_150' title='bbox 487 1734 623 1773; x_wconf 87' lang='lat' dir='ltr'><strong>mansura</strong></span> <span class='ocrx_word' id='word_1_151' title='bbox 644 1721 672 1773; x_wconf 89' lang='lat' dir='ltr'><strong>iu</strong></span> <span class='ocrx_word' id='word_1_152' title='bbox 687 1724 859 1789; x_wconf 83' lang='lat' dir='ltr'><strong>perpetuum</strong></span> <span class='ocrx_word' id='word_1_153' title='bbox 881 1719 997 1772; x_wconf 86' lang='lat' dir='ltr'><strong>decreto</strong></span> <span class='ocrx_word' id='word_1_154' title='bbox 1011 1719 1161 1788; x_wconf 80' lang='lat' dir='ltr'><strong>firmamus</strong></span> <span class='ocrx_word' id='word_1_155' title='bbox 1176 1716 1224 1789; x_wconf 89' lang='lat' dir='ltr'><strong>(et)</strong></span> <span class='ocrx_word' id='word_1_156' title='bbox 1241 1720 1336 1772; x_wconf 87' lang='lat' dir='ltr'><strong>sanci·</strong></span> 
     </span>
     <span class='ocr_line' id='line_1_17' title="bbox 109 1804 1343 1876; baseline -0.003 -16"><span class='ocrx_word' id='word_1_157' title='bbox 109 1821 134 1873; x_wconf 79' lang='lat' dir='ltr'><strong>s,</strong></span> <span class='ocrx_word' id='word_1_158' title='bbox 156 1811 190 1859; x_wconf 89' lang='lat' dir='ltr'><strong>ut</strong></span> <span class='ocrx_word' id='word_1_159' title='bbox 205 1811 264 1858; x_wconf 87' lang='lat' dir='ltr'><strong>tam</strong></span> <span class='ocrx_word' id='word_1_160' title='bbox 280 1811 310 1859; x_wconf 89' lang='lat' dir='ltr'><strong>tu</strong></span> <span class='ocrx_word' id='word_1_161' title='bbox 326 1821 410 1876; x_wconf 86' lang='lat' dir='ltr'><strong>quam</strong></span> <span class='ocrx_word' id='word_1_162' title='bbox 426 1806 468 1859; x_wconf 89' lang='lat' dir='ltr'><strong>tui</strong></span> <span class='ocrx_word' id='word_1_163' title='bbox 481 1804 617 1873; x_wconf 85' lang='lat' dir='ltr'><strong>deinceps</strong></span> <span class='ocrx_word' id='word_1_164' title='bbox 631 1819 816 1858; x_wconf 87' lang='lat' dir='ltr'><strong>successores</strong></span> <span class='ocrx_word' id='word_1_165' title='bbox 837 1804 910 1857; x_wconf 85' lang='lat' dir='ltr'><strong>nulli</strong></span> <span class='ocrx_word' id='word_1_166' title='bbox 923 1804 1141 1873; x_wconf 86' lang='lat' dir='ltr'><strong>metropolitano</strong></span> <span class='ocrx_word' id='word_1_167' title='bbox 1157 1817 1208 1858; x_wconf 89' lang='lat' dir='ltr'><strong>scu</strong></span> <span class='ocrx_word' id='word_1_168' title='bbox 1220 1805 1343 1873; x_wconf 86' lang='lat' dir='ltr'><strong>primati</strong></span> 
     </span>
     <span class='ocr_line' id='line_1_18' title="bbox 109 1888 1339 1960; baseline -0.002 -17"><span class='ocrx_word' id='word_1_169' title='bbox 109 1895 192 1944; x_wconf 77' lang='lat' dir='ltr'><strong>teter</strong></span> <span class='ocrx_word' id='word_1_170' title='bbox 204 1889 365 1945; x_wconf 83' lang='lat' dir='ltr'><strong>Romanum</strong></span> <span class='ocrx_word' id='word_1_171' title='bbox 377 1890 542 1960; x_wconf 76' lang='lat' dir='ltr'><strong>pontificem</strong></span> <span class='ocrx_word' id='word_1_172' title='bbox 558 1888 683 1958; x_wconf 84' lang='lat' dir='ltr'><strong>sabjecti</strong></span> <span class='ocrx_word' id='word_1_173' title='bbox 697 1890 759 1943; x_wconf 90' lang='lat' dir='ltr'><strong>sitis</strong></span> <span class='ocrx_word' id='word_1_174' title='bbox 775 1889 817 1943; x_wconf 86' lang='lat' dir='ltr'><strong>uel</strong></span> <span class='ocrx_word' id='word_1_175' title='bbox 833 1888 1019 1942; x_wconf 83' lang='lat' dir='ltr'><strong>obedientiam</strong></span> <span class='ocrx_word' id='word_1_176' title='bbox 1036 1888 1173 1943; x_wconf 79' lang='lat' dir='ltr'><strong>exhibere</strong></span> <span class='ocrx_word' id='word_1_177' title='bbox 1189 1890 1339 1959; x_wconf 63' lang='lat' dir='ltr'><strong>cogamini.</strong></span> 
     </span>
     <span class='ocr_line' id='line_1_19' title="bbox 120 1974 1338 2047; baseline -0.002 -19"><span class='ocrx_word' id='word_1_178' title='bbox 120 1975 272 2043; x_wconf 67' lang='lat' dir='ltr'><strong>majorem</strong></span> <span class='ocrx_word' id='word_1_179' title='bbox 293 1989 404 2047; x_wconf 83' lang='lat' dir='ltr'><strong>quaque</strong></span> <span class='ocrx_word' id='word_1_180' title='bbox 426 1976 567 2029; x_wconf 87' lang='lat' dir='ltr'><strong>ecciesiae</strong></span> <span class='ocrx_word' id='word_1_181' title='bbox 587 1975 678 2043; x_wconf 84' lang='lat' dir='ltr'><strong>ipsius</strong></span> <span class='ocrx_word' id='word_1_182' title='bbox 699 1979 874 2028; x_wconf 85' lang='lat' dir='ltr'><strong>venustatem</strong></span> <span class='ocrx_word' id='word_1_183' title='bbox 896 1980 923 2028; x_wconf 89' lang='lat' dir='ltr'><strong>et</strong></span> <span class='ocrx_word' id='word_1_184' title='bbox 941 1987 1086 2043; x_wconf 87' lang='lat' dir='ltr'><strong>personae</strong></span> <span class='ocrx_word' id='word_1_185' title='bbox 1108 1979 1175 2028; x_wconf 89' lang='lat' dir='ltr'><strong>tuae</strong></span> <span class='ocrx_word' id='word_1_186' title='bbox 1196 1974 1338 2034; x_wconf 85' lang='lat' dir='ltr'><strong>decorem,</strong></span> 
     </span>
     <span class='ocr_line' id='line_1_20' title="bbox 109 2059 1340 2130; baseline -0.002 -17"><span class='ocrx_word' id='word_1_187' title='bbox 109 2076 157 2113; x_wconf 81' lang='lat' dir='ltr'><strong>rm</strong></span> <span class='ocrx_word' id='word_1_188' title='bbox 170 2073 228 2127; x_wconf 84' lang='lat' dir='ltr'><strong>per</strong></span> <span class='ocrx_word' id='word_1_189' title='bbox 243 2065 320 2114; x_wconf 88' lang='lat' dir='ltr'><strong>tuam</strong></span> <span class='ocrx_word' id='word_1_190' title='bbox 333 2060 513 2130; x_wconf 86' lang='lat' dir='ltr'><strong>prouinciam</strong></span> <span class='ocrx_word' id='word_1_191' title='bbox 533 2059 645 2113; x_wconf 85' lang='lat' dir='ltr'><strong>deloco</strong></span> <span class='ocrx_word' id='word_1_192' title='bbox 668 2059 707 2112; x_wconf 89' lang='lat' dir='ltr'><strong>ad</strong></span> <span class='ocrx_word' id='word_1_193' title='bbox 718 2059 813 2113; x_wconf 86' lang='lat' dir='ltr'><strong>locum</strong></span> <span class='ocrx_word' id='word_1_194' title='bbox 829 2065 855 2112; x_wconf 88' lang='lat' dir='ltr'><strong>te</strong></span> <span class='ocrx_word' id='word_1_195' title='bbox 869 2060 913 2112; x_wconf 87' lang='lat' dir='ltr'><strong>ire</strong></span> <span class='ocrx_word' id='word_1_196' title='bbox 930 2060 1087 2130; x_wconf 78' lang='lat' dir='ltr'><strong>eontiperit,</strong></span> <span class='ocrx_word' id='word_1_197' title='bbox 1112 2064 1139 2112; x_wconf 89' lang='lat' dir='ltr'><strong>et</strong></span> <span class='ocrx_word' id='word_1_198' title='bbox 1154 2059 1340 2128; x_wconf 87' lang='lat' dir='ltr'><strong>pertransire</strong></span> 
     </span>
     <span class='ocr_line' id='line_1_21' title="bbox 109 2143 1340 2215; baseline -0.002 -17"><span class='ocrx_word' id='word_1_199' title='bbox 109 2159 145 2198; x_wconf 80' lang='lat' dir='ltr'><strong>rs</strong></span> <span class='ocrx_word' id='word_1_200' title='bbox 160 2146 329 2212; x_wconf 81' lang='lat' dir='ltr'><strong>prouincias</strong></span> <span class='ocrx_word' id='word_1_201' title='bbox 343 2158 394 2199; x_wconf 82' lang='lat' dir='ltr'><strong>seu</strong></span> <span class='ocrx_word' id='word_1_202' title='bbox 409 2144 474 2199; x_wconf 87' lang='lat' dir='ltr'><strong>loca</strong></span> <span class='ocrx_word' id='word_1_203' title='bbox 491 2157 609 2198; x_wconf 87' lang='lat' dir='ltr'><strong>necesse</strong></span> <span class='ocrx_word' id='word_1_204' title='bbox 624 2143 768 2211; x_wconf 86' lang='lat' dir='ltr'><strong>habueris,</strong></span> <span class='ocrx_word' id='word_1_205' title='bbox 786 2157 911 2212; x_wconf 89' lang='lat' dir='ltr'><strong>crucem,</strong></span> <span class='ocrx_word' id='word_1_206' title='bbox 925 2159 1010 2215; x_wconf 82' lang='lat' dir='ltr'><strong>quam</strong></span> <span class='ocrx_word' id='word_1_207' title='bbox 1024 2156 1064 2197; x_wconf 81' lang='lat' dir='ltr'><strong>ea</strong></span> <span class='ocrx_word' id='word_1_208' title='bbox 1074 2143 1340 2213; x_wconf 84' lang='lat' dir='ltr'><strong>apostolicaesedis</strong></span> 
     </span>
     <span class='ocr_line' id='line_1_22' title="bbox 109 2225 1341 2300; baseline -0.002 -18"><span class='ocrx_word' id='word_1_209' title='bbox 109 2229 258 2283; x_wconf 68' lang='lat' dir='ltr'><strong>missione</strong></span> <span class='ocrx_word' id='word_1_210' title='bbox 278 2236 346 2284; x_wconf 84' lang='lat' dir='ltr'><strong>ante</strong></span> <span class='ocrx_word' id='word_1_211' title='bbox 367 2235 393 2282; x_wconf 87' lang='lat' dir='ltr'><strong>te</strong></span> <span class='ocrx_word' id='word_1_212' title='bbox 414 2229 566 2300; x_wconf 81' lang='lat' dir='ltr'><strong>bajulans,</strong></span> <span class='ocrx_word' id='word_1_213' title='bbox 595 2228 645 2282; x_wconf 89' lang='lat' dir='ltr'><strong>tibi</strong></span> <span class='ocrx_word' id='word_1_214' title='bbox 665 2230 777 2299; x_wconf 85' lang='lat' dir='ltr'><strong>tuisque</strong></span> <span class='ocrx_word' id='word_1_215' title='bbox 798 2227 1015 2283; x_wconf 87' lang='lat' dir='ltr'><strong>successoribus</strong></span> <span class='ocrx_word' id='word_1_216' title='bbox 1036 2230 1169 2284; x_wconf 84' lang='lat' dir='ltr'><strong>continue</strong></span> <span class='ocrx_word' id='word_1_217' title='bbox 1189 2225 1341 2297; x_wconf 79' lang='lat' dir='ltr'><strong>deferendi</strong></span> 
     </span>
     <span class='ocr_line' id='line_1_23' title="bbox 109 2310 1339 2387; baseline -0.001 -21"><span class='ocrx_word' id='word_1_218' title='bbox 109 2313 216 2366; x_wconf 85' lang='lat' dir='ltr'><strong>entiam</strong></span> <span class='ocrx_word' id='word_1_219' title='bbox 230 2315 417 2387; x_wconf 80' lang='lat' dir='ltr'><strong>indutpemus.</strong></span> <span class='ocrx_word' id='word_1_220' title='bbox 450 2312 583 2384; x_wconf 82' lang='lat' dir='ltr'><strong>Nultique</strong></span> <span class='ocrx_word' id='word_1_221' title='bbox 597 2313 740 2368; x_wconf 86' lang='lat' dir='ltr'><strong>dominum</strong></span> <span class='ocrx_word' id='word_1_222' title='bbox 752 2310 804 2382; x_wconf 83' lang='lat' dir='ltr'><strong>sas</strong></span> <span class='ocrx_word' id='word_1_223' title='bbox 819 2315 854 2367; x_wconf 91' lang='lat' dir='ltr'><strong>sit</strong></span> <span class='ocrx_word' id='word_1_224' title='bbox 871 2319 924 2367; x_wconf 89' lang='lat' dir='ltr'><strong>etc.</strong></span> <span class='ocrx_word' id='word_1_225' title='bbox 954 2312 1000 2367; x_wconf 79' lang='lat' dir='ltr'><strong>Ad</strong></span> <span class='ocrx_word' id='word_1_226' title='bbox 1012 2313 1147 2368; x_wconf 87' lang='lat' dir='ltr'><strong>indicium</strong></span> <span class='ocrx_word' id='word_1_227' title='bbox 1162 2317 1258 2367; x_wconf 85' lang='lat' dir='ltr'><strong>autern</strong></span> <span class='ocrx_word' id='word_1_228' title='bbox 1268 2325 1339 2383; x_wconf 86' lang='lat' dir='ltr'><strong>per·</strong></span> 
     </span>
     <span class='ocr_line' id='line_1_24' title="bbox 109 2395 1339 2469; baseline 0 -18"><span class='ocrx_word' id='word_1_229' title='bbox 109 2403 179 2451; x_wconf 78' lang='lat' dir='ltr'><strong>otae</strong></span> <span class='ocrx_word' id='word_1_230' title='bbox 192 2395 278 2469; x_wconf 86' lang='lat' dir='ltr'><strong>bajus</strong></span> <span class='ocrx_word' id='word_1_231' title='bbox 293 2417 311 2454; x_wconf 90' lang='lat' dir='ltr'><strong>a</strong></span> <span class='ocrx_word' id='word_1_232' title='bbox 328 2400 394 2454; x_wconf 88' lang='lat' dir='ltr'><strong>sede</strong></span> <span class='ocrx_word' id='word_1_233' title='bbox 410 2399 568 2468; x_wconf 86' lang='lat' dir='ltr'><strong>apostolica</strong></span> <span class='ocrx_word' id='word_1_234' title='bbox 583 2398 725 2452; x_wconf 81' lang='lat' dir='ltr'><strong>libertatis</strong></span> <span class='ocrx_word' id='word_1_235' title='bbox 746 2415 832 2453; x_wconf 86' lang='lat' dir='ltr'><strong>unam</strong></span> <span class='ocrx_word' id='word_1_236' title='bbox 854 2401 923 2452; x_wconf 88' lang='lat' dir='ltr'><strong>auri</strong></span> <span class='ocrx_word' id='word_1_237' title='bbox 935 2413 1065 2452; x_wconf 86' lang='lat' dir='ltr'><strong>marcam</strong></span> <span class='ocrx_word' id='word_1_238' title='bbox 1081 2398 1161 2453; x_wconf 84' lang='lat' dir='ltr'><strong>nobis</strong></span> <span class='ocrx_word' id='word_1_239' title='bbox 1176 2399 1339 2469; x_wconf 82' lang='lat' dir='ltr'><strong>nostrisque</strong></span> 
     </span>
     <span class='ocr_line' id='line_1_25' title="bbox 109 2481 1024 2555; baseline 0.004 -22"><span class='ocrx_word' id='word_1_240' title='bbox 109 2484 291 2538; x_wconf 84' lang='lat' dir='ltr'><strong>ccessaribus</strong></span> <span class='ocrx_word' id='word_1_241' title='bbox 306 2487 390 2539; x_wconf 87' lang='lat' dir='ltr'><strong>annis</strong></span> <span class='ocrx_word' id='word_1_242' title='bbox 405 2485 523 2554; x_wconf 82' lang='lat' dir='ltr'><strong>sinputis</strong></span> <span class='ocrx_word' id='word_1_243' title='bbox 535 2485 719 2553; x_wconf 82' lang='lat' dir='ltr'><strong>persolvatis.</strong></span> <span class='ocrx_word' id='word_1_244' title='bbox 750 2481 782 2537; x_wconf 91' lang='lat' dir='ltr'><strong>Si</strong></span> <span class='ocrx_word' id='word_1_245' title='bbox 795 2500 853 2555; x_wconf 85' lang='lat' dir='ltr'><strong>qua</strong></span> <span class='ocrx_word' id='word_1_246' title='bbox 869 2485 954 2555; x_wconf 79' lang='lat' dir='ltr'><strong>ipitur</strong></span> <span class='ocrx_word' id='word_1_247' title='bbox 970 2489 1024 2538; x_wconf 89' lang='lat' dir='ltr'><strong>etc.</strong></span> 
     </span>
    </p>

    <p class='ocr_par' dir='ltr' id='par_1_4' title="bbox 109 2560 1339 2810">
     <span class='ocr_line' id='line_1_26' title="bbox 155 2560 1339 2640; baseline 0.005 -25"><span class='ocrx_word' id='word_1_248' title='bbox 155 2560 198 2616; x_wconf 87' lang='lat' dir='ltr'><strong>lta</strong></span> <span class='ocrx_word' id='word_1_249' title='bbox 211 2565 394 2623; x_wconf 84' lang='lat' dir='ltr'><strong>Valbceliauus</strong></span> <span class='ocrx_word' id='word_1_250' title='bbox 409 2567 438 2622; x_wconf 81' lang='lat' dir='ltr'><strong>C.</strong></span> <span class='ocrx_word' id='word_1_251' title='bbox 452 2566 500 2629; x_wconf 79' lang='lat'><strong>23.</strong></span> <span class='ocrx_word' id='word_1_252' title='bbox 522 2565 606 2622; x_wconf 73' lang='lat' dir='ltr'><strong>codex</strong></span> <span class='ocrx_word' id='word_1_253' title='bbox 626 2566 726 2622; x_wconf 88' lang='lat' dir='ltr'><strong>saeculi</strong></span> <span class='ocrx_word' id='word_1_254' title='bbox 741 2564 797 2621; x_wconf 90' lang='lat' dir='ltr'><strong>XVl</strong></span> <span class='ocrx_word' id='word_1_255' title='bbox 819 2567 988 2629; x_wconf 83' lang='lat' dir='ltr'><strong>chartaceus,</strong></span> <span class='ocrx_word' id='word_1_256' title='bbox 1010 2567 1198 2622; x_wconf 86' lang='lat' dir='ltr'><strong>collectionem</strong></span> <span class='ocrx_word' id='word_1_257' title='bbox 1218 2564 1339 2640; x_wconf 78' lang='lat' dir='ltr'><strong>synodo·</strong></span> 
     </span>
     <span class='ocr_line' id='line_1_27' title="bbox 109 2647 1338 2725; baseline 0.007 -28"><span class='ocrx_word' id='word_1_258' title='bbox 109 2660 127 2697; x_wconf 87' lang='lat' dir='ltr'><strong>rr</strong></span> <span class='ocrx_word' id='word_1_259' title='bbox 141 2653 174 2700; x_wconf 86' lang='lat' dir='ltr'><strong>et</strong></span> <span class='ocrx_word' id='word_1_260' title='bbox 191 2647 361 2708; x_wconf 82' lang='lat' dir='ltr'><strong>decretalium</strong></span> <span class='ocrx_word' id='word_1_261' title='bbox 376 2653 527 2708; x_wconf 86' lang='lat' dir='ltr'><strong>continens.</strong></span> <span class='ocrx_word' id='word_1_262' title='bbox 558 2652 643 2706; x_wconf 82' lang='lat' dir='ltr'><strong>&#39;lotus</strong></span> <span class='ocrx_word' id='word_1_263' title='bbox 665 2653 751 2725; x_wconf 89' lang='lat' dir='ltr'><strong>primo</strong></span> <span class='ocrx_word' id='word_1_264' title='bbox 774 2653 830 2707; x_wconf 84' lang='lat' dir='ltr'><strong>visu</strong></span> <span class='ocrx_word' id='word_1_265' title='bbox 852 2660 995 2708; x_wconf 79' lang='lat' dir='ltr'><strong>contentus</strong></span> <span class='ocrx_word' id='word_1_266' title='bbox 1012 2651 1144 2714; x_wconf 87' lang='lat' dir='ltr'><strong>ostendit,</strong></span> <span class='ocrx_word' id='word_1_267' title='bbox 1167 2652 1300 2707; x_wconf 81' lang='lat' dir='ltr'><strong>Anastasii</strong></span> <span class='ocrx_word' id='word_1_268' title='bbox 1317 2651 1338 2705; x_wconf 92' lang='lat' dir='ltr'><strong>li</strong></span> 
     </span>
     <span class='ocr_line' id='line_1_28' title="bbox 109 2724 1281 2810; baseline 0.01 -30"><span class='ocrx_word' id='word_1_269' title='bbox 109 2724 178 2784; x_wconf 83' lang='lat' dir='ltr'><strong>idern</strong></span> <span class='ocrx_word' id='word_1_270' title='bbox 192 2749 290 2794; x_wconf 89' lang='lat' dir='ltr'><strong>nomen</strong></span> <span class='ocrx_word' id='word_1_271' title='bbox 305 2735 342 2792; x_wconf 90' lang='lat' dir='ltr'><strong>ibi</strong></span> <span class='ocrx_word' id='word_1_272' title='bbox 359 2736 426 2792; x_wconf 90' lang='lat' dir='ltr'><strong>laiso</strong></span> <span class='ocrx_word' id='word_1_273' title='bbox 441 2734 561 2810; x_wconf 75' lang='lat' dir='ltr'><strong>praefigi,</strong></span> <span class='ocrx_word' id='word_1_274' title='bbox 578 2753 660 2810; x_wconf 91' lang='lat' dir='ltr'><strong>quum</strong></span> <span class='ocrx_word' id='word_1_275' title='bbox 676 2738 717 2791; x_wconf 80' lang='lat' dir='ltr'><strong>via</strong></span> <span class='ocrx_word' id='word_1_276' title='bbox 734 2735 843 2792; x_wconf 89' lang='lat' dir='ltr'><strong>verbum</strong></span> <span class='ocrx_word' id='word_1_277' title='bbox 859 2737 944 2792; x_wconf 90' lang='lat' dir='ltr'><strong>ullum</strong></span> <span class='ocrx_word' id='word_1_278' title='bbox 959 2735 1017 2808; x_wconf 88' lang='lat' dir='ltr'><strong>ejus</strong></span> <span class='ocrx_word' id='word_1_279' title='bbox 1033 2738 1114 2793; x_wconf 87' lang='lat' dir='ltr'><strong>aetati</strong></span> <span class='ocrx_word' id='word_1_280' title='bbox 1129 2737 1281 2793; x_wconf 86' lang='lat' dir='ltr'><strong>conveniat.</strong></span> 
     </span>
    </p>
   </div>
   <div class='ocr_carea' id='block_1_3' title="bbox 218 3369 1186 3714">
    <p class='ocr_par' dir='ltr' id='par_1_5' title="bbox 218 3369 1186 3714">
     <span class='ocr_line' id='line_1_29' title="bbox 360 3369 1047 3512; baseline -0.003 -17"><span class='ocrx_word' id='word_1_281' title='bbox 360 3395 403 3495; x_wconf 83' lang='lat' dir='ltr'><strong>s.</strong></span> <span class='ocrx_word' id='word_1_282' title='bbox 431 3395 793 3512; x_wconf 79' lang='lat' dir='ltr'><strong>SYttmtAOHI</strong></span> <span class='ocrx_word' id='word_1_283' title='bbox 823 3369 1047 3494; x_wconf 72' lang='lat' dir='ltr'><strong>aaran</strong></span> 
     </span>
     <span class='ocr_line' id='line_1_30' title="bbox 218 3601 1186 3714; baseline 0.003 -3"><span class='ocrx_word' id='word_1_284' title='bbox 218 3601 637 3713; x_wconf 79' lang='lat' dir='ltr'><strong>EPISTOLAE</strong></span> <span class='ocrx_word' id='word_1_285' title='bbox 682 3604 777 3713; x_wconf 84' lang='grc' dir='ltr'><strong>ΕΤ</strong></span> <span class='ocrx_word' id='word_1_286' title='bbox 817 3603 1186 3714; x_wconf 79' lang='lat' dir='ltr'><strong>DECRETA.</strong></span> 
     </span>
    </p>
   </div>
   <div class='ocr_carea' id='block_1_4' title="bbox 632 3971 774 4055">
    <p class='ocr_par' dir='ltr' id='par_1_6' title="bbox 632 3971 774 4055">
     <span class='ocr_line' id='line_1_31' title="bbox 632 3971 774 4055; baseline 0.007 -1"><span class='ocrx_word' id='word_1_287' title='bbox 632 3971 774 4055; x_wconf 80' lang='lat' dir='ltr'><strong>vita.</strong></span> 
     </span>
    </p>
   </div>
   <div class='ocr_carea' id='block_1_5' title="bbox 109 4132 1335 4993">
    <p class='ocr_par' dir='ltr' id='par_1_7' title="bbox 109 4132 1335 4993">
     <span class='ocr_line' id='line_1_32' title="bbox 143 4132 1335 4225; baseline 0.002 -20"><span class='ocrx_word' id='word_1_288' title='bbox 143 4132 179 4191; x_wconf 70' lang='lat'><strong>1-</strong></span> <span class='ocrx_word' id='word_1_289' title='bbox 217 4148 391 4223; x_wconf 77' lang='lat' dir='ltr'><strong>Symmachus</strong></span> <span class='ocrx_word' id='word_1_290' title='bbox 406 4165 486 4223; x_wconf 90' lang='lat' dir='ltr'><strong>papa,</strong></span> <span class='ocrx_word' id='word_1_291' title='bbox 510 4165 578 4204; x_wconf 91' lang='lat' dir='ltr'><strong>unus</strong></span> <span class='ocrx_word' id='word_1_292' title='bbox 600 4166 630 4204; x_wconf 83' lang='lat' dir='ltr'><strong>en</strong></span> <span class='ocrx_word' id='word_1_293' title='bbox 653 4148 771 4204; x_wconf 90' lang='lat' dir='ltr'><strong>diaconis</strong></span> <span class='ocrx_word' id='word_1_294' title='bbox 787 4149 919 4205; x_wconf 87' lang='lat' dir='ltr'><strong>Romanae</strong></span> <span class='ocrx_word' id='word_1_295' title='bbox 935 4150 1075 4212; x_wconf 88' lang='lat' dir='ltr'><strong>ecclesiae,</strong></span> <span class='ocrx_word' id='word_1_296' title='bbox 1103 4168 1118 4206; x_wconf 87' lang='lat' dir='ltr'><strong>a</strong></span> <span class='ocrx_word' id='word_1_297' title='bbox 1139 4150 1239 4222; x_wconf 88' lang='lat' dir='ltr'><strong>majore</strong></span> <span class='ocrx_word' id='word_1_298' title='bbox 1258 4159 1335 4225; x_wconf 90' lang='lat' dir='ltr'><strong>parte</strong></span> 
     </span>
     <span class='ocr_line' id='line_1_33' title="bbox 109 4220 1335 4309; baseline 0.003 -22"><span class='ocrx_word' id='word_1_299' title='bbox 109 4220 295 4309; x_wconf 49' lang='lat' dir='ltr'><strong>&amp;episcopus</strong></span> <span class='ocrx_word' id='word_1_300' title='bbox 312 4243 454 4308; x_wconf 86' lang='lat' dir='ltr'><strong>cooptatus</strong></span> <span class='ocrx_word' id='word_1_301' title='bbox 471 4243 551 4308; x_wconf 89' lang='lat' dir='ltr'><strong>atque</strong></span> <span class='ocrx_word' id='word_1_302' title='bbox 566 4234 696 4291; x_wconf 79' lang='lat' dir='ltr'><strong>anni498</strong></span> <span class='ocrx_word' id='word_1_303' title='bbox 713 4233 991 4290; x_wconf 79' lang='lat' dir='ltr'><strong>dicb&#39;itilNovenrbris</strong></span> <span class='ocrx_word' id='word_1_304' title='bbox 1008 4235 1147 4291; x_wconf 90' lang='lat' dir='ltr'><strong>ordinatus</strong></span> <span class='ocrx_word' id='word_1_305' title='bbox 1163 4244 1214 4292; x_wconf 85' lang='lat' dir='ltr'><strong>est,</strong></span> <span class='ocrx_word' id='word_1_306' title='bbox 1240 4235 1335 4291; x_wconf 87' lang='lat' dir='ltr'><strong>Narrat</strong></span> 
     </span>
     <span class='ocr_line' id='line_1_34' title="bbox 109 4301 1333 4394; baseline 0.005 -24"><span class='ocrx_word' id='word_1_307' title='bbox 109 4301 233 4384; x_wconf 62' lang='lat' dir='ltr'><strong>‚eudorus</strong></span> <span class='ocrx_word' id='word_1_308' title='bbox 247 4319 334 4376; x_wconf 90' lang='lat' dir='ltr'><strong>lector</strong></span> <span class='ocrx_word' id='word_1_309' title='bbox 349 4319 381 4374; x_wconf 88' lang='lat' dir='ltr'><strong>il.</strong></span> <span class='ocrx_word' id='word_1_310' title='bbox 398 4319 427 4374; x_wconf 86' lang='lat' dir='ltr'><strong>E.</strong></span> <span class='ocrx_word' id='word_1_311' title='bbox 444 4319 488 4375; x_wconf 92' lang='lat' dir='ltr'><strong>lib.</strong></span> <span class='ocrx_word' id='word_1_312' title='bbox 506 4319 527 4374; x_wconf 95' lang='lat' dir='ltr'><strong>ll</strong></span> <span class='ocrx_word' id='word_1_313' title='bbox 542 4337 603 4393; x_wconf 84' lang='lat' dir='ltr'><strong>pag.</strong></span> <span class='ocrx_word' id='word_1_314' title='bbox 618 4320 688 4381; x_wconf 82' lang='lat'><strong>560,</strong></span> <span class='ocrx_word' id='word_1_315' title='bbox 711 4319 819 4374; x_wconf 81' lang='lat' dir='ltr'><strong>Festum</strong></span> <span class='ocrx_word' id='word_1_316' title='bbox 836 4320 975 4393; x_wconf 88' lang='lat' dir='ltr'><strong>patricium</strong></span> <span class='ocrx_word' id='word_1_317' title='bbox 997 4327 1078 4394; x_wconf 91' lang='lat' dir='ltr'><strong>atque</strong></span> <span class='ocrx_word' id='word_1_318' title='bbox 1092 4329 1243 4377; x_wconf 89' lang='lat' dir='ltr'><strong>senatorem</strong></span> <span class='ocrx_word' id='word_1_319' title='bbox 1260 4319 1333 4376; x_wconf 89' lang='lat' dir='ltr'><strong>urbis</strong></span> 
     </span>
     <span class='ocr_line' id='line_1_35' title="bbox 109 4396 1332 4479; baseline 0 -18"><span class='ocrx_word' id='word_1_320' title='bbox 109 4396 318 4473; x_wconf 62' lang='lat' dir='ltr'><strong>„metaurum</strong></span> <span class='ocrx_word' id='word_1_321' title='bbox 333 4406 487 4478; x_wconf 89' lang='lat' dir='ltr'><strong>imperatori</strong></span> <span class='ocrx_word' id='word_1_322' title='bbox 501 4405 568 4460; x_wconf 88' lang='lat' dir='ltr'><strong>ciam</strong></span> <span class='ocrx_word' id='word_1_323' title='bbox 584 4404 733 4477; x_wconf 87' lang='lat' dir='ltr'><strong>pollicitum</strong></span> <span class='ocrx_word' id='word_1_324' title='bbox 749 4421 817 4467; x_wconf 87' lang='lat' dir='ltr'><strong>esse,</strong></span> <span class='ocrx_word' id='word_1_325' title='bbox 835 4407 976 4460; x_wconf 76' lang='lat' dir='ltr'><strong>Anastasio</strong></span> <span class='ocrx_word' id='word_1_326' title='bbox 991 4420 1074 4479; x_wconf 89' lang='lat' dir='ltr'><strong>papae</strong></span> <span class='ocrx_word' id='word_1_327' title='bbox 1089 4422 1118 4461; x_wconf 90' lang='lat' dir='ltr'><strong>se</strong></span> <span class='ocrx_word' id='word_1_328' title='bbox 1131 4422 1332 4479; x_wconf 84' lang='lat' dir='ltr'><strong>persuasurum,</strong></span> 
     </span>
     <span class='ocr_line' id='line_1_36' title="bbox 109 4473 1334 4563; baseline 0.002 -20"><span class='ocrx_word' id='word_1_329' title='bbox 109 4473 231 4563; x_wconf 48' lang='lat' dir='ltr'><strong>‘bitinia</strong></span> <span class='ocrx_word' id='word_1_330' title='bbox 246 4491 372 4546; x_wconf 87' lang='lat' dir='ltr'><strong>henotico</strong></span> <span class='ocrx_word' id='word_1_331' title='bbox 388 4489 581 4553; x_wconf 89' lang='lat' dir='ltr'><strong>subscriberet;</strong></span> <span class='ocrx_word' id='word_1_332' title='bbox 604 4489 651 4544; x_wconf 91' lang='lat' dir='ltr'><strong>scd</strong></span> <span class='ocrx_word' id='word_1_333' title='bbox 672 4506 754 4563; x_wconf 88' lang='lat' dir='ltr'><strong>quum</strong></span> <span class='ocrx_word' id='word_1_334' title='bbox 770 4489 879 4544; x_wconf 83' lang='lat' dir='ltr'><strong>Romam</strong></span> <span class='ocrx_word' id='word_1_335' title='bbox 899 4489 1006 4546; x_wconf 86' lang='lat' dir='ltr'><strong>rediens</strong></span> <span class='ocrx_word' id='word_1_336' title='bbox 1029 4491 1100 4545; x_wconf 92' lang='lat' dir='ltr'><strong>huuc</strong></span> <span class='ocrx_word' id='word_1_337' title='bbox 1119 4489 1276 4546; x_wconf 79' lang='lat' dir='ltr'><strong>defunctum</strong></span> <span class='ocrx_word' id='word_1_338' title='bbox 1292 4507 1334 4546; x_wconf 91' lang='lat' dir='ltr'><strong>re·</strong></span> 
     </span>
     <span class='ocr_line' id='line_1_37' title="bbox 109 4566 1333 4658; baseline 0.001 -28"><span class='ocrx_word' id='word_1_339' title='bbox 109 4566 209 4658; x_wconf 52' lang='lat' dir='ltr'><strong>flur,</strong></span> <span class='ocrx_word' id='word_1_340' title='bbox 222 4575 311 4630; x_wconf 88' lang='lat' dir='ltr'><strong>multis</strong></span> <span class='ocrx_word' id='word_1_341' title='bbox 327 4577 439 4648; x_wconf 86' lang='lat' dir='ltr'><strong>pecunia</strong></span> <span class='ocrx_word' id='word_1_342' title='bbox 454 4576 588 4648; x_wconf 88' lang='lat' dir='ltr'><strong>corruptis</strong></span> <span class='ocrx_word' id='word_1_343' title='bbox 604 4591 712 4647; x_wconf 84' lang='lat' dir='ltr'><strong>operam</strong></span> <span class='ocrx_word' id='word_1_344' title='bbox 728 4573 845 4636; x_wconf 89' lang='lat' dir='ltr'><strong>dedisse,</strong></span> <span class='ocrx_word' id='word_1_345' title='bbox 868 4582 898 4629; x_wconf 91' lang='lat' dir='ltr'><strong>ut</strong></span> <span class='ocrx_word' id='word_1_346' title='bbox 913 4592 961 4648; x_wconf 89' lang='lat' dir='ltr'><strong>per</strong></span> <span class='ocrx_word' id='word_1_347' title='bbox 975 4575 1089 4630; x_wconf 88' lang='lat' dir='ltr'><strong>schisma</strong></span> <span class='ocrx_word' id='word_1_348' title='bbox 1104 4575 1265 4650; x_wconf 81' lang='lat' dir='ltr'><strong>eligeretur,</strong></span> <span class='ocrx_word' id='word_1_349' title='bbox 1287 4577 1333 4649; x_wconf 90' lang='lat' dir='ltr'><strong>qui</strong></span> 
     </span>
     <span class='ocr_line' id='line_1_38' title="bbox 109 4652 1333 4744; baseline 0.005 -34"><span class='ocrx_word' id='word_1_350' title='bbox 109 4652 236 4744; x_wconf 51' lang='lat' dir='ltr'><strong>,sedatum</strong></span> <span class='ocrx_word' id='word_1_351' title='bbox 251 4660 407 4716; x_wconf 88' lang='lat' dir='ltr'><strong>henoticum</strong></span> <span class='ocrx_word' id='word_1_352' title='bbox 428 4659 625 4733; x_wconf 88' lang='lat' dir='ltr'><strong>subscriptione</strong></span> <span class='ocrx_word' id='word_1_353' title='bbox 646 4676 694 4714; x_wconf 89' lang='lat' dir='ltr'><strong>sua</strong></span> <span class='ocrx_word' id='word_1_354' title='bbox 714 4666 801 4714; x_wconf 89' lang='lat' dir='ltr'><strong>ratum</strong></span> <span class='ocrx_word' id='word_1_355' title='bbox 823 4659 931 4714; x_wconf 86' lang='lat' dir='ltr'><strong>luceret.</strong></span> <span class='ocrx_word' id='word_1_356' title='bbox 977 4659 1106 4727; x_wconf 80' lang='lat' dir='ltr'><strong>Quocirca</strong></span> <span class='ocrx_word' id='word_1_357' title='bbox 1128 4668 1157 4715; x_wconf 90' lang='lat' dir='ltr'><strong>ut</strong></span> <span class='ocrx_word' id='word_1_358' title='bbox 1172 4659 1333 4716; x_wconf 86' lang='lat' dir='ltr'><strong>Laurentius</strong></span> 
     </span>
     <span class='ocr_line' id='line_1_39' title="bbox 109 4741 1333 4828; baseline 0.001 -28"><span class='ocrx_word' id='word_1_359' title='bbox 109 4741 179 4828; x_wconf 49' lang='lat' dir='ltr'><strong>„bn</strong></span> <span class='ocrx_word' id='word_1_360' title='bbox 190 4741 233 4808; x_wconf 88' lang='lat' dir='ltr'><strong>die,</strong></span> <span class='ocrx_word' id='word_1_361' title='bbox 253 4763 308 4820; x_wconf 88' lang='lat' dir='ltr'><strong>quo</strong></span> <span class='ocrx_word' id='word_1_362' title='bbox 325 4744 508 4817; x_wconf 75' lang='lat' dir='ltr'><strong>Symmachus,</strong></span> <span class='ocrx_word' id='word_1_363' title='bbox 530 4744 700 4800; x_wconf 87' lang='lat' dir='ltr'><strong>ordinaretur</strong></span> <span class='ocrx_word' id='word_1_364' title='bbox 715 4744 810 4799; x_wconf 86' lang='lat' dir='ltr'><strong>eiieeit.</strong></span> <span class='ocrx_word' id='word_1_365' title='bbox 827 4775 863 4784; x_wconf 92' lang='lat'><em>-</em></span> <span class='ocrx_word' id='word_1_366' title='bbox 881 4743 1021 4818; x_wconf 82' lang='lat' dir='ltr'><strong>Quumque</strong></span> <span class='ocrx_word' id='word_1_367' title='bbox 1036 4745 1098 4801; x_wconf 88' lang='lat' dir='ltr'><strong>iude</strong></span> <span class='ocrx_word' id='word_1_368' title='bbox 1112 4761 1216 4800; x_wconf 85' lang='lat' dir='ltr'><strong>summa</strong></span> <span class='ocrx_word' id='word_1_369' title='bbox 1231 4744 1333 4801; x_wconf 89' lang='lat' dir='ltr'><strong>discor-</strong></span> 
     </span>
     <span class='ocr_line' id='line_1_40' title="bbox 109 4826 1332 4912; baseline 0.001 -27"><span class='ocrx_word' id='word_1_370' title='bbox 109 4826 238 4912; x_wconf 63' lang='lat' dir='ltr'><strong>pearlesia</strong></span> <span class='ocrx_word' id='word_1_371' title='bbox 252 4829 370 4886; x_wconf 82' lang='lat' dir='ltr'><strong>Romana</strong></span> <span class='ocrx_word' id='word_1_372' title='bbox 386 4829 593 4891; x_wconf 87' lang='lat' dir='ltr'><strong>distraheretur,</strong></span> <span class='ocrx_word' id='word_1_373' title='bbox 609 4828 716 4884; x_wconf 90' lang='lat' dir='ltr'><strong>tandem</strong></span> <span class='ocrx_word' id='word_1_374' title='bbox 731 4837 820 4902; x_wconf 82' lang='lat' dir='ltr'><strong>partes</strong></span> <span class='ocrx_word' id='word_1_375' title='bbox 836 4839 1032 4891; x_wconf 88' lang='lat' dir='ltr'><strong>convenerunt,</strong></span> <span class='ocrx_word' id='word_1_376' title='bbox 1055 4838 1085 4885; x_wconf 91' lang='lat' dir='ltr'><strong>ut</strong></span> <span class='ocrx_word' id='word_1_377' title='bbox 1101 4838 1215 4903; x_wconf 88' lang='lat' dir='ltr'><strong>uterque</strong></span> <span class='ocrx_word' id='word_1_378' title='bbox 1230 4830 1332 4886; x_wconf 87' lang='lat' dir='ltr'><strong>electus</strong></span> 
     </span>
     <span class='ocr_line' id='line_1_41' title="bbox 109 4913 1333 4993; baseline 0.002 -21"><span class='ocrx_word' id='word_1_379' title='bbox 109 4931 220 4993; x_wconf 55' lang='lat' dir='ltr'><strong>pennam</strong></span> <span class='ocrx_word' id='word_1_380' title='bbox 234 4916 264 4971; x_wconf 84' lang='lat' dir='ltr'><strong>od</strong></span> <span class='ocrx_word' id='word_1_381' title='bbox 277 4915 410 4988; x_wconf 88' lang='lat' dir='ltr'><strong>judicium</strong></span> <span class='ocrx_word' id='word_1_382' title='bbox 426 4913 587 4971; x_wconf 87' lang='lat' dir='ltr'><strong>&#39;ibeodorici</strong></span> <span class='ocrx_word' id='word_1_383' title='bbox 600 4915 673 4988; x_wconf 80' lang='lat' dir='ltr'><strong>regis</strong></span> <span class='ocrx_word' id='word_1_384' title='bbox 689 4922 826 4989; x_wconf 85' lang='lat' dir='ltr'><strong>pergeret.</strong></span> <span class='ocrx_word' id='word_1_385' title='bbox 858 4913 908 4982; x_wconf 80' lang='lat' dir='ltr'><strong>Qui</strong></span> <span class='ocrx_word' id='word_1_386' title='bbox 929 4932 958 4971; x_wconf 91' lang='lat' dir='ltr'><strong>re</strong></span> <span class='ocrx_word' id='word_1_387' title='bbox 980 4932 1064 4988; x_wconf 88' lang='lat' dir='ltr'><strong>aeque</strong></span> <span class='ocrx_word' id='word_1_388' title='bbox 1079 4915 1250 4972; x_wconf 89' lang='lat' dir='ltr'><strong>considerata</strong></span> <span class='ocrx_word' id='word_1_389' title='bbox 1265 4916 1333 4974; x_wconf 85' lang='lat' dir='ltr'><strong>hana</strong></span> 
     </span>
    </p>
   </div>
   <div class='ocr_carea' id='block_1_6' title="bbox 0 0 1616 5506">
    <p class='ocr_par' dir='ltr' id='par_1_8' title="bbox 0 0 1616 5506">
     <span class='ocr_line' id='line_1_42' title="bbox 0 0 1616 5506; baseline 0 1"><span class='ocrx_word' id='word_1_390' title='bbox 0 0 1616 5506; x_wconf 95' lang='lat' dir='ltr'><strong> </strong></span> 
     </span>
    </p>
   </div>
  </div>
 </body>
</html>
