3204 5506
435 327 630 378 saissonis
654 319 683 377 8.
708 319 737 376 9.
1157 315 1220 381 ‘159

100 504 184 547 rrum.
229 480 356 562 Nostis,
387 480 526 564 (qualiter
542 479 747 545 detestabilis
769 481 974 566 Eutychiana
1001 481 1142 548 haeresis
1164 506 1221 569 per
1234 510 1257 546 a.
1271 500 1327 548 515.

102 606 134 649 es
156 587 265 668 serpat
288 582 449 665 ecelesias,
473 584 507 646 et
528 583 651 666 quoties
667 583 832 667 praefatae
839 584 865 671 ²)
882 585 1119 669 superstitionis
1134 586 1220 650 vires

113 685 274 772 generalis
296 684 496 767 exstinxerit,
521 684 570 748 vel
586 684 710 769 quoties
728 685 796 768 ejus
819 708 970 772 sequaces
993 687 1134 751 salubria
1154 709 1220 753 mo-

100 787 239 853 utolicae
261 786 344 850 sedis
367 785 562 870 spreverint,
597 788 629 849 et
651 787 742 871 quasi
764 788 987 853 erubescentes
1008 811 1122 853 manus
1145 788 1220 854 dare

103 893 159 956 aut
181 889 375 975 apostolicae
397 887 481 952 sedis
503 887 795 972 praedicationibus
818 889 956 974 obedire,
979 891 1015 955 in
1032 889 1094 955 hac
1108 875 1219 954 tamen

100 993 167 1058 ione
189 992 374 1077 persistant.
413 988 520 1054 Elatio
544 989 630 1053 enim
652 1011 777 1075 semper
798 991 890 1055 affert
911 990 1006 1056 saluti
1029 992 1218 1077 periculum,

100 1118 124 1160 n
145 1095 246 1179 ipsius
275 1094 424 1157 inventur
451 1091 596 1156 diabolus
624 1092 773 1177 angelica
799 1095 958 1177 potestate
986 1094 1130 1178 privatus
1158 1097 1217 1158 est.

107 1197 273 1261 nobiscum
296 1194 480 1277 saepissime
491 1194 516 1277 ³)
545 1193 733 1258 fraternitas
755 1197 862 1258 vestra
885 1195 1063 1279 condoluit,
1093 1198 1218 1280 aposto·

100 1322 120 1364 u
141 1299 306 1362 immemor
327 1295 485 1379 lectionis,
509 1320 571 1381 qua
592 1298 804 1360 monstratur:
828 1301 865 1361 Si
877 1304 1000 1377 potitur
1020 1319 1113 1363 unum
1127 1319 1214 1362 mom·
1232 1274 1319 1396 ἓξὲξ·

100 1407 309 1482 omputiuntnr
331 1405 431 1463 omnio
453 1403 595 1462 membru.
641 1396 702 1462 Sed
724 1397 899 1481 Dominus,
928 1399 982 1483 qui
1009 1398 1079 1463 vult
1107 1421 1217 1464 omnes
1232 1379 1324 1464 1T'ini.

117 1503 220 1567 salvos
243 1501 311 1565 fieri
335 1501 429 1565 etad
453 1500 670 1590 cognitionem
698 1500 845 1581 veritatis
866 1501 991 1584 venire,
1025 1523 1111 1565 nuuc
1139 1500 1218 1565 mul·
1248 1485 1301 1540 Μ·

100 1627 195 1668 ensus
224 1603 426 1686 illuminem,
467 1603 512 1666 eis
529 1601 731 1666 'desiderium
766 1602 958 1685 apostolicae
988 1603 1218 1667 communionis

100 1739 118 1788 1,
147 1709 184 1770 ut
211 1705 293 1789 quod
317 1705 434 1768 dudum
456 1703 642 1769 tintentioue
669 1703 916 1787 praedicabant,
951 1703 1012 1769 hoc
1038 1727 1125 1769 nune
1153 1727 1218 1769 cor·

123 1807 321 1892 professione
344 1807 568 1871 condemnent.
612 1804 751 1881 Quorum
775 1806 912 1869 reditum
934 1807 1005 1870 ideo
1028 1807 1147 1891 absque
1169 1829 1218 1872 su-

100 1935 102 1969 1
125 1932 232 1973 morsu
253 1908 435 1993 recipimus,
459 1909 533 1991 quia
549 1907 622 1970 dum
647 1910 814 1991 peceatum
837 1908 907 1971 sine
922 1908 1028 1993 aliquo
1044 1909 1219 1973 excusatio-

100 2011 180 2076 mine
203 2011 411 2093 confitentur,
435 2010 642 2074 manifestum
666 2009 856 2074 desiderium
886 2009 1092 2075 correctionis
1114 2011 1218 2074 osten-

100 2215 188 2300 Ergo
210 2215 351 2299 episcopi
373 2217 440 2278 tam
456 2213 600 2277 Dardani
622 2235 718 2298 quam
739 2212 859 2298 lllyrici
881 2214 998 2300 pene⁵)
1025 2236 1136 2278 omnes
1158 2237 1219 2279 neo

100 2317 176 2381 thae
204 2339 342 2382 errorem
372 2315 554 2380 damnando
581 2315 807 2399 praeteritum,
841 2318 987 2399 petentes
1017 2316 1103 2381 beati
1129 2315 1218 2380 Petri

100 2442 166 2483 rum
188 2419 344 2504 principis
361 2418 627 2499 communionem,
652 2420 684 2481 et
699 2417 827 2501 scriptis
845 2420 878 2481 et
891 2416 1108 2502 legationibus
1123 2418 1218 2482 desti-

124 2521 318 2607 apostolieae
346 2521 429 2584 sedis
457 2519 577 2603 regulis
606 2518 733 2583 obedire
762 2520 962 2583 confirmant.
1012 2519 1075 2584 Pro
1104 2521 1218 2605 quibus

100 2651 105 2688 ι
127 2647 186 2689 nos
208 2626 355 2709 oporteat
376 2621 543 2707 gratulari,
568 2620 626 2685 scili
649 2643 781 2705 quorum
803 2621 881 2685 fides
896 2621 1000 2685 fervet
1018 2621 1217 2706 intelligunt.

100 2750 121 2790 n
150 2727 238 2790 vobis
267 2729 315 2789 est
341 2724 458 2809 igitur,
499 2723 766 2788 irrrathematiaari
799 2746 886 2788 nune
920 2725 961 2787 ab
988 2724 1066 2807 ipsis
1094 2746 1218 2809 qnoque

100 2851 151 2911 m,
175 2829 228 2911 qui
251 2826 365 2891 dividit
386 2825 643 2890 incarnationem
665 2825 795 2890 Domini
817 2825 920 2889 nostri
934 2824 1012 2890 Jesu
1029 2825 1161 2909 Christi,
1186 2829 1219 2889 et

123 2931 201 2994 duos
232 2930 313 2994 filios
342 2931 475 2992 conatur
503 2950 643 2992 asserere
651 2928 687 3012 6).
739 2926 918 3011 Eutyches,
954 2928 1060 2992 caruis
1092 2949 1217 3012 negans

109 3106 253 3169 praelatae.
288 3099 352 3153 Mox
371 3102 447 3150 clcfl'
463 3104 644 3165 perstiterunt,
668 3099 694 3149 c'
710 3101 882 3164 perstiterint,
908 3096 956 3148 ubi
974 3099 1048 3150 0³0¹*
1068 3114 1128 3149 carm
1152 3114 1214 3152 msa.

100 3271 125 3324 ul
147 3275 294 3338 saepissime
312 3268 532 3338 componendum
551 3269 593 3321 est
611 3284 671 3320 curu
691 3282 724 3320 eo
742 3265 827 3320 eham
846 3269 981 3334 tompore,
1001 3266 1076 3334 quod
1095 3264 1216 3319 Hormis-

101 3356 213 3410 ficatum
231 3354 387 3409 antecessit.

100 3439 132 3493 iti
148 3445 269 3507 iufundit,
288 3455 407 3507 moxque
426 3440 460 3492 0¹¹
481 3444 539 3508 quia
557 3443 601 3507 qui
615 3445 755 3505 peceatum.

100 3524 129 3578 iti
146 3546 212 3593 pene
231 3546 314 3579 omncs
333 3546 363 3577 ne
381 3530 431 3578 sint
449 3544 538 3577 errore
552 3526 737 3576 corrdemnandi
751 3526 908 3589 praeterito:
930 3520 1106 3590 corriguntur
1125 3538 1158 3574 ex
1175 3521 1216 3585 L¹‚

100 3610 212 3664 talasius
234 3610 269 3664 de
292 3610 419 3664 concord.
443 3607 546 3662 sacerd.
570 3608 599 3662 et
619 3606 717 3675 imper.
740 3605 757 3662 l.
781 3605 806 3658 V
828 3623 850 3659 c.
875 3612 908 3660 35
930 3624 956 3659 n.
977 3611 1008 3660 13
1030 3604 1121 3659 looum
1143 3605 1216 3659 hune

100 3696 153 3748 lum
171 3712 232 3749 esse
246 3695 305 3763 jam
325 3694 477 3749 monuerat.
507 3691 713 3748 Correctionem
730 3690 857 3745 eamdem
870 3691 1014 3744 confirmat
1025 3667 1216 3744 Avitus⁶Vien

100 3783 132 3835 'ra
149 3781 229 3849 epist.
249 3787 289 3834 21.
309 3799 335 3834 n.
357 3787 383 3845 l,
407 3779 455 3833 ubi
472 3795 501 3832 se
520 3778 562 3831 his
580 3777 681 3832 litteris
698 3793 750 3847 per
768 3776 944 3830 Arelatenses
962 3774 1076 3830 clericos
1093 3775 1215 3845 acceptis

102 3867 230 3919 unionem
253 3865 418 3935 gaudiorum
440 3864 622 3934 provocatum
644 3861 741 3916 scribit
762 3863 879 3932 propter
900 3865 1088 3915 corruersiouem
1114 3865 1216 3927 pronis

100 3958 157 4005 fest
175 3957 338 4013 Dardaniae,
359 3955 460 4017 Illyrici
475 3955 514 4002 uel
531 3951 659 4015 Scythiae.
696 3946 755 4011 Quo
774 3944 885 4000 nomine
904 3944 1046 4014 Scythiam
1063 3944 1216 4011 Ponticam,

100 4035 141 4089 rici
154 4035 301 4089 Orientalis
318 4034 460 4104 provincia
479 4036 551 4098 erat,
570 4030 726 4100 intelligere
739 4032 788 4085 est.
818 4030 855 4083 Et
872 4029 938 4098 quia
955 4028 984 4082 hi
997 4028 1116 4097 Scythae
1129 4028 1216 4084 Thra-

100 4120 211 4174 termini
230 4122 321 4186 erant,
343 4120 406 4174 ideo
426 4120 496 4172 t'orte
515 4117 637 4171 Thraces
658 4116 743 4171 ctiam
760 4115 900 4169 interdum
917 4114 1010 4168 vocati
1027 4115 1099 4168 sunt.
1135 4114 1216 4169 Certe

100 4224 119 4271 1,
138 4205 185 4272 qni
204 4224 220 4259 a
237 4204 397 4260 Marcellino
417 4201 523 4256 Comito
541 4201 569 4254 in
583 4200 718 4255 Chronico
731 4205 840 4270 Sopita,
858 4201 894 4254 ab
907 4199 1028 4269 Evagrio
1040 4199 1068 4252 h.
1082 4216 1105 4253 c.
1119 4200 1170 4266 111,
1183 4205 1216 4253 41
1264 4197 1266 4200 ’

100 4290 285 4360 ζιιοιιιίηηωτς
305 4293 333 4344 ct
351 4287 526 4358 quoshvitns
542 4287 616 4340 iufra
634 4286 711 4356 epist.
725 4293 757 4340 21
775 4291 962 4354 provinciarum
980 4289 1139 4346 Dnrrhniae,
1152 4289 1215 4352 1119-

100 4382 190 4445 ptlu‘ac
209 4375 317 4440 scribit,
339 4375 390 4427 hos
409 4373 524 4427 subinde
543 4371 692 4425 Hormisda
710 4372 746 4425 ad
768 4370 917 4441 ipsummet
933 4369 1047 4423 Avitum
1064 4369 1216 4424 rescribens

100 4481 120 4515 u.
135 4470 149 4515 3
172 4466 289 4521 Thraces,
312 4465 448 4513 Dardanos
465 4471 491 4512 et
510 4462 629 4526 Illyricos
647 4456 779 4526 appellat.
811 4454 946 4519 Quocirca
963 4471 1019 4509 non
1036 4455 1142 4509 temere
1154 4471 1216 4509 een·

105 4562 164 4612 cos,
183 4546 217 4600 de
236 4563 352 4614 quorum
373 4542 550 4598 conversione
568 4560 640 4596 nunc
651 4539 800 4595 Hormisda
816 4540 952 4603 laetatur,
970 4538 1045 4610 ipsos
1059 4555 1132 4604 esse,
1151 4556 1216 4607 quo-

102 4631 277 4700 ymmachum
296 4631 387 4683 exstat
410 4628 527 4698 epistola
546 4634 590 4693 12,
614 4626 696 4681 etad
719 4642 788 4694 quos
807 4624 988 4695 Symmachus
1010 4623 1138 4679 rescribit
1160 4622 1216 4694 epi-

113 4808 221 4870 nffersc,
241 4796 269 4854 ct
285 4804 350 4870 post
367 4806 472 4868 effectus
491 4817 551 4853 cunr
565 4798 599 4852 al.
614 4799 656 4852 cd.
672 4798 760 4852 omitt.
780 4808 833 4859 crt;
854 4795 947 4851 neseio
966 4813 1021 4864 qua
1039 4795 1213 4852 auctoritate.

100 4896 111 4940 i.
132 4886 173 4940 ed.
195 4893 328 4942 rotenensil,
