3204 5506
185 339 242 403 198
640 357 667 403 s.
685 356 853 404 assiriaco
876 355 990 402 ranna

68 536 92 573 a.
104 524 162 573 478.
176 510 340 574 secutione
363 508 471 572 fideles
490 509 616 573 Domini
632 510 821 594 plebemque
838 512 1031 592 concuteret,
1056 512 1200 575 oratione
1216 514 1315 594 atque
1331 509 1459 595 vigiliis

177 612 336 695 sacrilega
358 615 559 675 tentamenta
584 613 757 697 superavit,
782 616 814 675 et
836 634 869 675 se
893 611 1026 675 victoria
1049 612 1195 676 eoelestis
1210 634 1248 676 eo
1263 633 1368 696 usque
1384 634 1458 696 por-

177 713 270 796 rexit,
300 717 335 776 ut
357 736 504 798 regressu
533 714 765 795 religiosissimi
794 713 949 798 principis
977 715 1130 779 ecclesiae
1157 736 1282 800 quoque
1311 715 1459 780 Alexan-

177 816 288 879 drinae
311 816 487 880 catholicus
511 818 695 881 redderetur
717 817 869 898 antistes,
897 815 936 879 de
962 839 1023 900 quo
1045 839 1117 880 mox
1141 840 1212 881 cum
1235 817 1460 882 exsultatione

176 917 304 981 divinae
334 919 460 1002 gratiae
493 920 612 1002 galidia
648 922 758 983 nostra
788 920 996 1002 contulimus,
1035 924 1067 983 et
1099 919 1216 982 mutuis
1244 941 1305 982 nos
1334 919 1461 984 litteris

176 1020 310 1084 fecimus
325 1022 493 1103 gratulari.
522 1021 566 1085 Et
588 1023 664 1085 licet
679 1020 821 1084 laetitiae
838 1021 936 1104 ipsius
952 1043 1115 1106 nimquam
1131 1020 1179 1084 sui
1195 1019 1335 1085 defuerit
1352 1021 1460 1105 pleni·

177 1123 264 1203 tudo,
288 1126 397 1186 tanuen
420 1123 522 1186 frater
544 1128 577 1186 et
600 1123 805 1207 eoepiscopus
820 1127 929 1186 noster
944 1124 1128 1188 Timotheus
1143 1123 1372 1207 perseeutione
1387 1146 1461 1208 pro

177 1224 314 1288 habilior
341 1224 456 1305 factus,
486 1225 615 1308 pristini
645 1247 710 1288 non
738 1225 904 1288 immemor
926 1225 1076 1307 instituti,
1105 1247 1162 1309 per
1188 1226 1325 1290 fratrem
1349 1229 1386 1289 et
1409 1248 1461 1291 co-

176 1327 359 1410 episcopum
382 1327 513 1389 Esaiam
536 1331 568 1390 et
590 1328 671 1391 tilios
695 1330 821 1390 nostros
837 1327 946 1391 Nilum
968 1327 1189 1412 presbyterum
1211 1329 1244 1390 et
1260 1326 1461 1411 Martyrium

176 1428 346 1492 diaconum
371 1429 609 1493 Alexandrinae
633 1429 786 1493 eeclesiae
808 1429 976 1493 sollemnia
994 1430 1114 1513 scripta
1130 1429 1256 1512 direxit,
1281 1429 1404 1514 quibus
1426 1432 1461 1494 et

176 1531 265 1613 illud,
290 1530 372 1615 quod
396 1534 471 1595 ante
488 1532 675 1614 perterritus
692 1531 730 1595 de
746 1530 891 1595 Dioscori
906 1533 1035 1596 nomine
1051 1529 1182 1612 federat,
1207 1553 1240 1594 se
1256 1529 1461 1596 destruxisse

176 1635 374 1716 memoravit,
405 1636 437 1697 et
464 1633 683 1697 remissionem
711 1634 811 1718 ipsius
834 1634 949 1699 erroris
972 1634 1116 1718 expetiit,
1140 1655 1261 1717 nosque
1283 1632 1324 1696 de
1348 1634 1460 1719 quiete

176 1736 254 1800 fecit
279 1736 443 1800 Ecclesiae
467 1736 635 1820 gratulari,
666 1740 814 1820 expertus
844 1758 921 1821 erga
950 1758 993 1819 se,
1023 1739 1178 1820 quantum
1204 1734 1380 1800 nobiscum
1403 1739 1461 1799 tus

177 1839 294 1902 caritas
318 1839 413 1920 videt,
437 1838 518 1921 quod
543 1838 576 1902 in
600 1861 636 1902 eo
651 1843 728 1902 time
750 1837 1022 1921 reprehendimus,
1047 1860 1111 1902 non
1126 1838 1277 1919 inultum,
1294 1839 1328 1900 et
1345 1858 1460 1903 recon-

177 1941 320 2004 ciliatum
342 1941 402 2004 sihi
426 1963 512 2004 mure
535 1941 662 2005 <livinae
685 1941 901 2004 miserationis
924 1940 1083 2022 affectum,
1111 1939 1212 2003 frater
1234 1938 1416 2004 carissime.

260 2060 290 2123 2.
326 2060 511 2123 Memoratis
534 2061 568 2124 in
591 2063 679 2142 urhe,
703 2060 799 2145 quo⁴l
822 2046 895 2123 mos
917 2063 1082 2142 venerant,
1107 2058 1291 2123 constitutis
1314 2060 1460 2125 occasio

176 2184 249 2224 narn
279 2161 336 2224 filii
365 2163 466 2225 nostri
490 2162 594 2244 Petri,
629 2162 688 2225 viri
718 2162 903 2243 spectabilis
933 2161 1072 2244 comitis,
1101 2166 1191 2245 quasi
1221 2183 1260 2225 ex
1289 2163 1460 2226 sententia

176 2263 407 2346 proficiscentis
436 2264 586 2346 amplexi,
615 2267 683 2327 trun
713 2268 822 2326 nostro
850 2264 1014 2347 proposito
1043 2284 1138 2346 quam
1160 2261 1318 2346 petitione
1345 2263 1460 2329 fratris

176 2370 208 2428 et
232 2365 410 2448 coepiscopi
427 2367 536 2429 'nostri
560 2364 718 2428 Timothei
743 2365 984 2449 legatorumque
1008 2365 1106 2449 ipsius
1135 2364 1284 2447 precibus
1313 2364 1460 2449 idipsum

176 2467 216 2528 ad
243 2470 332 2528 tuam
360 2467 516 2529 voluimus
546 2467 713 2550 pervenire
741 2468 907 2531 notitiam:
944 2470 981 2529 ut
1007 2466 1104 2529 etiam
1127 2488 1212 2530 nunc
1236 2468 1459 2532 communium

176 2568 268 2631 fieres
291 2569 452 2651 particeps
475 2569 675 2652 gaudionnn,
705 2573 737 2632 et
763 2569 796 2632 in
820 2569 1002 2651 praedictae
1026 2567 1179 2632 ecclesiae
1201 2569 1459 2653 tranquillitate,

176 2669 441 2752 quemadmodum
471 2670 618 2752 dirimire,
648 2670 765 2733 laboris
794 2670 840 2734 tui
867 2670 1034 2733 nobiscum
1063 2690 1209 2752 carperes
1235 2670 1394 2754 fructum,
1427 2676 1461 2736 et

177 2770 449 2834 Christianissimo
478 2776 510 2835 et
532 2772 812 2856 clementissimm)
841 2757 983 2855 principi
1011 2775 1138 2835 nostras
1167 2771 1292 2836 litteras
1316 2773 1461 2839 offerens

176 2894 272 2955 super
287 2872 347 2936 hac
369 2873 465 2936 etiarn
479 2896 524 2956 re,
549 2878 584 2937 ut
599 2878 632 2937 et
645 2874 713 2958 ipse
726 2896 849 2958 quoquc
864 2873 1042 2936 ‹levotionis
1058 2877 1089 2936 et
1104 2873 1178 2936 tidei
1194 2874 1347 2958 propriae
1363 2875 1461 2941 donis

176 2973 246 3036 Deo
269 2995 302 3037 se
326 2978 517 3057 protegente
547 2975 694 3057 laetetur,
726 2980 821 3059 atque
850 2975 1018 3038 insistente
1043 2976 1176 3039 caritate
1199 2979 1255 3038 tua
1276 2976 1462 3043 acrioribus

176 3076 289 3139 studiis
314 3076 490 3141 catholicae
512 3077 679 3160 religionis
702 3077 856 3140 salutaria
879 3077 998 3159 scripta
1020 3077 1178 3140 mittendo
1201 3077 1327 3141 munire
1344 3078 1461 3165 ‹ligne-

177 3181 229 3241 tur
252 3178 412 3242 ecclesias.
451 3179 512 3261 Ne,
535 3180 619 3242 sieut
641 3179 765 3262 experti
788 3201 905 3260 sumus,
929 3179 964 3241 in
988 3178 1094 3262 aliqua
1117 3179 1284 3264 regiensi)
1300 3181 1462 3266 antiquus

177 3279 230 3342 ille
253 3302 383 3363 serpens
406 3282 501 3344 toties
525 3281 621 3344 excisi
651 3280 766 3363 capitis
794 3281 879 3344 virus
903 3280 1056 3361 effundat,
1086 3283 1119 3344 et
1141 3279 1304 3344 inficiendi
1331 3282 1462 3368 aliquos

176 3381 387 3464 occasionem,
412 3383 495 3464 quod
517 3383 612 3464 ahsit,
643 3404 751 3446 rursus
773 3383 928 3462 inveniat,
956 3382 1089 3465 provida
1110 3385 1359 3465 praeceptorum
1381 3408 1462 3451 suae

177 3483 308 3564 pietatis
320 3483 521 3546 ordinatione.
537 3484 696 3567 disponat.
721 3471 892 3567 Religiosis
905 3486 947 3565 et,
961 3483 1043 3547 sicut
1055 3482 1232 3547 euidentius
1248 3486 1461 3572 approbavit,

178 3582 321 3667 Deo⁷)se
335 3585 631 3649 corrrmendantilms
643 3586 767 3670 legibus
780 3587 915 3668 sanciat,
933 3608 973 3649 ne
986 3587 1034 3648 vel
1047 3585 1081 3648 in
1094 3584 1235 3648 tenebris
1248 3584 1461 3673 delitescant,

180 3688 213 3747 et
235 3684 398 3768 improvisi
423 3687 625 3751 ambulantes
647 3688 682 3751 in
704 3689 774 3751 lucc
796 3687 990 3770 percutiant,
1015 3687 1122 3769 ethis,
1146 3708 1224 3770 quos
1247 3687 1282 3751 in
1298 3688 1365 3753 fide
1380 3678 1462 3775 pau·

42 3802 162 3867 Paros.
177 3808 268 3869 peres
297 3808 365 3850 esse
394 3790 581 3872 repererint,
616 3790 699 3872 quod
727 3790 884 3873 propheta
912 3792 1060 3871 testatur,
1090 3795 1251 3854 insidietur
1279 3803 1312 3854 nt
1340 3800 1462 3873 rapiat.

178 3888 309 3952 Petrum
331 3891 478 3973 maxime,
503 3891 557 3975 qui
579 3892 806 3956 nonnullarum
830 3892 994 3956 domorum
1017 3891 1127 3975 suique
1150 3890 1311 3955 similium·
1320 3892 1463 3961 latebris

627 3982 648 4017 φ

245 4179 265 4243 ⁴)
284 4178 315 4231 In
334 4178 367 4230 G¹
382 4178 417 4231 G*
440 4179 484 4234 hic
506 4181 618 4244 lacunam
649 4183 674 4233 a¹
690 4198 720 4233 eo
742 4200 819 4249 quoe,
847 4180 865 4230 h
890 4186 944 4250 qui,
972 4178 1105 4233 orationis
1128 4178 1212 4232 series
1236 4181 1464 4248 praeferendum

177 4261 277 4315 suadet
295 4285 352 4332 qim.

245 4367 266 4429 Ι)
285 4367 530 4427 &eminentissima
555 4366 675 4434 librarii,
704 4368 733 4420 ut
752 4366 874 4431 videtur,
899 4365 1053 4420 oscitantia.
1089 4364 1216 4435 Epistola
1233 4365 1280 4421 hio
1297 4374 1465 4427 memorata

178 4448 364 4517 estproximo
383 4450 550 4504 antecedens
569 4468 611 4520 ep.
629 4458 668 4504 to.

245 4554 266 4617 ⁶)
285 4555 316 4607 al
327 4568 357 4604 oc
375 4557 504 4619 retipioue,
528 4554 546 4606 h
564 4560 677 4622 repiouc.

246 4655 267 4718 ⁷)
286 4651 345 4705 Vox
365 4657 419 4707 Deo
437 4653 478 4706 ita
496 4654 654 4721 collocatur,
674 4658 704 4709 ut
723 4652 754 4709 sl
769 4657 805 4710 ad
824 4655 939 4708 verlnuu
959 4659 1109 4722 approbarit
1132 4655 1158 4707 ot
1178 4655 1214 4707 ad
1232 4675 1261 4708 se
1279 4666 1464 4716 commendan-

179 4742 243 4789 tibus
266 4753 354 4804 aeque
377 4738 521 4792 reseratur.
561 4740 621 4793 Jarn
645 4743 737 4794 auteur
762 4741 820 4793 Deo
843 4758 872 4793 se
892 4739 1096 4793 commendavit
1114 4739 1188 4792 'deno
1214 4740 1277 4808 lege
1302 4741 1380 4807 lata,
1405 4764 1465 4814 qua

178 4834 268 4875 runem
287 4843 351 4892 quae
370 4826 497 4878 Basilisco
521 4837 630 4893 tyranno
653 4831 677 4879 in
701 4832 835 4893 encyclicis
858 4824 958 4879 litteris
981 4824 1132 4879 constituta
1155 4825 1281 4903 lucrant,
1305 4827 1465 4900 abrogavit

179 4907 291 4977 (Evagr.
312 4907 345 4962 ΙΙ.
359 4907 389 4962 Ε.
410 4909 456 4975 ΙΙΙ,
470 4912 505 4976 8).
