3204 5506
281 324 323 389 92
628 339 761 386 nontrn
786 338 937 386 euanuit
962 339 997 385 tu
1021 336 1201 384 syunrncut

282 502 338 559 dire
354 519 467 576 prorsus
485 509 609 575 nequeat.
648 500 679 557 Et
700 501 763 556 huic
783 501 853 556 euhu
876 498 1012 555 reddenda
1035 501 1085 554 erit
1107 500 1189 554 ratio:
1221 499 1252 554 1⁰
1268 516 1316 555 cur
1331 496 1433 554 Romae
1454 496 1547 555 eodem

281 605 351 644 anno
367 590 437 643 iutra
452 585 497 641 XV
513 586 568 643 ttat.
587 586 750 643 Novembres
767 594 794 640 ot
811 585 863 640 llll
880 583 941 640 ldus
958 584 1078 656 ejusdem
1095 586 1197 640 mensis
1213 584 1281 647 duae
1297 583 1402 640 babitae
1418 583 1475 639 sint
1490 599 1550 658 per·

280 672 400 729 celebres
416 671 527 745 synodi:
559 672 591 727 2⁰
608 690 656 728 cur
677 688 761 745 quum
784 680 835 726 tam
856 672 993 745 proximae
1014 670 1123 734 fuerint,
1142 679 1194 726 tam
1210 667 1323 727 diversis
1338 676 1469 726 constent
1485 677 1552 724 tarn-

281 775 333 832 que
349 759 443 833 hnpari
459 774 572 813 numero
583 758 730 832 episcopis;
749 757 782 813 3⁰
794 773 842 812 cur
857 756 927 812 idem
943 772 1029 811 annus
1045 757 1071 810 iu
1087 754 1139 811 illis
1155 755 1273 829 synodis·
1283 772 1338 812 non
1354 754 1452 812 eodem
1469 752 1552 811 modo

280 851 399 905 notetur,
416 843 462 898 sed
478 845 505 898 in
523 859 573 898 una
585 850 652 919 post
668 842 961 911 corisuhdumdoiem',
978 843 1006 897 iu
1021 840 1104 896 altera
1120 842 1222 898 Flavio
1235 843 1341 898 ⁴Im’eno
1351 843 1478 914 justiore
1491 855 1553 898 mc.

281 945 323 985 cs.
336 929 529 1003 consignetur:
558 928 592 983 40
613 945 661 984 cur
682 934 763 984 notae
779 926 914 984 consulari
930 929 957 982 in
973 942 1026 981 una
1042 924 1183 997 adjiciatur
1193 925 1307 983 ludictio
1324 925 1398 989 falsa,
1419 925 1449 981 lu
1464 926 1553 983 attera

279 1013 436 1069 lndietiouis
453 1014 553 1069 arietatio
569 1013 642 1069 nulla
659 1012 717 1075 frat:
748 1015 782 1070 50
798 1030 846 1068 cur
861 1029 913 1067 una
929 1011 1104 1086 epistolarum
1120 1010 1170 1067 suh
1186 1013 1307 1086 priorum
1323 1008 1487 1086 pontificum
1503 1028 1553 1069 uo-

280 1098 394 1155 rnlnibns
409 1107 472 1172 post
483 1099 634 1171 Symmachi
650 1106 764 1155 aetatem
780 1096 955 1154 confictarum
968 1097 1127 1172 fragmentis
1142 1106 1259 1160 constet,
1275 1097 1362 1154 altera
1376 1095 1409 1152 ab
1425 1096 1469 1152 his
1486 1114 1555 1171 pura

279 1185 327 1247 sit;
359 1185 392 1241 60
415 1201 463 1240 cur
484 1201 567 1257 quum
593 1182 714 1257 synodus
735 1184 796 1239 XV
811 1184 878 1239 Kal.
903 1183 1053 1239 Nouembr.
1075 1190 1234 1256 praenotata
1257 1185 1357 1256 quisito
1380 1180 1414 1237 ab
1436 1182 1555 1256 lpsamet

279 1268 385 1343 synodo
401 1269 560 1343 appelletur,
578 1286 631 1324 non
649 1275 760 1325 vocetur
775 1276 871 1337 sexta,
889 1284 957 1341 quae
972 1267 1054 1342 paulo
1070 1276 1142 1341 post,
1157 1267 1184 1322 id
1200 1275 1243 1325 est
1261 1267 1335 1324 l'III
1344 1268 1418 1324 Idus
1431 1267 1555 1325 Novem·

280 1357 353 1424 brer,
372 1353 459 1410 habita
480 1362 531 1432 cst,
555 1353 603 1410 sed
626 1354 691 1409 haee
706 1354 831 1428 apellatio
851 1361 976 1409 serretur
996 1352 1072 1408 alteri
1089 1353 1205 1426 synodo,
1228 1369 1296 1426 quae
1316 1354 1420 1426 puriter
1435 1351 1555 1428 lingitur

279 1440 377 1495 habaiu
395 1447 523 1510 tempore
542 1440 711 1497 Theoderici
731 1442 808 1512 rrqr's
828 1440 880 1495 suh
895 1440 940 1494 die
956 1439 1025 1494 dat.
1044 1437 1159 1495 Octobr.
1177 1446 1243 1507 ete,
1265 1436 1343 1509 eujus
1359 1445 1402 1494 est
1418 1438 1474 1495 hoc
1489 1454 1554 1513 pro-

280 1525 411 1580 oemium:
430 1525 521 1593 Quum
535 1529 563 1580 in
580 1542 666 1580 arnum
683 1525 763 1596 apud
777 1526 802 1580 h.
816 1526 935 1581 Petrum
951 1526 1111 1596 apostolum
1132 1533 1236 1581 sarecto
1252 1532 1337 1583 sextu
1353 1524 1488 1597 synodus
1502 1541 1552 1582 co-

279 1614 379 1666 rtoaice
402 1629 419 1665 a
442 1612 467 1665 b.
486 1610 656 1683 Syanmacho
672 1611 782 1665 Rornae
802 1617 979 1682 congregato
1001 1610 1173 1666 resedisset:
1203 1610 1236 1666 70
1258 1625 1307 1665 cur
1321 1616 1431 1683 praeter
1446 1624 1551 1666 morsm

278 1704 306 1749 et
322 1695 386 1750 baec
401 1703 537 1768 postrema
559 1694 680 1768 synodus
701 1702 815 1750 sectam
837 1704 865 1751 et
892 1694 976 1750 altera
997 1698 1125 1768 quintam
1140 1711 1170 1749 se
1191 1702 1342 1768 nuncupet:
1370 1692 1406 1751 8⁰
1422 1710 1510 1769 quum
1524 1695 1551 1751 itt

280 1779 365 1834 tribus
387 1778 544 1835 lndtrbitatis
564 1779 676 1854 synodis
697 1779 748 1834 sub
764 1780 923 1853 Syunuacho
946 1778 1087 1836 celebratis
1109 1795 1177 1834 unae
1199 1779 1325 1853 legantur
1341 1777 1474 1835 Italorum
1496 1780 1552 1855 epl-

280 1881 424 1939 scoporum
441 1882 471 1920 ac
486 1862 705 1939 presbyterorum
722 1864 903 1921 Romanorum
925 1864 1146 1938 subscriptiones,
1170 1881 1219 1920 cur
1234 1867 1260 1945 ip
1276 1862 1379 1919 duabus
1395 1863 1460 1929 tttts,
1484 1880 1551 1940 quas

277 1950 336 2005 sola
351 1949 446 2005 Isidori
462 1950 616 2024 compilatio
632 1958 826 2024 repraesentat,
848 1950 981 2024 episcopis
997 1949 1069 2005 Italis
1091 1949 1289 2005 admisceantur
1306 1948 1349 2005 vet
1364 1947 1552 2025 adjungantur

276 2035 451 2092 Orientalium
468 2034 690 2109 subscriptiones,
706 2042 733 2091 et
750 2036 798 2090 hae
814 2034 922 2108 quidem
938 2033 1083 2108 utrobique
1099 2034 1351 2091 eCalohcdouensis
1363 2035 1476 2092 concilii
1487 2033 1552 2092 snb-

276 2119 469 2193 scriptionibus
482 2121 622 2194 repetitae.
646 2119 686 2175 hb
703 2121 743 2177 bis
759 2120 859 2184 aliisve,
876 2137 944 2194 quae
959 2137 1010 2175 suo
1026 2120 1087 2176 loco
1105 2119 1199 2175 mellus
1214 2118 1382 2194 exponenda,
1400 2119 1479 2176 nulla
1489 2136 1552 2178 sese

277 2203 397 2278 capiendi
413 2207 531 2261 occurrit
547 2206 595 2269 via,
618 2206 668 2260 nisi
687 2212 715 2260 ut
731 2205 799 2260 duae
815 2204 875 2261 illac
896 2205 1003 2279 synodi,
1026 2222 1092 2278 quas
1108 2204 1227 2261 Isidorus
1246 2209 1374 2279 quintum
1389 2213 1419 2261 et
1434 2213 1551 2264 sextum

277 2298 363 2352 vocat,
380 2298 408 2344 et
422 2291 449 2345 in
466 2288 563 2363 quibus
580 2289 648 2346 idem
666 2291 775 2345 omnino
791 2290 870 2345 stilus
886 2290 1056 2366 dignoscitur
1071 2290 1196 2363 idemque
1212 2291 1360 2365 ingenium,
1381 2288 1415 2345 ab
1431 2289 1487 2347 boe
1501 2290 1551 2349 lm·

277 2381 389 2448 postore
409 2373 542 2431 conhctae
562 2375 693 2430 dicamur.
725 2374 754 2430 ln
776 2377 923 2431 bisantem
946 2392 1059 2431 numero
1080 2374 1218 2450 signandis
1240 2392 1273 2431 eo
1294 2374 1399 2431 facilius
1415 2374 1551 2451 deceptus

277 2459 421 2532 estquod
443 2460 470 2515 in
492 2460 798 2533 antiquisaecollectionis
815 2459 940 2516 Harlriani
956 2459 1102 2523 codicibus.
1125 2477 1195 2534 quos
1215 2459 1389 2534 sequebatur,
1411 2460 1551 2535 synodum

277 2545 379 2600 Flavio
395 2545 501 2601 Avieno
516 2547 638 2615 jurdore
658 2561 737 2601 coras.
759 2554 957 2618 praenotatam,
983 2561 1052 2618 quae
1079 2553 1205 2619 patariae
1224 2548 1357 2604 Pulmori
1380 2544 1551 2618 subjicienda

276 2636 343 2691 erat,
366 2628 428 2684 huic
448 2630 620 2703 praemissam
640 2637 773 2685 cerneret.
805 2629 976 2705 Qtrapropter
998 2631 1049 2692 bio,
1071 2647 1140 2705 quae
1161 2630 1321 2706 Symmacho
1342 2628 1477 2706 pontifice
1491 2638 1550 2689 acta

275 2807 302 2854 et
317 2806 456 2863 uictorem
472 2797 579 2855 habent.

295 2967 333 3028 In
354 2965 561 3045 Appendimnt
584 2966 735 3044 epistolae
756 2968 776 3027 b
798 2985 852 3029 sen
874 2972 945 3030 sote
967 2969 1119 3046 quaedem
1141 2970 1182 3030 ed
1203 2970 1338 3046 synodos
1359 2968 1523 3034 Romsnu

581 3069 627 3146 11,
648 3070 698 3131 111
720 3073 753 3131 et
772 3070 815 3132 tv
836 3069 1010 3147 Symmachi
1031 3071 1230 3149 pertinentis„

135 3192 187 3261 la³⁸
203 3192 266 3263 Ed]
365 3192 393 3247 1.
412 3190 584 3248 bfouumeuta
598 3193 740 3265 sequentia
755 3209 788 3248 ea
804 3195 892 3256 unico,
909 3193 982 3266 quod
998 3202 1064 3250 tunc
1079 3204 1174 3250 notum
1189 3203 1255 3256 erat,
1272 3193 1418 3268 exemplari
1434 3194 1550 3255 sobe·
1571 3190 1576 3201 '

275 3277 333 3331 tino
355 3284 412 3331 not.
432 3277 513 3336 1863
529 3277 654 3334 Nicolans
670 3276 754 3332 Faber
775 3277 887 3334 exscrIbi
910 3287 937 3335 ct
952 3279 985 3335 ad
1006 3279 1165 3335 cardinalem
1181 3279 1323 3336 baronium
1344 3280 1416 3337 mitti
1431 3283 1547 3340 cruerit.

273 3359 297 3415 ls
314 3377 377 3417 vero
394 3361 455 3418 licet
471 3363 568 3425 serius,
591 3378 669 3435 quam
686 3370 715 3417 ut
731 3379 798 3418 suus
814 3365 852 3418 eis
868 3362 945 3419 locus
961 3364 1017 3420 dari
1033 3373 1136 3438 posset.
1157 3366 1258 3438 scripta
1278 3364 1323 3420 itta
1344 3367 1492 3440 acceperit,
1515 3384 1548 3426 aa

275 3454 362 3500 tamen
386 3445 515 3516 judicavit
542 3447 634 3522 digna,
657 3464 725 3520 quae
753 3446 784 3502 ad
813 3448 911 3504 calcem
939 3451 1004 3505 tomi
1026 3452 1044 3507 tt
1065 3450 1220 3524 appendicis
1246 3451 1273 3505 in
1303 3449 1414 3507 modum
1437 3451 1545 3511 ederet.

274 3529 328 3585 Nec
349 3531 453 3586 mendis
474 3533 644 3605 quantumvis
661 3532 845 3605 frequentibus
867 3532 998 3591 deterreri
1019 3536 1117 3609 potuit.
1140 3536 1284 3609 quommus
1306 3550 1338 3590 ea
1358 3534 1470 3609 publica
1484 3537 1548 3596 lues

274 3613 396 3670 «leuaret.
425 3615 489 3672 lude
511 3625 537 3672 et
558 3619 584 3672 iu
605 3616 733 3690 lupareis
755 3635 785 3673 ac
804 3617 951 3676 Labbeanis
972 3621 1149 3676 conciliorum
1170 3618 1334 3676 editionibus
1355 3637 1453 3677 recusa
1468 3630 1545 3681 sunt.

275 3698 368 3755 Utrum
389 3717 419 3756 ea
435 3703 514 3757 etiam
534 3702 578 3758 bic
592 3710 866 3775 repraesentaremus,
888 3704 934 3761 diu
950 3705 1089 3761 fluctuavit
1104 3705 1216 3760 animus.
1248 3703 1335 3773 Quum
1351 3713 1443 3763 tntncu
1458 3722 1546 3782 penes

274 3801 324 3840 uos
340 3784 436 3841 fuisset
451 3787 539 3860 ipsum
554 3788 739 3861 archetypum.
754 3806 842 3863 eoque
857 3798 1005 3864 conspecto
1016 3807 1078 3864 spes
1094 3790 1225 3846 adfuisset
1240 3789 1356 3847 maculas
1371 3807 1428 3848 uon
1444 3809 1546 3867 paucas

274 3868 456 3945 abstergendi,
471 3871 558 3928 labori
574 3889 628 3929 uon
644 3873 807 3946 parcendum
823 3873 956 3937 duximus,
979 3892 1032 3949 quo
1048 3892 1103 3932 nou
1119 3875 1255 3931 dimidiata
1269 3874 1412 3949 prodirent
1438 3877 1489 3935 sed
1504 3878 1546 3937 ln·

273 3956 392 4028 tegriora
408 3957 555 4030 superioris
570 3958 668 4032 synodi
681 3967 766 4032 gesta.
799 3959 833 4015 Ut
844 3962 923 4016 etiam
939 3961 992 4035 legi
1008 3960 1176 4017 commodius
1192 3977 1222 4016 ac
1236 3961 1295 4016 siue
1310 3961 1400 4018 tacebo
1412 3962 1546 4029 valerent,

200 4068 203 4073 ·
274 4041 384 4096 remotis
400 4041 432 4097 ad
449 4044 598 4117 marginem
613 4044 729 4116 imperiti
750 4043 849 4101 librarii
867 4045 978 4108 mendis,
1003 4063 1034 4102 ea
1050 4063 1118 4120 quae
1133 4045 1295 4120 corrigenda
1309 4047 1394 4103 series
1409 4050 1547 4107 oratlonls

274 4124 374 4181 libratis
398 4125 551 4201 quibusque
573 4126 658 4184 verbis
679 4131 820 4203 persuasit,
854 4132 881 4186 iu
904 4133 962 4205 ipso
983 4141 1113 4188 contentu
1134 4148 1194 4187 oum
1216 4129 1287 4189 hona
1307 4131 1445 4190 tectorum
1467 4135 1546 4193 venia

273 4219 499 4284 praetermorem
515 4215 670 4269 censuimus
685 4215 885 4288 praeponenda.

181 4299 258 4370 [Ed]
359 4295 386 4351 2.
418 4296 500 4353 Nobis
516 4315 549 4354 eo
570 4298 657 4370 major
678 4299 769 4355 eadem
786 4309 960 4358 monumenta
976 4302 1019 4358 hic
1041 4302 1258 4376 repraesentandi
1281 4301 1367 4359 adluit
1382 4306 1547 4371 necessitas,

272 4382 334 4452 quia
355 4398 410 4437 nou
430 4383 519 4438 solum
540 4393 603 4458 post
618 4384 805 4441 Constantium
826 4386 910 4444 codex
932 4387 1040 4461 collegii
1062 4387 1220 4444 Parisieusis
1240 4388 1379 4445 societatis
1393 4387 1463 4447 lesu
1478 4389 1547 4449 llar-

272 4462 356 4521 duIno
371 4465 473 4539 aliquas
488 4467 611 4542 praebuit
627 4470 838 4534 emendationes,
855 4471 902 4527 sed
918 4470 995 4527 nobis
1011 4474 1091 4528 etiam
1107 4475 1216 4529 tertium
1232 4473 1368 4548 exemplar
1383 4464 1547 4535 Vaticanum

272 4546 390 4625 Reginae
408 4552 487 4609 1997
509 4555 662 4610 innumeras
684 4555 747 4611 alias
768 4559 952 4613 correctiones
976 4556 1195 4623 submiuistravit,
1217 4558 1288 4615 unde
1308 4559 1419 4617 demum
1440 4561 1547 4638 aliqua·
1573 4624 1578 4631 ,

272 4641 351 4689 tenus
367 4644 458 4701 textus
473 4638 615 4713 integritas
631 4642 756 4697 restituta
772 4650 822 4697 est.
850 4642 961 4715 Restant
977 4651 1065 4699 tamen
1081 4645 1160 4700 etiatu
1176 4660 1248 4700 nuuc
1264 4644 1358 4701 menda
1374 4661 1431 4703 nou
1447 4664 1546 4723 pauca,

272 4736 341 4793 quae
363 4723 451 4793 quarti
472 4725 591 4795 quimire
611 4725 712 4782 codicis
733 4743 812 4800 opem
838 4727 1003 4802 efflagitent,
1027 4746 1150 4804 quaeqae
1171 4728 1276 4786 felicior
1295 4738 1359 4805 post
1375 4747 1429 4788 uos
1444 4733 1547 4810 uliquis

271 4804 360 4861 editor
375 4805 527 4865 chminasse
544 4809 681 4883 gaudebit.

356 4891 384 4948 3.
416 4890 501 4948 Porro
522 4892 555 4950 do
576 4903 697 4970 tempore
718 4904 746 4952 ct
762 4899 864 4955 ratione
887 4899 982 4955 horum
1005 4895 1242 4959 tuouutueutorum
1265 4901 1331 4959 haec
1351 4902 1483 4963 notaudtt.
1514 4904 1546 4967 ln
