3204 5506
598 370 792 418 aristonis
817 361 963 418 10-12.
1353 358 1414 422 709

145 525 247 590 filium
267 528 413 589 nostrum
428 524 470 587 H.
480 525 506 608 ³)
529 523 697 588 diaconum
720 523 836 588 litteris
859 527 1022 609 sperastis,
1047 528 1212 592 beatorum
1227 529 1357 594 Nazarii
1381 536 1414 596 et
1425 543 1460 605 (a.
1473 547 1522 595 oct

143 629 283 693 Romani
306 627 561 692 benedictionem
583 631 763 709 poscentes,
794 625 941 691 fidelibus
963 649 1029 692 non
1052 651 1217 714 negamus.
1264 632 1412 718 Accipite
1425 613 1529 675 ‘⁵⁰8l

141 731 326 796 veneranda
354 729 534 814 patrocinia
560 729 752 792 invictorum
785 729 939 813 militum,
974 732 1040 813 et⁴)
1069 732 1144 816 quia
1177 735 1317 797 vestram
1343 735 1412 819 jam

140 834 231 919 piam
257 833 353 896 fidem
374 833 410 895 in
431 830 559 915 praeliis
582 831 756 914 imperator
779 832 927 915 agnovit,
956 832 1094 897 feliciter
1116 835 1325 899 confessionis
1346 859 1412 900 mu·

139 958 221 999 nera
245 937 463 999 consummate
472 934 509 1018 ⁵).
543 931 642 997 Dabit
664 933 767 1016 Deus,
792 955 888 1017 quum
910 934 972 1018 ipsi
994 935 1167 1019 placuerit,
1193 938 1339 1002 reducem
1362 961 1412 1002 ec-

137 1038 249 1102 clesiis
278 1036 433 1120 quietem,
468 1039 501 1099 et
523 1039 559 1098 ut
586 1057 778 1117 moerorem,
811 1057 905 1120 quem
935 1036 1065 1101 induxit
1091 1039 1283 1122 adversitas,
1321 1041 1411 1124 pacis

133 1140 312 1205 dulcedine
336 1137 526 1202 consoletur.

648 1323 830 1425 Epistola
856 1326 909 1408 12.

343 1476 585 1544 Orientalium
608 1477 854 1558 episcoporum
876 1477 918 1542 ud
944 1475 1207 1558 Symmachum.
1423 1512 1446 1547 a.
1460 1501 1516 1546 ste.

63 1631 115 1679 97,
176 1619 266 1669 Enixa
282 1624 384 1683 petunt,
407 1625 434 1666 ut
453 1616 622 1666 Orientalibus
640 1619 753 1665 ecclesiis
770 1618 903 1666 schismate
921 1618 1095 1668 laborantibus
1112 1638 1184 1686 quam
1201 1624 1305 1684 primum
1322 1622 1378 1671 sub·

171 1706 270 1762 ueniat,
294 1704 390 1768 sibique
413 1703 603 1751 communionem
626 1703 767 1765 impertiat,
795 1709 822 1750 ut
840 1705 883 1766 qui
896 1704 971 1764 fidem
995 1706 1142 1755 catholicam
1159 1709 1330 1771 profiteantur
1348 1724 1378 1756 ae

172 1790 319 1840 nominatim
337 1787 451 1837 Nestorii
468 1793 493 1835 et
512 1786 660 1850 Eirtpclietis
677 1786 797 1835 haereses
815 1788 946 1845 damnent,
971 1792 1081 1853 quamuis
1099 1790 1131 1839 ad
1150 1791 1193 1848 iis,
1213 1793 1256 1856 qui
1272 1794 1377 1858 in'quo·

173 1875 288 1923 menidam
306 1874 464 1923 addictorum
482 1873 642 1921 damnatione
666 1888 715 1919 non
733 1874 907 1936 acquiescant.
936 1875 1039 1923 necdum
1056 1874 1105 1922 sibi
1122 1876 1299 1926 discedendum
1316 1894 1378 1941 pro·

540 1963 601 2020 pter
618 1957 748 2006 utilitatem
766 1956 898 2006 Ecclesiae
914 1964 1012 2021 putent.

293 2090 477 2155 Ecclesia
515 2088 741 2153 Orientalis
784 2089 829 2153 ad
866 2088 1141 2173 Symmachum
1181 2093 1412 2179 episcopum

388 2191 615 2255 Romanum.

229 2316 256 2376 1.
295 2311 403 2375 Bonus
426 2310 478 2374 ille
501 2313 534 2373 et
556 2313 679 2372 amator
702 2308 866 2373 hominum
888 2309 1044 2374 Dominus
1072 2316 1181 2377 noster
1203 2313 1298 2378 Jesus
1321 2314 1410 2381 Chri-

134 2419 220 2498 stus,
244 2414 298 2498 qui
320 2412 650 2497 propterbonitatem
673 2434 761 2474 susim
784 2412 819 2474 in
841 2434 899 2475 nos
922 2413 1083 2477 inclinans
1107 2416 1209 2480 coelos
1233 2419 1265 2479 et
1280 2418 1409 2481 descen-

135 2518 220 2581 dens
242 2516 282 2578 ad
304 2519 421 2598 terras,
455 2513 668 2578 immaculatis
698 2514 874 2598 evangeliis
902 2515 1042 2599 quotidie
1073 2515 1151 2579 illud
1181 2518 1312 2583 clamat:
1345 2512 1553 2596 donfflaiihd,

408 2623 414 2634 .
564 2624 569 2634 .
922 2624 927 2635 .
1161 2627 1166 2638 .
1316 2627 1321 2639 .
1431 2587 1460 2635 t‘i
1471 2582 1549 2635 et13.

135 2632 183 2683 est
205 2640 280 2698 opus
302 2623 467 2681 ualentibus
488 2623 613 2694 medico,
637 2622 692 2678 sed
711 2623 791 2679 male
805 2622 997 2714 habentibus
1022 2640 1081 2682 non
1097 2641 1164 2684 oeni
1178 2642 1289 2686 vocare
1299 2633 1408 2701 pastos,

136 2728 194 2789 sed
209 2732 388 2801 peccatores
410 2726 453 2782 ad
468 2726 696 2799 poenitentium.
731 2718 806 2783 Plus
830 2723 937 2783 autem
958 2720 1067 2784 volens
1084 2722 1207 2806 aperire
1222 2745 1319 2807 opera
1335 2746 1410 2788 suae

137 2822 340 2904 clementiae,
365 2821 483 2905 adjecit
505 2823 539 2884 in
560 2821 767 2904 sequentibus
783 2822 907 2885 dicens:
933 2827 1003 2897 (luis
1025 2835 1123 2887 autem
1146 2832 1411 2891 uestrumhabenr
1445 2821 1509 2875 1¹⁰0·

136 2939 259 2992 centum
275 2946 351 3002 oves,
375 2932 403 2988 si
417 2930 591 3004 perdiderit
613 2945 694 2988 ouem
717 2946 809 2987 unam
831 2945 871 2988 ex
894 2932 939 3000 is,
964 2946 1064 2988 nonne
1085 2934 1228 3005 relinquit
1242 2938 1409 3007 nonapinta
1424 2896 1484 2958 14,4
1497 2910 1531 2945 ⁸⁸¹

136 3049 244 3094 novem
267 3035 297 3090 in
321 3033 451 3103 deserta,
482 3038 511 3088 et
533 3032 616 3089 radii
644 3032 687 3088 ad
705 3032 875 3105 perditam,
906 3031 1050 3104 quamdiu
1072 3035 1205 3092 inueniat
1227 3037 1333 3094 illam?
1371 3037 1411 3094 Et

112 3138 294 3196 ducentem
321 3136 447 3209 imponit
479 3135 561 3192 illam
588 3135 726 3205 pandens
754 3135 785 3191 in
813 3134 945 3192 humeris
971 3136 1046 3206 suia,
1086 3142 1115 3193 et
1143 3139 1264 3195 ueniens
1291 3138 1409 3196 domum
1454 3159 1457 3165 ¹

132 3256 241 3309 suam,
266 3243 412 3297 conuocat
430 3238 541 3295 amieos
562 3253 631 3294 suos
652 3242 682 3293 et
702 3237 824 3307 vicinae,
851 3236 970 3293 dicens:
991 3238 1205 3310 „conpaudete
1226 3239 1313 3310 milri,
1338 3242 1410 3312 qnia

135 3343 341 3402 iuueniorem
364 3355 459 3396 meum
480 3340 665 3412 perditam“.
700 3332 744 3395 Et
766 3336 802 3395 ut
825 3332 941 3395 clarius
963 3332 1158 3417 fie1·etquod
1181 3335 1312 3416 dicitur,
1337 3358 1409 3399 mox

134 3438 261 3522 adjecit
290 3435 476 3520 parabolam
508 3434 666 3516 mulieris,
703 3457 783 3518 quae
816 3433 975 3518 perditam
1008 3435 1176 3499 invenerat
1212 3437 1408 3521 drachmam,

115 3541 284 3623 'utrisque
306 3538 486 3622 adjungens
510 3541 543 3600 et
564 3537 689 3601 dicens:
714 3543 806 3600 Amen
831 3543 899 3600 dico
917 3543 1006 3613 uobis,
1032 3546 1105 3616 quia
1126 3546 1170 3603 sic
1189 3547 1241 3615 fiet
1261 3547 1409 3618 paudium

131 3652 165 3708 in
192 3647 285 3706 coelis
306 3647 345 3703 de
366 3662 427 3704 aaa
446 3652 609 3719 peccatore
628 3647 845 3719 poenitentiam
869 3652 986 3717 aperte.
1179 3619 1186 3634 ⁵

224 3741 315 3806 Haec
337 3741 403 3809 dixi
412 3742 447 3824 ¹),
472 3741 683 3822 sanctissime,
715 3740 835 3804 audens
858 3741 1037 3825 supplicare
1060 3765 1126 3806 non
1148 3765 1206 3826 pro
1228 3744 1407 3827 perditione

130 3845 235 3912 unius
268 3843 334 3907 ovis
367 3865 469 3927 neque
497 3866 554 3926 pro
582 3843 761 3927 perditione
790 3843 883 3907 unius
913 3843 1099 3928 drachmae,
1138 3845 1192 3908 sed
1220 3868 1277 3928 pro
1306 3847 1408 3911 amica

206 4087 229 4150 ³)
248 4083 302 4136 Pro
324 4081 419 4135 littera
443 4086 472 4134 H
493 4080 628 4135 Batonius
650 4080 795 4134 substituit
819 4087 855 4147 N,
879 4097 966 4150 eoque
990 4084 1229 4152 monogrammate
1252 4082 1408 4136 Ennodium

124 4167 352 4237 intelligendum
370 4165 529 4220 arbitratur.
564 4165 669 4219 Verum
687 4166 710 4219 is
730 4167 854 4220 veterum
872 4182 932 4220 mos
950 4169 1024 4231 erat,
1048 4167 1095 4235 qui
1116 4166 1224 4220 nonnisi
1242 4167 1325 4235 longe
1343 4170 1408 4237 post

123 4252 299 4326 Symmachi
317 4254 445 4322 tempora
461 4249 564 4304 mutari
577 4252 680 4319 coepit,
702 4251 732 4303 ut
744 4269 828 4318 quum
842 4269 944 4320 vagum
956 4251 1071 4319 aliquod
1082 4269 1183 4305 nomen
1195 4253 1349 4320 exprimere
1362 4270 1407 4306 vo·

121 4339 246 4403 lebant,
267 4337 336 4390 illud
357 4353 412 4389 non
434 4337 493 4390 sola
515 4336 610 4389 littera
630 4341 653 4388 i*
679 4336 729 4389 scd
747 4339 813 4389 nota
831 4343 866 4393 itt.
886 4335 1072 4404 designarent.
1115 4337 1291 4406 Quapropter
1317 4337 1408 4407 magis

120 4443 198 4484 cum
217 4422 366 4476 Sirmondo
384 4421 503 4475 retinere
521 4421 615 4489 placet
632 4421 754 4474 htteram
773 4426 799 4473 H
805 4463 811 4480 ‚
831 4437 919 4487 caque
931 4419 1108 4474 Hormisdam
1127 4423 1192 4475 tunc
1210 4420 1357 4475 diaconum
1374 4439 1407 4476 aa

119 4511 236 4585 postea
254 4505 412 4575 Symmachi
430 4522 617 4560 successorem
635 4505 812 4573 designatum
830 4505 1017 4574 interpretari.

200 4597 224 4662 ⁴)
245 4596 271 4646 οἵ
290 4599 350 4662 quia
367 4602 392 4644 ct
404 4597 469 4658 jam.
506 4591 576 4643 Tum
595 4590 675 4644 Sirm.
696 4601 804 4644 uestram
819 4596 895 4656 fidem
913 4589 1014 4644 omisso
1032 4597 1108 4658 piam.

200 4682 223 4747 ³)
244 4680 271 4731 0⁷
288 4696 472 4736 consummem·
495 4678 523 4729 et
540 4693 604 4730 mox
622 4681 746 4729 reducere
769 4690 820 4744 pro
838 4680 962 4728 reducem.
999 4674 1121 4730 Subinde
1140 4675 1220 4728 Sirm.
1240 4680 1333 4728 indicit
1354 4691 1406 4745 pro

115 4770 244 4825 induxit.

200 4853 223 4918 ¹)
242 4848 272 4901 a¹
292 4852 351 4900 dixi
419 4852 575 4900 canctusime
650 4851 746 4899 audens
769 4844 883 4913 (scilicet
906 4845 1022 4899 eeclesia
1045 4845 1205 4911 orientalis,
1233 4863 1304 4912 quae
1327 4846 1406 4914 quasi

113 4942 251 5008 loquens
271 4930 438 4999 inducitur);
458 4932 514 4985 bc²
533 4949 590 4998 seq.
609 4937 718 4986 dimitrius
789 4934 997 4988 sanctissime
1016 4936 1078 4984 ausi.
