3204 5506
305 352 499 403 arrsronsa
522 345 758 406 6APPEND1X;
797 353 991 408 arrsronnn
1015 346 1045 405 7.
1068 346 1096 404 8.
1270 338 1334 405 697

96 504 231 570 'flamm
253 505 432 571 interimat!
474 507 609 575 Utinam
631 510 831 577 devotionem
852 533 957 577 meam
977 511 1013 575 in
1033 532 1113 596 pace
1135 509 1331 594 manifestet,
1345 524 1439 574 asor.

115 607 218 692 eujus
241 608 381 673 studium
402 610 580 698 resignavit
602 613 794 697 adversitas,
823 614 909 679 illius
938 614 1107 680 concordia
1135 613 1335 679 commendet

96 709 270 794 sequium!
352 719 354 723 ’

157 810 184 875 2.
220 811 273 876 Ad
300 812 541 881 Marcellianum
568 816 750 902 episcopum
784 818 905 883 directa
938 821 988 882 est
1015 841 1034 882 a
1060 818 1161 882 fratre
1171 818 1196 899 ¹)
1230 819 1334 882 vestro

96 913 228 977 {tracta
249 913 384 1000 legati03
407 915 461 980 sed
484 917 559 1001 quid
581 919 785 1002 promoverit,
809 920 878 1004 ipse
900 919 1074 1004 rescripsit.
1109 919 1198 995 Quod
1221 922 1332 1002 restat,

96 1014 225 1080 nectis
246 1015 448 1082 salutationis
469 1041 583 1103 precor
604 1021 730 1105 officiis,
758 1025 793 1087 ut
814 1021 966 1107 quidquid
981 1043 1113 1108 aegrum
1128 1025 1187 1104 est,
1211 1021 1334 1087 medica

96 1115 213 1181 atione
237 1120 363 1203 curetis,
387 1124 420 1184 et
441 1119 526 1186 inter
548 1122 718 1190 latentium
740 1127 863 1189 secreta
885 1123 1076 1207 morborum,
1105 1122 1159 1209 qui
1181 1124 1216 1187 in
1238 1145 1333 1211 gene·

96 1237 170 1284 em
191 1241 302 1286 necem
324 1221 476 1308 salvatur,
499 1222 586 1290 ferro
607 1225 745 1313 spiritali
767 1225 918 1292 resecetis
940 1246 1090 1291 errorem.
1134 1224 1226 1290 Vale.

587 1411 769 1518 Epistola
794 1413 817 1496 8

675 1565 724 1604 seu

155 1632 339 1720 Libellus¹)
361 1641 527 1700 Jonannia
549 1642 699 1710 diaconi,
729 1657 833 1712 quem
853 1642 980 1700 obtulit
1001 1647 1120 1701 sancto
1140 1657 1250 1713 papae
1348 1646 1372 1680 ὃ·
1385 1632 1434 1681 50⁶
1447 1627 1472 1680 d.

596 1746 808 1814 symmacho·
1351 1700 1379 1749 18
1392 1693 1467 1765 Sept.

157 1885 279 1953 Coelius
301 1888 466 1953 Johannes
488 1889 641 1954 diaconus
663 1889 816 1955 ecclesiae
838 1888 1014 1972 Romanae,
1044 1889 1097 1973 qui
1120 1911 1171 1954 me
1193 1890 1234 1954 ad
1256 1893 1334 1955 tem·

96 2010 131 2052 s
155 1991 193 2053 ab
204 1989 350 2055 Ecclesia
372 1993 534 2075 separavi,
558 1993 735 2077 agnoscens
758 2013 896 2055 errorem
918 2013 1023 2055 meum
1044 2013 1137 2075 spero
1159 1992 1335 2057 misericor-

96 2112 158 2154 ιιι]
183 2092 391 2156 beatitudinis
414 2097 537 2158 vestrae
565 2097 598 2157 et
625 2093 838 2179 redintegrari
866 2115 916 2156 me
948 2092 1082 2157 unitati:
1119 2093 1333 2176 consentiens,

96 2213 155 2255 ‚ae
174 2194 356 2259 veneranda
378 2196 517 2279 synodus
535 2195 726 2282 judicavit²)
745 2199 841 2279 atque
857 2194 1035 2277 constituit,
1059 2194 1335 2259 anathematizans

96 2295 200 2359 etrum
222 2295 403 2361 Altinatem
425 2301 458 2362 et
479 2297 687 2362 Laurentium
708 2297 873 2361 Romanae
896 2297 1049 2362 ecclesiae
1069 2318 1273 2382 pervasorem
1303 2301 1336 2362 et
1447 2316 1449 2322 ’

96 2391 317 2463 hismaticum.
362 2397 480 2473 Quodsi
503 2399 675 2485 aliquando
706 2398 823 2464 similia
850 2399 1089 2484 adtemptavero
1110 2399 1145 2464 in
1167 2421 1206 2464 ea
1227 2420 1334 2482 causa,

96 2517 102 2551 ι
137 2517 195 2580 qua
218 2500 344 2564 veniam
367 2501 439 2585 ab³)
463 2502 643 2586 apostolatu
664 2505 771 2566 vestro
786 2501 897 2583 merui,
920 2504 1000 2565 tunc
1015 2500 1249 2567 ecclesiasticae
1264 2501 1335 2566 sub-

96 2614 194 2664 ceam
209 2600 336 2669 ultioni.
370 2602 460 2678 Quod
482 2626 579 2667 mann
602 2625 673 2668 mea
694 2603 908 2688 perscriptum
923 2603 1024 2668 obtuli
1040 2605 1100 2669 sub
1115 2603 1166 2669 die
1180 2602 1258 2668 XIV
1272 2602 1336 2668 Ka·

96 2697 239 2767 ndarum
262 2703 450 2770 Octobrinm
471 2704 519 2770 Fl.
543 2706 682 2770 Messala
704 2706 772 2770 viro
796 2705 971 2770 clarissimo
994 2705 1133 2770 consule.

136 2871 158 2939 ¹)
177 2875 229 2929 Hic
251 2874 393 2944 designari
415 2876 498 2945 putat
514 2875 572 2930 Jac.
587 2874 748 2929 Sirmondus
772 2873 952 2929 Laurentium
974 2874 1210 2930 Mediolanensem
1233 2874 1336 2946 cpisco-

98 2962 142 3019 Β),
163 2976 247 3029 quem
265 2959 302 3015 ad
318 2960 527 3015 Marcellianum
544 2959 749 3029 Aquilejensem
767 2976 819 3028 pro
837 2958 1003 3029 Symmacho
1025 2959 1179 3029 scripsissse
1197 2959 1334 3015 observat.

96 3046 190 3098 [num
207 3044 348 3100 Ennodius
366 3045 444 3099 linc
462 3045 540 3115 epist.
555 3051 586 3099 31
606 3044 720 3113 (Symm.
740 3046 840 3113 ep.19)
863 3044 900 3097 ad
920 3043 1071 3113 ipsummet
1088 3042 1284 3113 Symmachum
1302 3044 1336 3098 dc

96 3121 210 3184 latione
229 3130 328 3185 eadem
345 3129 386 3184 ita
403 3129 537 3198 loquitur:
556 3135 661 3184 Domine
679 3136 719 3189 mi,
735 3128 873 3200 samraelatua'
885 3133 933 3181 mei
943 3133 1104 3182 humilitatem
1115 3131 1238 3182 exhibens
1253 3149 1336 3197 parca

98 3219 229 3268 Μωίυιίε
247 3220 387 3270 electatione
405 3203 548 3272 contentus.
574 3219 635 3283 quid
656 3219 759 3268 domnas
782 3218 916 3281 episcopua
931 3218 1018 3278 frater
1039 3225 1124 3267 uester
1140 3232 1219 3280 cuper
1236 3218 1336 3267 directa

96 3297 197 3354 &fone
214 3308 337 3361 semera,
360 3304 564 3368 patefaciendum
586 3303 703 3368 praefati
724 3305 816 3352 litteris
833 3303 988 3366 derelinquo.
1025 3296 1054 3351 Si
1073 3296 1133 3366 quis
1151 3300 1245 3351 autem
1262 3297 1336 3366 lega·

96 3372 148 3457 ,¹¹5⁸
165 3383 372 3454 hujnscansam
384 3386 509 3453 quaerat,
526 3384 603 3438 iliani
616 3383 751 3453 expiscari
768 3382 870 3437 cilicet
888 3399 921 3436 ex
933 3381 976 3436 his
989 3381 1113 3451 ejusdem
1123 3380 1245 3437 Ennodii
1262 3381 1357 3453 hbe,

96 3458 145 3515 εἴ·
165 3475 198 3524 29
216 3469 331 3539 (Symm.
352 3469 431 3539 epist.
446 3473 501 3537 18):
531 3473 699 3538 inauspicata
722 3472 784 3522 bene
807 3473 840 3522 de
856 3473 913 3521 Deo
931 3471 1082 3522 merentibus
1099 3473 1166 3522 dona
1185 3471 1336 3522 tribuuntur.

96 3555 173 3608 rer-it
189 3574 303 3623 superna
321 3561 479 3624 dispensatio
497 3559 571 3608 etiam
589 3560 658 3624 qnod
673 3558 820 3622 supplicare
842 3557 982 3607 humanitas
999 3572 1049 3606 non
1064 3557 1211 3620 praesumit.
1249 3557 1335 3620 Apao-

96 3641 159 3687 ’Μ
178 3645 322 3695 adversarii
338 3645 407 3694 aedis
424 3651 533 3700 aesone,
552 3659 600 3708 quo
618 3651 796 3707 propnpnanle
819 3645 965 3693 vincantur:
988 3642 1057 3706 qnod
1071 3641 1189 3703 proxime
1206 3642 1238 3691 de
1257 3641 1336 3707 Aqui-

96 3724 166 3774 Μ
177 3728 330 3794 Rednnptor
347 3736 435 3778 noster
446 3730 580 3779 reseravit.
609 3723 756 3778 Destinata
773 3725 815 3777 est
832 3721 918 3791 igitur
935 3723 991 3776 ieta
1006 3721 1118 3791 legatio,
1137 3722 1169 3775 ut
1179 3721 1337 3790 Aquilejen-

96 3805 117 3846 ¹1
143 3807 309 3880 episcopum
331 3809 368 3864 ad
389 3808 526 3864 unitatem
548 3808 680 3863 reducere
698 3808 846 3874 niteretur,
872 3809 956 3876 atque
982 3806 1056 3860 hunc
1077 3807 1197 3861 fructum
1219 3806 1337 3862 feliciter

96 3886 185 3949 ³⁴0th
202 3911 279 3964 spem
298 3895 445 3949 consecuta
463 3896 513 3948 est.

134 3971 161 4043 ¹)
178 3979 221 4033 Ita
236 3978 438 4048 inscripserunt
454 3979 487 4033 Βι
500 3978 543 4032 Fi.
578 3980 616 4032 At
633 3982 660 4033 οο
677 3983 811 4045 Proseasio
828 3983 952 4033 Jolnnnie
972 3982 1082 4032 diaconi
1123 3980 1223 4032 Coelius
1240 3981 1336 4031 dohan-

96 4064 109 4096 θ
129 4063 199 4117 diac.
219 4072 281 4118 eccl.
300 4069 437 4120 Romanae.
473 4067 591 4129 Quiane
610 4074 657 4117 etc.

110 4217 116 4227 Ι
136 4144 161 4214 ¹)
179 4149 221 4205 Ita
237 4149 273 4203 1⁴¹⁶
286 4152 319 4203 cl.
350 4148 383 4203 Βί
395 4149 443 4203 Κ12
460 4155 587 4203 indicavit.
619 4147 748 4213 Quamvis
766 4148 794 4200 in
805 4146 932 4216 synodali
943 4146 1106 4213 constituto,
1126 4147 1201 4215 quod
1212 4147 1338 4216 superior

96 4226 155 4285 lull.
174 4241 189 4288 5
206 4235 412 4304 repraesentat,
435 4234 469 4289 de
487 4234 563 4289 Petri
580 4233 712 4288 altinatis
730 4231 909 4287 damnatione
927 4231 995 4286 nihil
1011 4232 1135 4302 legatur,
1159 4248 1222 4286 curn
1242 4233 1337 4286 tamen

96 4317 143 4365 ΠΜ
158 4317 319 4372 damnatum
336 4318 418 4373 fuisse
437 4334 470 4372 eo
489 4320 531 4373 est
548 4318 732 4388 probabilius,
751 4315 826 4386 quod
843 4316 904 4386 ipsa
915 4317 1037 4386 synodus
1054 4316 1083 4370 in
1100 4317 1215 4372 laudata
1228 4316 1338 4388 epistt

96 4401 140 4451 tt
154 4400 311 4471 Symmachi
327 4404 467 4474 approbet
483 4403 661 4473 petitionem,
681 4419 736 4473 qua
753 4400 914 4470 flagitabat,
933 4404 964 4456 ut
975 4401 1027 4456 iste
1040 4407 1168 4463 enitatur,
1188 4407 1231 4472 qui
1247 4413 1337 4457 contra

96 4485 229 4552 rtlfplcnens,
256 4500 347 4542 contro
369 4495 470 4557 repulus
496 4495 622 4556 carajorum
645 4493 734 4555 saera!
758 4493 915 4556 postulatus,
943 4486 1103 4542 discederet.
1148 4486 1245 4554 Neque
1271 4503 1337 4542 vero

96 4566 254 4641 lymmachus
272 4572 409 4628 inlocum
427 4591 506 4628 suum
525 4574 577 4628 nisi
589 4575 679 4643 ejecto
691 4572 833 4627 visitatore
851 4567 899 4625 illo
912 4570 1021 4625 restitui
1037 4573 1159 4642 poterat.
1189 4570 1260 4626 Hinc
1271 4588 1337 4627 vero

96 4670 133 4715 ren
146 4656 325 4712 Laurentium
343 4658 438 4725 modo,
462 4659 512 4713 sed
528 4659 682 4714 Altinatem
704 4658 789 4712 etiam
811 4656 972 4727 episcopum
990 4656 1088 4710 saltem
1111 4656 1146 4710 ad
1168 4673 1272 4711 annum
1288 4664 1338 4712 506

96 4762 131 4805 nn
145 4746 309 4814 provectum
328 4743 356 4797 in
373 4743 520 4798 schismate
537 4743 691 4814 perstitisse
710 4748 883 4812 compertum
899 4741 1027 4796 habetur.

139 4832 160 4898 ¹)
178 4831 205 4883 θ’
222 4834 293 4896 apud
309 4835 478 4897 apostolatum
496 4840 617 4896 vestrum,
636 4844 755 4899 moxque
767 4847 906 4883 monumen
919 4834 1052 4900 scriptum,
1072 4830 1101 4883 et
1113 4826 1218 4885 omittit
1229 4843 1291 4883 cum
1303 4827 1337 4882 Γᾶ

96 4927 111 4976 l,
129 4915 208 4986 (aulo
226 4917 360 4983 Messala).
