3204 5506
514 371 715 421 resumens
738 374 771 420 v.
1216 355 1279 421 573

101 544 128 589 n
151 491 309 610 expertes⁶
325 546 433 588 eorum
464 547 497 588 se
526 525 625 588 fuisse
647 527 818 607 testantur,
855 528 891 588 ut
912 525 1035 589 scilicet
1056 524 1141 588 illius
1169 525 1278 587 imma-

100 626 119 690 η’
137 627 223 712 Agni
246 627 289 690 sit
310 627 484 710 proprium,
508 626 632 690 nullum
646 648 776 710 prorsus
791 626 941 690 habuisse
956 629 1133 710 peccatum,
1157 649 1199 691 ne
1214 649 1279 690 nou

100 728 239 793 videatur
267 751 335 793 esse
357 728 590 812 deputandum,
622 729 648 792 si
672 730 753 793 alius
775 729 911 813 quilibet
932 733 1063 792 sanctus
1086 751 1199 813 expers
1228 729 1279 791 de-

113 829 206 895 fuisse
235 830 392 894 credetur.
439 829 590 895 Contenti
624 831 723 894 simus
756 853 833 915 ergo
862 830 1059 914 professione
1082 834 1277 909 sanctorum,

100 932 148 996 nid
175 932 214 996 de
242 955 276 997 se
304 933 367 1017 ipsi
395 934 499 1017 magis
531 933 743 1016 pronuntient
776 932 958 1015 audiamus,
993 954 1088 1016 quam
1121 932 1196 1017 quid
1230 931 1278 995 vel

102 1056 131 1097 re
160 1033 366 1119 cogitandmn
394 1036 437 1097 sit
474 1034 524 1098 vel
557 1035 676 1098 nostris
707 1034 911 1118 opinionibus
944 1033 1176 1116 ventilandum,
1211 1033 1279 1097 sine

100 1137 313 1200 ‚auctoritate
336 1139 503 1200 sectemur.

100 1239 127 1302 2.
172 1237 236 1303 Gur
259 1241 376 1320 autem,
400 1260 497 1322 quum
520 1238 606 1302 Deus
629 1238 833 1321 omnipotens
847 1241 920 1322 post
942 1237 1128 1321 mysterium
1152 1260 1279 1321 repara·

100 1361 110 1402 s
137 1339 296 1404 humanae
325 1339 421 1403 etiam
450 1339 482 1403 id
511 1339 632 1403 homini
663 1339 808 1403 conferre
831 1341 980 1424 potuerit,
1012 1344 1048 1404 ut
1069 1340 1110 1404 ab
1133 1341 1279 1404 omnibus

102 1441 251 1505 novitiis
275 1445 358 1505 esset
385 1441 553 1524 immunis,
583 1442 733 1505 maluerit
760 1441 870 1505 fideles
898 1464 973 1506 suos
1000 1443 1105 1506 salvos
1133 1442 1218 1525 fieri,
1248 1445 1280 1506 et

100 1547 199 1607 estare
221 1543 383 1627 perfectae
406 1543 614 1607 beatitudinis
636 1544 832 1626 firmitatem,
857 1547 893 1607 ut
914 1545 998 1628 quod
1019 1543 1178 1628 sperando
1199 1543 1280 1608 desi-

100 1667 174 1728 nus‚
211 1645 306 1709 rebus
339 1645 496 1728 possimus
524 1645 673 1728 adipisci3
707 1646 928 1729 censueritque
962 1668 1049 1710 nunc
1072 1653 1223 1726 perficere
1249 1646 1381 1709 r'n‘JCOr·

100 1753 188 1810 uitale
215 1754 387 1827 virtulem.
405 1769 501 1831 quam
530 1748 660 1811 remotis
687 1747 930 1811 infirmitatibus
965 1747 1140 1817 humanam
1175 1747 1280 1811 condi·
1301 1721 1367 1778 ¹⁹¹⁹

100 1870 133 1911 >m
155 1849 245 1912 nulla
272 1849 392 1912 sineret
418 1849 585 1934 languoris
613 1849 833 1933 exagitatione
849 1849 999 1933 pulsari:
1032 1853 1190 1933 (quantum
1217 1849 1280 1912 Do-

100 1950 345 2032 sministrarit
375 1951 444 2037 utf)
468 1951 631 2035 competit,
660 1949 834 2014 disseretur
862 1946 1099 2033 Scripturarum
1129 1950 1279 2014 testifico-

100 2049 163 2133 bus,
188 2054 301 2115 contra
323 2073 457 2142 quarum
479 2056 623 2117 tenorem
640 2052 719 2116 nihil
737 2056 785 2116 est
800 2056 920 2116 temere
936 2052 1160 2135 profitendum,
1185 2074 1280 2135 super

100 2153 235 2217 sensibus
265 2154 393 2218 erudiri.
438 2153 574 2219 Constat
602 2155 637 2218 in
665 2155 734 2238 ipso
767 2155 871 2239 primo
899 2153 1029 2217 homine
1058 2153 1220 2218 Christum
1248 2157 1280 2217 et

100 2255 190 2319 esiam
205 2256 388 2340 figuratum,
412 2256 506 2320 beato
522 2256 623 2320 Paulo
646 2257 789 2339 apostolo
805 2278 864 2320 nos
879 2257 1024 2338 docente,
1048 2277 1145 2338 quum
1161 2256 1199 2319 de
1215 2255 1280 2318 foe-

112 2359 213 2421 saneti
237 2358 380 2441 conjugii
400 2358 596 2441 loqueretur:
621 2363 851 2423 Sacramentum
867 2363 933 2436 boc,
958 2358 1116 2441 inquiens,
1140 2378 1281 2435 maenum
1294 2341 1363 2462 ξξξ

103 2481 155 2538 eye
178 2472 277 2524 aretem
301 2465 369 2523 dico
392 2467 421 2524 fn
446 2465 564 2525 Christo
592 2472 620 2524 et
641 2467 671 2524 in
696 2466 842 2525 Ecclesia.
889 2459 1001 2544 ltaque
1021 2461 1090 2543 jam
1112 2459 1187 2522 inde
1209 2459 1280 2544 utf)
1311 2452 1317 2473 '
1359 2453 1363 2462 ’

100 2565 195 2624 torum
218 2561 350 2646 quisque
372 2563 537 2645 processit,
566 2561 719 2645 inhujus
748 2563 942 2625 sacramenti
963 2562 1157 2647 figuratione
1180 2562 1280 2625 censi-

100 2667 154 2745 est3
189 2667 222 2727 et
254 2663 313 2726 hoc
341 2656 528 2747 mysterium
561 2686 671 2727 omnes
701 2664 804 2728 sancti
839 2663 879 2726 ab
909 2664 990 2728 Abel
1020 2664 1085 2727 suis
1115 2663 1281 2728 sacrificiis

101 2767 254 2850 nibusque
287 2769 467 2849 gesserunt.
513 2766 552 2829 ln
581 2765 709 2831 Christo
739 2787 815 2850 ergo
843 2769 874 2829 et
902 2766 936 2828 in
965 2764 1126 2847 Ecclesia,
1161 2765 1195 2829 in
1219 2788 1281 2849 qua

100 2889 121 2930 re
143 2866 337 2951 generaliter
358 2868 566 2950 praecondita
594 2871 642 2932 est
664 2868 807 2932 remissio
832 2871 1048 2951 peccatorum,
1082 2867 1190 2930 fideles
1213 2869 1280 2951 qui·

100 2968 162 3033 Deo
184 2970 351 3053 sanctique
375 2971 532 3053 vixerunt,
558 2974 590 3034 et
612 2992 710 3055 usque
735 2971 775 3033 ad
797 2970 878 3054 legis
900 2972 1046 3051 tempora
1067 2989 1124 3051 per
1146 2967 1279 3051 Moysen

100 3092 110 3134 e
131 3072 226 3135 certis
248 3075 326 3135 sunt
347 3072 513 3136 sacrificiis
535 3073 569 3136 in
591 3072 687 3156 hujus
709 3072 853 3156 mysterii
876 3072 995 3134 virtute
1017 3068 1158 3153 purgati.
1197 3067 1280 3143 Qua-

100 3175 189 3236 tersi
214 3178 372 3258 eguerunt
394 3197 504 3238 omnes
526 3175 669 3258 mysticis
692 3173 963 3237 immolationibus
979 3170 1214 3235 incessabiliter
1228 3193 1280 3234 ex-

101 3324 109 3357 ,
139 3297 204 3339 non
239 3276 370 3341 dubium
393 3281 441 3340 est
463 3277 550 3340 vitiis
574 3276 733 3339 humanae
767 3275 960 3339 conditionis
986 3274 1085 3336 fuisse
1119 3272 1280 3357 pulsat0s3

100 3374 166 3439 ibus
195 3399 248 3441 eos
276 3401 333 3462 per
361 3379 417 3442 illa
444 3378 583 3443 remedia
608 3378 709 3441 futuri
739 3376 931 3440 sacramenti
959 3375 1175 3438 necessarium
1197 3380 1282 3440 esset

100 3481 211 3542 canter
237 3480 369 3544 absolvi.
413 3480 488 3544 Jsm
516 3502 590 3544 vero
617 3480 699 3563 legis
726 3483 870 3563 tempore
898 3478 1059 3542 neminem
1080 3479 1179 3543 fuisse
1207 3501 1281 3543 san-

100 3601 145 3662 un,
174 3582 229 3665 qui
257 3603 323 3645 non
351 3581 488 3646 hostiam
521 3582 674 3646 obtulerit
701 3603 758 3666 pro
786 3583 935 3666 peccato,
969 3580 1079 3645 lectio.
1097 3581 1281 3646 veneranda

100 3831 261 3885 evocantur,
280 3825 401 3882 maumas,
426 3832 453 3873 at
471 3841 501 3874 ea
524 3840 589 3889 quae
611 3840 671 3874 ecre
688 3825 749 3873 vitiu
766 3832 824 3873 sunt
846 3826 952 3874 uirtutes
973 3830 1102 3875 vereretur.
1138 3823 1192 3872 Sed
1208 3841 1280 3889 qrrum

100 3909 247 3959 arationem
265 3916 403 3973 sequamur
420 3910 486 3957 israe
505 3911 662 3974 affectiones,
683 3911 784 3974 quando
802 3909 844 3956 ribi
861 3917 964 3973 oportet
984 3909 1143 3966 adhibentur,
1162 3911 1218 3974 quis
1236 3926 1281 3959 eas

100 3993 186 4044 norbae
203 4010 249 4043 eeu
266 3997 370 4046 vitiosus
388 3996 539 4059 affectiones
557 3996 650 4043 nuclea!
669 3995 773 4044 dicere?
808 3989 852 4043 Illi
869 4006 934 4045 vero
954 4006 1015 4043 cum
1033 3989 1189 4059 Augustino
1212 3990 1278 4044 ibid.

100 4078 155 4127 vitiu
177 4075 317 4129 vocabant
339 4091 386 4128 eas
408 4074 581 4141 affectiones,
605 4096 669 4144 quae
691 4087 782 4130 contra
803 4081 953 4129 voluntatem
975 4080 1105 4135 (recidunt,
1128 4086 1280 4144 mentemque

100 4161 169 4212 bem.
205 4157 261 4212 Sed
278 4176 341 4213 cum
359 4159 457 4213 eodem
476 4160 589 4214 doctore
608 4160 733 4231 profiteri
745 4160 890 4223 nolebant,
909 4158 984 4226 quod
999 4154 1132 4213 ἀπάθεια
1149 4159 1205 4225 illa,
1224 4175 1280 4227 qua

100 4249 172 4298 tsine
189 4249 228 4297 bis
246 4249 423 4313 affectionibus
441 4251 550 4303 nicatur.
570 4252 619 4299 etsi
635 4251 701 4300 bona
718 4252 795 4313 plane
812 4255 836 4299 et
855 4250 962 4297 manime
975 4249 1090 4312 optanda
1102 4256 1153 4306 est,
1171 4243 1220 4297 sed
1233 4264 1280 4297 nec

100 4327 161 4394 tejas
179 4341 218 4382 est
229 4334 306 4382 vilae.
336 4329 393 4382 Nee
412 4329 572 4396 audiebant,
592 4329 666 4399 quod
684 4329 791 4383 subdit:
811 4333 883 4382 Nunc
901 4349 960 4383 vero
978 4334 1042 4382 salis
1060 4333 1122 4383 bene
1140 4334 1237 4393 violem,
1256 4335 1281 4383 ai

100 4417 198 4474 rimiae:
215 4419 271 4467 sine
288 4424 395 4482 peccato
413 4425 495 4467 nutem
514 4420 557 4483 qni
573 4436 601 4468 se
619 4420 701 4469 vivere
719 4420 860 4476 existimat,
883 4433 932 4467 aon
951 4419 1015 4482 epit,
1035 4425 1063 4466 ut
1077 4424 1209 4482 peccatum
1228 4433 1278 4468 non

100 4504 116 4559 f,
132 4503 179 4551 sed
195 4510 223 4551 af
241 4506 336 4552 veniam
354 4519 403 4553 non
421 4505 540 4566 accipiat

100 4579 235 4637 lSublata
256 4583 395 4652 particula
412 4595 439 4636 ut
457 4601 518 4636 cum
537 4585 622 4637 verbo
641 4583 767 4651 sequenti
784 4589 925 4636 disseretur
943 4582 1053 4652 integra
1070 4581 1125 4635 erit
1143 4583 1232 4636 oratio
1250 4583 1278 4636 in

104 4667 225 4720 modum:
245 4679 362 4736 qrrnnlnm
381 4673 500 4721 Dominus
519 4675 631 4730 (federit,
650 4675 768 4736 conspetu
784 4673 970 4735 scripturaram
988 4672 1213 4735 testificationibus.
1243 4667 1278 4720 G¹

100 4767 107 4802 ι
123 4750 183 4805 loco
201 4757 386 4820 scripseramne
404 4752 490 4806 habet
512 4773 594 4813 mnam,
619 4753 660 4806 cni
680 4753 801 4806 secunda
819 4769 902 4806 runnu
919 4757 934 4804 l
952 4752 1182 4821 superscriptum,
1204 4770 1278 4807 mox·

100 4846 235 4892 clremere.

100 4920 152 4974 rG'
171 4923 261 4977 omitt.
281 4933 315 4975 at.
