3224 5506
637 349 836 397 nrrsuonau
859 339 909 396 42.
1365 337 1405 402 51

128 516 157 563 et
173 525 315 564 assensum
331 525 472 582 negamus,
487 508 557 564 idem
570 507 709 564 decretum
721 508 753 564 ab
766 509 906 565 Hormisda
918 510 972 565 ulla
983 511 1010 565 in
1023 526 1051 564 re
1063 511 1232 568 immutatum
1245 512 1286 569 vel
1299 522 1406 570 auctum

127 591 270 650 inficianti.
307 593 403 667 Neque
420 610 477 665 per
492 609 637 656 errorem,
661 602 691 650 nt
711 594 833 650 eruditus
855 594 901 650 ille
917 597 956 650 vir
971 595 1147 660 existimavit,
1174 596 1215 658 id,
1242 598 1315 671 quod
1337 598 1406 654 llor-

128 678 234 733 misdee
249 681 359 735 nomine
375 677 579 741 circumfertur,
602 680 627 735 ci
638 677 797 736 attributum
813 696 963 736 censemus.
995 679 1064 736 Sane
1080 679 1221 737 Hormisda
1236 683 1375 740 decretum
1391 701 1405 738 a

128 762 280 834 majoribus
295 765 352 820 suis
368 763 580 838 prolatumque
597 765 642 838 qui
658 764 804 839 recipiendi
820 763 889 827 libri,
906 766 952 839 qui
964 765 1102 836 rejiciendi
1113 775 1206 822 esseut
1218 766 1404 832 definiebatur,

128 847 283 922 epistl24
304 849 337 905 ad
357 848 547 905 possessorem
562 848 623 905 n.4
644 849 730 923 palam
752 850 862 924 agnovit
884 867 914 905 ac
935 849 1050 905 laudavit
1073 851 1113 906 his
1136 850 1242 908 verbis:
1272 854 1304 909 m·
1326 870 1402 924 uero,

129 950 206 1005 quos
220 951 272 991 uos
286 936 322 991 de
335 935 442 990 Fausti
457 936 612 1007 cujusdam
627 935 704 991 Galli
717 938 853 991 antistitis
868 938 1047 992 consanuisse
1067 937 1173 993 titteris
1190 940 1354 1010 indicastis,
1376 940 1407 994 id

129 1020 186 1074 sibi
200 1035 372 1091 responsum
386 1020 528 1076 babeant.-
548 1036 641 1095 neque
662 1022 742 1077 iilum
757 1036 850 1094 neque
864 1037 1047 1094 quemquam,
1070 1038 1143 1094 quos
1157 1024 1186 1078 in
1202 1027 1405 1080 auctoritatem

129 1109 251 1174 patrum
266 1123 322 1161 non
338 1109 445 1177 recipit
460 1121 591 1177 examen,
608 1106 771 1162 catholicae
781 1106 851 1178 fidei
865 1113 916 1162 nut
932 1108 1151 1163 ecclesiastieae
1162 1108 1332 1180 disciptinae
1345 1127 1403 1165 am·

132 1190 299 1262 bipuitntem
311 1207 399 1263 posse
412 1194 543 1265 pipnere,
568 1198 620 1248 uret
640 1193 780 1265 retipiosis
791 1193 1009 1264 praejudicium
1029 1208 1214 1263 comparere.
1243 1194 1322 1250 Fixa
1339 1201 1404 1250 sunt

133 1293 151 1328 a
163 1275 315 1346 patribus,
329 1292 414 1350 puae
433 1276 535 1348 fideles
554 1279 666 1333 sectari
679 1277 802 1332 debeant
816 1280 956 1333 instituta.
992 1275 1024 1332 lit
1045 1277 1137 1350 paucis
1158 1275 1324 1348 interjectis:
1346 1296 1403 1335 raon

134 1362 290 1431 improm'eie
305 1362 473 1418 veneranda
487 1368 605 1433 patrum
619 1365 762 1433 sapientia
776 1363 856 1434 fideti
864 1365 1040 1434 posteritati,
1057 1377 1133 1434 quae
1148 1369 1243 1418 essent
1258 1364 1403 1420 catholice

135 1445 281 1517 dopmuta,
303 1448 427 1518 definiit,
452 1454 534 1503 certa
553 1448 693 1503 librorum
713 1450 798 1503 etium
820 1454 946 1503 ueterum
967 1449 996 1501 in
1018 1450 1221 1503 auctoritatem
1236 1451 1404 1520 recipienda

137 1538 236 1586 sancto
248 1530 360 1602 Spiritu
377 1535 536 1589 instruente
546 1534 731 1605 praefipens:
751 1547 788 1588 ne
809 1535 936 1604 opinioni
955 1547 1027 1588 sune
1045 1534 1140 1588 tector
1160 1534 1324 1606 irrumpens,
1347 1551 1404 1589 non

139 1616 207 1687 prid
219 1617 417 1688 aedificationi
431 1619 647 1674 aeclesiasticae
661 1620 838 1692 conueniret,
856 1620 908 1674 sed
921 1619 998 1690 quod
1009 1619 1143 1674 uoluntas
1157 1634 1211 1674 suu
1225 1622 1404 1690 concepisset

140 1709 292 1756 assereret.
316 1699 459 1757 Enimvero
475 1702 540 1775 quid
555 1710 597 1758 est
612 1701 678 1757 illud
695 1717 828 1772 examen,
845 1703 871 1757 in
889 1719 943 1775 quo
960 1703 1102 1759 Faustum
1114 1705 1243 1775 aliosque
1258 1706 1287 1759 in
1304 1711 1403 1759 aueto-

141 1788 251 1841 ritatem
261 1793 383 1859 potrum
398 1788 579 1859 recipiendos
593 1805 650 1844 non
666 1803 728 1844 esse
745 1791 928 1844 constitutum
945 1794 996 1858 est,
1013 1789 1039 1842 in
1055 1804 1109 1862 quo
1123 1790 1189 1860 fixa
1205 1796 1273 1845 sunt
1285 1807 1302 1843 a
1310 1792 1404 1860 patri·

142 1870 203 1939 bus,
224 1885 299 1945 quae
317 1873 420 1944 fideles
439 1876 549 1929 sectari
562 1874 684 1930 debeant
699 1877 844 1937 instituta,
866 1880 894 1928 ot
914 1873 942 1927 in
964 1889 1018 1946 quo
1041 1871 1149 1928 demum
1170 1891 1228 1929 non
1248 1875 1405 1945 improuide

144 1957 302 2012 veneranda
318 1963 440 2029 patrum
460 1961 603 2031 supientia
623 1959 702 2032 fideti
717 1961 884 2031 posteritati
902 1973 978 2032 qnae
999 1964 1095 2014 essent
1110 1958 1254 2014 catholica
1270 1960 1404 2031 dopmnis

143 2041 254 2112 definiit,
270 2049 353 2098 certa
367 2038 507 2099 libiorum
530 2047 615 2100 etiem
631 2050 758 2100 ueterum
773 2047 802 2099 in
815 2047 1018 2100 auctoritatem
1033 2044 1203 2114 recipienda
1219 2050 1322 2099 sancto
1339 2043 1403 2115 Spi-

144 2129 197 2181 ritu
210 2129 370 2183 instruente
380 2131 569 2201 praefipens?
602 2127 685 2185 Nemo
702 2128 768 2184 lianc
783 2128 815 2183 ad
831 2127 916 2184 ullum
932 2127 1056 2184 retulerit
1071 2127 1209 2184 decretum
1225 2144 1320 2183 corum
1336 2145 1405 2202 pon·

146 2208 247 2272 ilicum,
264 2213 310 2285 qui
326 2211 432 2268 Gelasio
448 2212 488 2268 vel
505 2214 653 2269 anteriores
669 2213 711 2270 vel
726 2214 895 2288 posteriores
911 2215 1080 2269 exstiterunt.
1109 2211 1201 2269 Restat
1216 2214 1310 2287 igitur,
1327 2221 1357 2268 ut
1373 2230 1404 2268 ea

148 2311 202 2351 cum
216 2294 333 2353 Romano
349 2295 548 2370 pontificiarum
564 2298 739 2372 epistolarum
755 2298 873 2361 editore,
890 2299 1020 2362 baronio,
1037 2298 1156 2361 Norisio,
1177 2298 1262 2372 Pugio
1278 2297 1311 2353 ad
1327 2297 1403 2353 Gela·

147 2381 222 2443 sium,
242 2383 285 2437 cui
299 2383 435 2439 innumeri
448 2381 550 2457 probae
571 2391 651 2439 uotae
671 2384 845 2457 manuscripti
866 2382 1004 2439 decretum
1026 2383 1059 2439 dc
1080 2381 1156 2439 libris
1176 2383 1336 2456 recipiendis
1359 2381 1404 2438 ad·

149 2463 272 2530 scribunt,
293 2467 451 2523 referamus.
489 2467 587 2524 Verum
603 2467 761 2524 Hormisdae
782 2467 885 2524 decreti
906 2467 988 2539 hujus
1003 2468 1169 2540 instaurandi
1185 2486 1269 2542 quum
1284 2469 1404 2524 occasio·

151 2566 204 2606 nem
217 2550 333 2609 dedisset
348 2559 441 2608 exorta
457 2552 490 2608 de
505 2551 580 2609 libris
595 2554 793 2615 controversia,
814 2553 881 2608 nihil
903 2570 917 2608 a
932 2560 1069 2627 potestate
1084 2571 1133 2608 sua
1148 2552 1265 2609 alionum
1281 2555 1404 2610 commis-

152 2651 233 2691 sumu
247 2653 276 2692 se
291 2639 398 2693 censuit
412 2639 434 2693 is
450 2654 532 2712 papa,
556 2639 579 2693 si
601 2637 730 2694 nonnulla
751 2639 776 2694 ei
797 2656 848 2712 pro
870 2640 999 2713 temporis
1021 2639 1126 2696 ratione
1147 2637 1283 2709 adjiceret.
1320 2639 1353 2694 Et
1373 2656 1403 2695 ea

154 2719 247 2792 quidem
261 2721 393 2787 libertate,
410 2722 473 2779 licet
487 2724 515 2778 iu
529 2725 631 2798 paucis,
654 2733 696 2780 est
718 2740 794 2780 usus.
825 2723 859 2779 Ut
878 2724 963 2797 igitur
977 2724 1105 2798 deinceps
1126 2732 1215 2780 cesset
1236 2726 1324 2780 onmis
1340 2742 1404 2780 con-

156 2803 227 2869 tuto,
243 2814 365 2863 nostrum
380 2815 437 2870 est,
455 2808 500 2882 qui
515 2808 612 2865 Gelasii
628 2807 840 2882 llormisdaeque
854 2811 955 2882 scripta
970 2810 1112 2883 separatim
1128 2809 1242 2872 edimus,
1260 2811 1404 2884 urricuique

156 2888 252 2947 reddere
266 2909 333 2965 quae
347 2909 398 2948 sua
412 2901 491 2955 sunt,
512 2910 563 2950 nec
578 2911 622 2957 ea,
645 2910 713 2968 quae
734 2901 800 2950 sunt
815 2893 972 2951 Hormisdou
988 2910 1110 2969 quaeque
1125 2896 1153 2951 in
1170 2894 1266 2951 Gelasii
1283 2903 1404 2970 tempora

157 2990 202 3030 uou
214 2978 384 3039 conveniunt.
408 2977 488 3049 hujus
508 2967 619 3035 decreto
635 2978 791 3035 admiscere.

229 3063 273 3118 11.
301 3064 416 3126 dunum,
439 3079 494 3138 quo
510 3062 632 3120 Gelasius
648 3065 783 3140 hocopus
799 3080 947 3139 aggressus
962 3073 1013 3126 est,
1029 3064 1153 3138 plerique
1168 3072 1272 3120 certum
1287 3075 1402 3139 ponunt,

159 3143 197 3198 scd
214 3145 298 3203 nullus
317 3147 423 3223 probat.
454 3147 558 3204 Primus
574 3149 703 3206 benonim
719 3166 751 3205 ox
767 3149 900 3206 annalium
915 3149 1071 3206 conditione
1087 3149 1119 3205 ad
1142 3159 1232 3206 certos
1248 3167 1333 3206 anuos
1348 3152 1404 3206 sin·

160 3228 319 3300 galantiae
334 3242 459 3297 coactus,
485 3233 553 3290 illud
568 3233 600 3290 ad
615 3251 715 3291 annum
730 3233 793 3293 494
814 3234 887 3292 nulla
902 3234 983 3305 hujus
999 3236 1039 3290 rei
1054 3236 1235 3308 exquisitione
1250 3234 1292 3290 rel
1306 3235 1405 3309 proba-

161 3314 221 3370 tione
233 3319 374 3391 praemissa
389 3319 494 3375 retulit.
515 3318 593 3375 llunc
608 3318 705 3375 deinde
720 3321 808 3376 secuti
819 3319 964 3376 Severinus
979 3320 1070 3376 ltinius
1086 3328 1113 3376 ct
1128 3321 1212 3376 ceteri
1227 3320 1404 3376 conciliorum

161 3397 273 3466 edbores,
287 3403 446 3467 concilium,
463 3405 489 3460 in
505 3421 560 3478 quo
576 3404 677 3460 editum
700 3412 755 3468 cst,
776 3407 813 3461 ita
828 3404 861 3460 do
876 3423 927 3461 suo
942 3406 1152 3480 inscripserunt:
1175 3405 1331 3463 Concilium
1346 3407 1404 3463 Ito·

162 3488 289 3560 mannml,
304 3493 335 3546 in
349 3507 406 3564 quo
422 3509 440 3545 a
450 3490 536 3545 LXX
548 3493 691 3563 episcopis
705 3492 773 3548 libri
780 3495 863 3547 sueri
877 3498 904 3547 et
919 3492 1080 3548 anthentici
1092 3492 1130 3548 ab
1145 3492 1324 3564 apocryphis
1339 3498 1406 3548 sunt

163 3568 270 3643 disereti,
291 3575 344 3631 sub
360 3575 475 3631 Getasm
491 3592 568 3632 nuno
583 3575 697 3632 Domini
716 3574 795 3646 494,
816 3577 930 3633 Asteria
952 3583 1039 3650 atque
1058 3578 1211 3634 Praesidio
1231 3578 1406 3633 consulibus.

164 3649 288 3714 bolbonae
307 3668 335 3716 et
354 3660 434 3715 lusto
455 3659 606 3717 Fontanino
627 3660 754 3735 religioni
774 3659 839 3725 luit,
861 3661 932 3717 idem
953 3661 1096 3718 concilium
1118 3678 1188 3719 anuo
1203 3660 1265 3719 494
1287 3662 1406 3719 lubitum

166 3752 256 3812 urgere
270 3745 331 3818 quia
347 3745 410 3801 licet
425 3745 552 3802 Vaticano
567 3747 596 3801 in
611 3745 712 3808 codice,
728 3762 783 3820 quo
799 3763 865 3802 usus
881 3754 937 3809 est,
960 3746 1065 3804 nullum
1080 3765 1180 3804 annunt
1195 3748 1220 3804 ei
1236 3747 1348 3804 vidisset
1362 3746 1407 3802 ad·

166 3825 385 3898 supremorum
402 3832 429 3886 in
450 3848 514 3887 mss.
528 3829 637 3886 lustelli
652 3830 756 3893 aliisve,
778 3848 848 3905 quos
864 3826 969 3888 Gabriel
984 3832 1149 3897 Cossartius,
1170 3832 1306 3897 Labicus,
1329 3833 1407 3887 Peer-

167 3911 241 3967 tou'us
254 3931 282 3970 ec
296 3915 393 3971 Petrus
401 3913 559 3972 Frarrciscus
572 3915 723 3972 Chittletius
735 3915 854 3980 laudaut,
870 3916 990 3974 eamdem
1002 3919 1138 3992 synodum
1150 3920 1264 3975 Asteria
1277 3925 1304 3974 et
1315 3918 1407 3973 Prae-

168 3994 221 4052 itta
233 4002 393 4057 conmdibus
408 3999 478 4057 bona
502 3999 553 4056 lide
575 3999 689 4057 credidit
704 4003 899 4078 consignatam.
935 4003 1000 4059 June
1020 4012 1110 4059 tamen
1126 4002 1294 4066 dubitemus,
1316 4019 1349 4058 an
1366 3999 1408 4057 vel

171 4090 222 4135 unus
240 4085 351 4157 proferri
371 4085 457 4142 valeat
478 4085 578 4149 codex,
599 4087 627 4142 iu
648 4103 702 4161 quo
724 4087 765 4143 bis
786 4086 943 4143 consulibus
964 4096 1010 4144 aut
1032 4088 1087 4144 ulla
1107 4088 1238 4162 temporis
1259 4095 1324 4143 nota
1344 4102 1408 4143 con-

171 4161 276 4236 signeto.
305 4171 385 4227 Certe
401 4171 467 4227 nilril
483 4170 639 4242 hujusmodi
653 4172 681 4228 iu
697 4170 753 4227 ullo
770 4189 784 4228 o
800 4173 914 4235 nostris,
936 4175 1108 4246 quantumvis
1125 4172 1225 4228 inultos
1241 4171 1409 4227 consulueri-

172 4260 227 4314 Μ.
245 4257 397 4330 reperimus.
435 4255 527 4330 Neque
548 4255 683 4312 feliciores
706 4256 755 4312 bac
776 4259 804 4313 in
824 4274 854 4313 rc
869 4258 981 4314 luerunt
995 4259 1052 4314 sive
1067 4259 1146 4332 primi
1161 4256 1337 4313 conciliorum
1354 4256 1409 4311 edi-

174 4337 228 4390 1οΜ
237 4337 573 4405 llerliuus,(lrubbiusetc.,
581 4342 638 4397 sive
650 4342 696 4414 qui
707 4339 807 4398 Romae
819 4340 1017 4417 pontificiarum
1032 4343 1207 4418 epistolarum
1219 4341 1409 4398 collectionem

175 4421 345 4489 numanum,
357 4427 429 4482 sicut
443 4442 494 4482 nec
507 4426 615 4501 Pagius,
632 4428 678 4500 qui
694 4443 777 4500 quum
793 4429 919 4484 nnumin
935 4427 1017 4502 Regia
1034 4427 1197 4484 bibliotheca
1212 4431 1409 4502 antiquissimo

176 4501 319 4568 darauere
338 4519 476 4568 exaratum
497 4511 618 4568 codicem
640 4519 668 4567 et
688 4510 803 4569 alterum
819 4514 846 4568 in
862 4513 998 4569 Victorina
1018 4512 1216 4576 consuluisset,
1239 4512 1271 4568 ab
1292 4520 1410 4587 utroque

178 4589 275 4662 boponis
289 4604 380 4652 notam
395 4595 489 4653 abesse
504 4605 648 4672 expertus,
669 4613 724 4653 nec
739 4599 849 4670 dubito,
873 4599 974 4672 inquit,
997 4602 1064 4672 quin
1085 4602 1114 4654 in
1131 4603 1235 4655 ceteris
1254 4615 1321 4655 mss.
1337 4600 1409 4654 ctesi-

179 4668 276 4736 tltretur.
307 4681 390 4738 lmmo
406 4681 476 4756 apud
491 4681 641 4745 labbeum,
663 4684 710 4757 qui
730 4682 839 4739 dissert.
855 4683 998 4758 descript.
1016 4683 1111 4739 eccles.
1130 4684 1214 4740 toml
1230 4700 1292 4758 pag.
1300 4682 1359 4740 341
1378 4699 1410 4738 en

180 4762 242 4815 teuit
253 4764 481 4824 msbibliotlrecae
495 4784 559 4824 suae
574 4767 714 4823 decretum
729 4768 799 4824 idem
814 4786 828 4823 a
844 4785 874 4825 se
885 4768 1050 4843 descriptum
1067 4777 1192 4833 testatur,
1209 4768 1304 4825 eodem
1321 4767 1410 4829 modo,

182 4852 222 4909 lit
237 4846 366 4907 innostris
382 4869 457 4916 mss,
473 4853 587 4916 desinit,
604 4853 691 4909 tacitis
706 4853 872 4909 consulibus.
905 4853 945 4909 dd
961 4853 1135 4910 Pearsonium
1151 4854 1225 4929 quod
1239 4856 1350 4915 attinet,
1368 4850 1411 4906 ubi

1167 4949 1210 5012 4*
