3204 5506
229 399 290 465 978
668 417 695 465 s.
711 415 919 466 normanna
941 416 1057 464 aaran

122 595 146 632 a.
157 586 215 634 ⁶21.
230 568 453 653 ὁρισθέντων,
466 569 521 633 καί
537 572 709 644 παντελῶς
724 591 835 650 περιτ-

229 671 268 754 τή
292 671 385 735 έστιν
406 667 427 754 ή
451 671 661 752 δικαιολογιά
689 668 708 754 ή
732 690 837 752 προσ-

229 771 398 857 φερομένη
413 783 482 848 τοίς
499 772 836 856 παρεσκευασμένοις,

228 871 326 938 ὁπότε
349 874 426 957 περὶ
448 873 571 938 τούτου
596 877 659 938 τοὺ
682 873 836 956 πράγμα-

228 999 283 1051 τος
310 977 366 1039 καλ
401 973 486 1059 πρός
519 972 578 1040 τὸν
617 975 836 1052 ἐνδοξότατον

227 1078 283 1141 καί
327 1077 654 1160 φιλανθρωπότατον
696 1077 835 1158 βασιλέα

226 1176 286 1243 τόν
321 1176 485 1263 ήμέτερον
522 1176 599 1243 υίὸν
638 1176 701 1242 οὑκ
738 1176 834 1260 ὀλίγα

225 1277 454 1365 ήσημάναμεν.

267 1382 298 1446 6.
328 1383 394 1445 Καὶ
417 1379 532 1465 ἐπειδή
556 1383 633 1464 περὶ
655 1386 713 1464 τής
730 1380 832 1463 Ἰερο-
926 1382 957 1446 6.
991 1382 1034 1446 Et
1061 1384 1137 1467 quia
1167 1383 1206 1448 de
1236 1383 1485 1469 Hierosolymita·

226 1488 417 1567 σολυμιτῶν
445 1481 623 1567 ὁμολογίας
649 1479 833 1567 άπεκρινά-
884 1505 997 1548 norum
1039 1484 1241 1567 professione
1249 1487 1290 1573 ²⁵)
1336 1488 1485 1572 respondi·

225 1592 325 1670 μεθα,
348 1583 405 1648 καὶ
426 1588 526 1648 τοῦτο
542 1581 754 1668 ὑπελάβομεν
775 1589 834 1668 τής
883 1608 969 1668 mus,
1007 1588 1066 1650 hoc
1100 1608 1227 1671 quoque
1258 1591 1484 1654 aestimavimus

224 1689 355 1752 τούτων
370 1688 535 1770 σωτηρίας
550 1685 647 1769 χάριν
664 1683 833 1770 ἁρμοδίως
884 1688 996 1751 salutis
1023 1710 1132 1753 eorum
1156 1712 1255 1755 causa
1277 1696 1485 1777 competenter

225 1795 438 1872 προσθεῖναι,
460 1788 517 1851 ἵνα
540 1785 601 1853 ἐάν
617 1792 676 1872 τῆς
691 1793 831 1853 καθολι-
883 1790 1077 1873 addendum,
1122 1794 1160 1855 ut
1196 1793 1224 1856 si
1262 1794 1484 1858 communionis

225 1895 284 1974 κής
321 1890 499 1973 ἐκκλησίας
541 1888 731 1954 έπιποθῶσι
769 1895 831 1972 τήν
883 1891 1076 1974 apostolicae
1119 1893 1353 1979 desiderant²⁶)
1389 1896 1482 1960 unita·

223 1993 362 2073 ἕνωσιν,
390 1996 449 2075 τής
476 1992 563 2068 ἰδίας
589 1989 768 2076 ὁμολογίας
794 1987 831 2056 τὸ
882 1997 962 2074 tem,
1000 1994 1232 2077 professionem
1260 2019 1352 2061 suam
1375 1999 1483 2080 scripto

224 2091 310 2177 ὕφος
332 2093 510 2176 ἐγγράφως
531 2100 759 2178 μηνυθεῖσαν,
788 2091 831 2177 ήν
882 2094 1033 2178 inditam,
1079 2118 1173 2180 quani
1219 2099 1338 2183 legatis
1374 2099 1482 2162 nostris

223 2206 293 2272 τοῖς
327 2190 501 2280 ἡμετέροις
536 2196 758 2279 πρεσβευταῖς
791 2196 829 2260 ἐν
881 2196 966 2280 apud
1015 2195 1331 2284 Constantinopolim
1380 2202 1481 2284 positis

223 2297 583 2363 Κωνσταντινουπόλει
674 2296 829 2379 διάγουσι
881 2298 1081 2382 obtulerunt,
1112 2304 1167 2365 aut
1194 2324 1253 2387 per
1275 2323 1349 2366 suos
1371 2303 1411 2366 ad
1432 2324 1481 2366 nos

223 2401 472 2484 προσήνεγκαν,
484 2396 618 2464 διάτάν
635 2399 731 2463 ίδίων
746 2394 830 2481 πρὸς
880 2399 1036 2485 dirigant,
1065 2404 1121 2465 aut
1142 2402 1344 2468 fraternitati
1367 2408 1481 2468 vestrae

221 2500 577 2587 ήμάςάποστείλωσιν,
593 2500 615 2584 ή
628 2504 669 2585 τῇ
685 2496 829 2586 ὑμετέρᾳ
879 2501 1025 2585 tradant,
1048 2503 1157 2567 eodem
1179 2507 1307 2588 tamen,
1342 2507 1424 2571 sicut
1442 2506 1481 2569 di·

223 2601 423 2687 ἀδελφότητι
460 2602 625 2684 δώσουσι,
669 2608 710 2688 τῇ
743 2599 827 2688 αὐτή
878 2603 996 2686 ximus,
1020 2608 1131 2670 tenum
1151 2608 1387 2691 conscriptam,
1409 2630 1481 2692 quae

221 2707 352 2790 μέντοι,
389 2708 503 2781 καθώς
536 2699 648 2786 εἶπον,
685 2704 828 2788 δυνάμει
879 2704 917 2767 ad
940 2727 998 2769 nos
1020 2707 1122 2770 modis
1137 2708 1286 2772 omnibus
1308 2710 1370 2773 sub
1386 2715 1480 2773 aesna

221 2806 532 2891 συγγεγραμμένην,
547 2804 569 2889 ή
582 2830 631 2881 τις
645 2804 728 2889 πρὸς
743 2802 827 2890 ἡμᾶς
877 2805 1077 2871 ordinatione
1110 2808 1284 2873 deferatur.
1345 2810 1427 2875 Nam
1453 2816 1479 2875 et

221 2914 303 2974 πᾶσι
329 2919 398 2984 τοῖς
425 2906 561 2991 τρόποις
592 2904 637 2971 δι’
666 2903 827 2991 ὑμετέρας
877 2907 915 2971 de
951 2907 1308 2994 Thessalonicensibus,
1355 2935 1480 2999 quorum

221 3009 457 3085 διατυπώσεως
471 3008 721 3093 κομισθήσεται.
740 3009 827 3093 Περὶ
878 3010 918 3074 ad
944 3031 1003 3073 nos
1031 3009 1131 3095 legati
1159 3013 1219 3076 snb
1248 3012 1478 3079 clementissimi

219 3110 284 3195 γάρ
321 3111 614 3192 Θεσσαλονικέων,
659 3102 708 3174 oin
743 3109 827 3193 πρός
878 3115 910 3175 ct
931 3110 1106 3177 fidelissimi
1127 3114 1285 3199 principis
1308 3116 1368 3180 filii
1388 3117 1478 3180 nostri

220 3211 305 3299 ἡμᾶς
339 3214 374 3278 oi
405 3214 560 3295 πρέσβεις
592 3208 647 3276 διά
680 3217 739 3296 τῆς
764 3217 825 3276 τοῦ
877 3213 1078 3278 ordinatione
1114 3220 1288 3300 venerunt,
1334 3241 1375 3283 ne
1410 3217 1476 3302 quid

220 3314 420 3380 πιστοτάτου
442 3313 498 3377 καί
522 3312 742 3390 ένδοξοτάτου
763 3317 822 3398 βα·
877 3316 1020 3379 omisisse
1043 3316 1225 3401 credamur,
1249 3339 1346 3384 nosse
1366 3342 1419 3383 vos
1433 3342 1477 3382 το

221 3418 338 3492 σιλέως
365 3420 426 3480 τοῦ
455 3413 616 3499 ἡμετέρου
644 3416 723 3479 υλοῦ
752 3415 825 3479 δια-
876 3415 995 3501 lomus,
1019 3418 1191 3484 secundum
1215 3419 1294 3505 hoe,
1319 3423 1401 3506 quod
1422 3421 1476 3484 ln-

219 3509 599 3601 τυπείσεωςήλθον,ίνα
614 3517 690 3601 μήτι
716 3539 821 3599 παρα·
876 3519 963 3582 mino
991 3523 1100 3584 nostro
1126 3520 1205 3585 Jesu
1230 3521 1360 3588 Christo
1388 3523 1475 3606 inspi-

219 3620 408 3683 λελοιπέναι
445 3618 611 3702 δόξωμεν,
644 3617 825 3701 γινώσκειν
876 3624 968 3684 rante
995 3621 1166 3705 placuerit,
1200 3645 1332 3688 causam
1358 3647 1474 3689 omnem

218 3717 304 3803 ὑμᾶς
313 3720 507 3805 βουλόμεθα
519 3717 602 3785 κατὰ
614 3717 823 3802 cadeniaco
875 3726 984 3786 nostra
1025 3723 1232 3807 dispositione
1268 3727 1472 3792 trncmdam.

143 3881 144 3885 ,
218 3826 279 3885 τοῦ
301 3825 423 3906 κυρίου
445 3820 539 3906 ήμῶν
550 3821 659 3906 Ἰησοῦ
675 3827 824 3905 Χριστοῦ
874 3827 906 3886 et
942 3824 1015 3908 si²⁷)
1053 3825 1136 3908 quod
1171 3832 1301 3911 oportet
1336 3829 1472 3913 implere

219 3923 422 4006 ἐμπνέοντος
443 3921 580 4007 ἤρεσαν,
611 3922 673 4008 τήν
694 3921 822 3988 ὁπόθε-
874 3926 955 4007 rint,
978 3926 1199 3992 ordinandam.

217 4042 273 4088 σιν
296 4030 408 4089 πᾶσαν
430 4030 470 4109 τῇ
492 4023 635 4111 ὑμετέρᾳ
650 4025 823 4102 διασκέψει

219 4126 451 4210 φηλαφητέαν,
496 4127 551 4191 καί
584 4128 615 4192 εί
643 4127 726 4211 ὅπερ
759 4124 821 4210 χρή

216 4227 433 4312 πληρώσουσι
456 4229 695 4294 διατυπωτέαν.

281 4450 315 4516 ²⁵)
334 4449 392 4501 a¹b
411 4466 468 4516 seq.
485 4456 673 4518 propositione.
692 4450 717 4504 δ’
737 4471 786 4519 pro
805 4456 977 4518 confessione,
997 4451 1031 4506 al.
1049 4457 1219 4520 professione.

281 4534 313 4597 ἲθ)
331 4533 358 4583 J*
371 4536 395 4586 ο1
413 4553 441 4586 ae
459 4539 584 4588 dederunt
607 4536 641 4600 (υ1
661 4539 789 4602 dederint)
808 4542 900 4589 anitati
921 4539 955 4602 (ε’
975 4549 1000 4588 et
1016 4540 1220 4605 professionem).
1256 4539 1364 4596 Deinde
1381 4545 1403 4594 τ’
1416 4539 1464 4594 e²i²

214 4633 275 4668 oum
294 4617 400 4684 aliquot
417 4636 480 4671 mss.
499 4618 765 4686 (etiam-1²)scripto
784 4625 894 4673 indicent
913 4619 943 4687 (λ’
960 4623 1097 4688 indicant),
1122 4643 1195 4691 quoin
1213 4630 1307 4690 tepntie
1330 4633 1420 4681 nostrr's
1434 4628 1461 4689 ,d

213 4706 302 4765 tepetis
319 4705 419 4769 uestris)
439 4709 509 4770 apud
525 4709 767 4772 Constantinopolim
784 4710 875 4772 positis
896 4710 1009 4772 offerunt
1031 4704 1061 4772 ii*
1079 4709 1250 4776 ottnlemmt).·
1272 4713 1298 4764 a¹
1321 4717 1415 4780 scripto
1433 4715 1463 4761 ie·

212 4789 302 4849 υλγλαιιι
320 4808 393 4854 quant
465 4793 613 4842 obtulerant.

279 4871 311 4935 ²⁷)
329 4870 355 4920 J¹
374 4877 411 4923 sic
428 4884 530 4938 oportet
547 4880 685 4941 implerint,
705 4874 732 4922 J²
745 4875 768 4927 θ’
787 4879 852 4926 nient
869 4884 971 4941 oportet
989 4880 1095 4942 inpleri.
1126 4875 1236 4933 ibidem
1248 4880 1317 4937 editi
1334 4885 1461 4938 oroma

211 4952 250 5020 (ε’
279 4959 461 5023 ordinandam)
488 4963 551 5010 tinec
578 4969 640 5016 etc:
673 4958 837 5028 perturbate
865 4960 894 5013 ct
923 4961 1036 5029 praeter
1067 4962 1191 5017 montom
1224 4964 1400 5033 Horm'ndae,
1422 4960 1460 5032 qui
