3204 5506
546 346 716 392 semrom
741 336 791 392 4⁴2.
1223 301 1301 396 '461

119 500 200 564 Item
216 500 368 584 Origcnis
384 500 539 562 nonnulla
563 498 724 583 opuscula,
749 520 830 583 (puae
852 500 901 563 vir
923 499 1126 562 beatissimus
1148 499 1303 583 Hierony·
1323 506 1409 555 &495

129 625 193 666 non
215 601 373 686 repudiat,
397 601 534 686 legenda
563 602 762 684 suscipimus.
808 600 946 688 Reliqua
973 605 1078 665 autem
1101 603 1210 666 onmia
1232 624 1301 665 cum
1317 575 1408 622 '⁰⁴⁹⁰'

100 725 163 768 ore
185 726 243 768 sue
265 705 400 768 dicimus
422 704 594 767 renuenda.

120 806 199 871 Item
229 807 381 871 chronica
408 806 537 869 Eusebii
565 805 827 891 (laesariensisu)
863 811 958 890 atque
986 805 1126 888 ejusdem
1155 806 1301 869 ccclesia-

100 927 134 973 ue
164 908 318 973 historiae
354 908 467 972 libres:
504 907 648 993 (quamvis
681 908 716 971 in
749 909 851 991 primo
884 909 1079 973 narrationis
1112 928 1204 987 suae,
1221 906 1302 970 libro

105 1011 181 1096 erit,
205 1014 237 1075 et
259 1013 333 1095 post
346 1010 380 1074 in
395 1010 542 1074 laudibus
558 1013 653 1095 atque
669 1010 873 1074 excusatione
889 1010 1039 1094 Origeuis
1055 1009 1301 1095 schismatici³³)

100 1135 135 1176 rn
156 1113 381 1197 conscripserit
403 1112 530 1197 librum,
554 1116 686 1197 propter
709 1134 813 1175 rerem
836 1116 945 1175 tamen
968 1111 1216 1199 singularum³⁴)
1248 1135 1302 1176 no·

100 1237 151 1298 m,
178 1238 259 1300 quae
282 1216 322 1279 ad
344 1216 588 1280 instructionem
611 1216 792 1299 pertinent,
823 1236 1046 1299 usquequaque
1075 1237 1139 1278 non
1169 1215 1303 1278 dicimus

100 1318 222 1386 nendos.

122 1419 196 1483 ltem
220 1421 369 1483 (hosium
392 1421 495 1484 virum
518 1421 766 1484 eruditissimum
791 1419 1016 1501 collaudamus,
1041 1420 1115 1503 quia
1138 1418 1230 1483 valde
1248 1441 1301 1482 no-

103 1522 319 1585 neccssariam
335 1521 485 1586 adversus
500 1528 701 1607 paganorum
718 1522 894 1585 calumnias
909 1520 1118 1605 ordinavitls’)
1135 1522 1302 1585 historiam

100 1645 175 1708 sque
197 1623 355 1687 brevitate
378 1625 552 1702 contexuit.

122 1723 198 1789 Item
213 1726 273 1789 viri
295 1724 486 1789 venerabilis
509 1725 628 1790 Seclulii
651 1726 802 1811 paschale
811 1727 850 1812 36)
874 1749 964 1811 opus,
988 1728 1072 1811 quod
1091 1725 1227 1790 heroicis
1250 1726 1302 1789 de-

100 1828 161 1908 psit
183 1827 338 1910 versibuS,
362 1828 483 1912 insigni
507 1827 600 1891 laude
622 1829 841 1912 praeferimus.

120 1927 198 1993 ltem
225 1931 362 1994 duvenci
390 1930 599 1994 nihilominus
622 1930 813 1994 laboriosum
837 1953 916 2014 epus
939 1922 1004 1993 non
1027 1929 1217 2014 spernimus,
1247 1930 1302 1992 sed

100 2048 194 2096 [imur.

116 2132 144 2196 5.
192 2133 317 2219 Cetera,
341 2156 422 2218 quae
445 2135 486 2198 ab
508 2135 678 2199 haereticis
706 2136 772 2199 sive
799 2133 1013 2199 schismaticis
1037 2134 1219 2218 conscripta
1251 2134 1300 2197 vel

100 2233 217 2299 &dicata
239 2240 325 2320 sunt,
355 2236 540 2300 nullatenus
562 2237 679 2318 recipit
707 2237 864 2300 catholiea
893 2240 926 2299 et
954 2236 1130 2321 apostilica
1153 2235 1300 2299 Romana

100 2338 171 2402 sia.
197 2337 225 2401 E
247 2338 362 2422 quibus
385 2360 499 2421 pauca,
523 2360 604 2423 quae
621 2339 660 2400 ad
683 2340 868 2402 memoriam
892 2343 1051 2403 venerunt
1073 2343 1106 2403 et
1128 2338 1300 2402 acatholi-

100 2438 232 2504 ritanda
254 2444 340 2523 sunt,
363 2441 553 2504 credidimus
565 2441 604 2526 ³⁵⁷)
629 2461 696 2530 esse
719 2440 893 2505 subdenda.

100 2627 151 2664 one
174 2614 351 2679 reprehendit,
376 2610 428 2683 hec
451 2612 505 2675 est,
527 2627 574 2664 eos
593 2627 610 2663 a
627 2628 656 2662 se
679 2610 833 2679 improbari
856 2611 961 2679 pariter
983 2628 1016 2665 ac
1038 2610 1217 2681 reprehendi:
1245 2628 1300 2665 uno

100 2708 108 2741 r
131 2695 207 2748 istud
227 2694 263 2749 ad
281 2710 350 2748 unos
367 2694 524 2748 haereticos
543 2695 656 2762 attinet,
675 2710 744 2762 qum
763 2695 946 2764 Hieronymus
964 2697 1022 2749 zelo
1041 2695 1105 2750 fidei
1125 2697 1264 2751 refutavit.

100 2777 127 2843 ²)
149 2779 182 2833 0²
200 2779 280 2833 addit
297 2781 350 2848 epi.
385 2779 416 2831 F*
436 2779 481 2853 hic
500 2779 607 2831 ‹lissinit

100 2861 127 2930 ³)
149 2864 178 2917 C'
201 2869 378 2918 srhtonoticis:
401 2881 457 2917 non
479 2866 635 2933 spernenda
658 2864 746 2917 lectio.
784 2865 882 2934 Neque
905 2865 976 2918 enim
1001 2865 1134 2934 Origenes
1156 2866 1300 2920 schismati
1374 2856 1377 2863 ¹

100 2947 257 3002 adhaesisse
274 2949 389 3017 legitur,
412 2949 462 3002 scd
485 2950 544 3015 ejus
568 2948 694 3003 doctrina
716 2949 857 3002 schismati
881 2949 1054 3003 occasionem
1073 2950 1158 3003 dedit.
1195 2951 1299 3005 Notan-

124 3050 183 3102 qua
201 3036 294 3087 mente
313 3033 438 3088 Gelasius
456 3036 484 3087 et
502 3053 574 3088 nune
592 3035 725 3087 historiae
744 3034 856 3087 lhisebii
875 3035 960 3088 libros
979 3051 1033 3087 non
1046 3041 1190 3088 renuendos
1209 3035 1299 3100 docet,

100 3114 155 3172 fra
178 3118 304 3172 eamdem
326 3118 470 3172 historiam
492 3125 665 3187 apocryphum
688 3119 841 3172 dcmmtiat.
887 3119 927 3171 Ex
954 3119 997 3172 his
1020 3118 1210 3187 similibusque
1233 3119 1299 3173 locis

100 3214 145 3254 un
168 3206 221 3269 cst,
243 3204 327 3272 paulo
351 3204 433 3257 latins
457 3204 531 3272 apud
550 3220 624 3270 eum,
648 3220 732 3271 quam
754 3204 878 3257 nonnulli
901 3205 1014 3273 putant,
1036 3204 1134 3272 patere
1156 3209 1301 3272 apocryphi

101 3298 141 3339 n.
174 3287 237 3341 Non
260 3288 333 3341 enim
356 3288 419 3341 ideo
438 3288 551 3342 Eusebii
573 3289 689 3342 historia
712 3289 747 3341 ab
767 3304 799 3341 eo
819 3288 980 3357 apocrypha
1004 3286 1117 3354 dieitur,
1139 3287 1205 3354 quia
1222 3287 1299 3341 illam

100 3371 154 3437 &gi
170 3372 240 3425 nolit
263 3374 311 3426 aut
330 3373 418 3427 occuli
435 3372 514 3439 velit,
537 3373 585 3425 sed
604 3374 670 3441 quia
693 3375 723 3426 nt
734 3369 781 3425 ‘ab
807 3372 919 3425 homine
937 3374 1065 3441 suspecte
1083 3370 1215 3441 scriptam
1233 3388 1300 3426 non·

100 3452 303 3525 &ircumspccte
325 3457 474 3524 legendam
494 3462 613 3510 censeat.
650 3459 729 3510 Hunc
748 3441 843 3511 antoni
861 3457 962 3527 duplici
986 3457 1021 3510 de
1039 3473 1123 3519 eausa
1140 3459 1297 3527 suspectum

100 3546 132 3591 2:
154 3542 218 3608 quia
240 3541 368 3594 nimirum
392 3544 420 3595 et
439 3542 553 3609 Origeoi
575 3543 669 3611 palam
692 3547 721 3612 et
744 3543 814 3596 clam
831 3543 898 3598 Ario
922 3542 1035 3609 laverit,
1059 3542 1137 3609 cujus
1160 3542 1252 3610 gratia
1270 3543 1298 3595 in

100 3632 117 3667 ³
140 3625 269 3679 historiae
293 3643 358 3679 suae
377 3626 448 3679 libro
467 3634 584 3695 represso.
608 3629 660 3681 hee
679 3629 728 3693 est,
751 3644 823 3695 quae
841 3628 972 3681 adversus
991 3628 1051 3695 ejus
1068 3626 1206 3681 haeresim
1224 3643 1298 3681 exse·

100 3719 113 3757 t
138 3712 227 3777 erant,
246 3710 365 3766 tacuisse
383 3710 513 3766 innuitur.

100 3789 132 3861 ⁴)
149 3796 191 3850 lta
208 3795 330 3851 melioris
348 3798 432 3850 notae
451 3814 514 3849 mss.
545 3800 583 3849 At
600 3801 625 3850 ιι1
641 3816 672 3851 cc
689 3805 848 3866 amputarem.
878 3797 943 3850 Mox
961 3797 994 3852 0²
1010 3805 1190 3853 correctionem
1203 3801 1296 3853 etsee.

100 3890 110 3926 Ι
133 3886 328 3937 instructiorem.

100 3963 132 4033 ³⁴)
149 3969 173 4020 a'
188 3984 218 4021 cc
240 3966 348 4020 addunt
371 3973 478 4035 utonem.
521 3966 640 4036 Moxque
664 3986 725 4021 eum
748 3966 874 4021 C²F⁶Fm
897 3968 1054 4022 addidimus
1076 3976 1124 4022 viri
1147 3968 1300 4038 (C’sseduh'i'

100 4055 163 4120 >ro-

100 4135 131 4204 ¹¹)
147 4136 253 4191 Natant
271 4137 384 4204 eruditi,
407 4137 550 4192 Scdulium
567 4138 641 4191 idem
660 4154 729 4208 opus
749 4137 840 4208 primo
866 4138 983 4192 metrica
1004 4141 1103 4207 postea
1120 4156 1186 4194 vero
1206 4140 1297 4194 solutu

100 4232 156 4275 One
173 4222 371 4292 composuisse,
390 4239 423 4277 ao
440 4224 559 4292 primum
573 4223 705 4292 scriptum
722 4227 844 4291 porclano
856 4244 970 4284 corrues,
989 4225 1161 4293 postremum
1176 4229 1297 4293 paschale

111 4322 290 4379 nuncupasse.
326 4307 370 4360 Ad
389 4306 529 4362 Gelasium
553 4308 628 4377 quod
651 4308 764 4375 attinet,
790 4308 888 4377 ignota
906 4308 931 4361 ei
953 4308 1007 4361 suit
1024 4309 1184 4376 hujusmodi
1202 4308 1296 4361 distin-

123 4392 187 4448 Eam
205 4394 280 4448 enim
299 4393 530 4457 lucubrationem,
548 4410 632 4461 quam
651 4398 763 4447 versibus
775 4399 884 4448 heroicis
897 4400 1051 4461 descriptam
1069 4395 1157 4459 notat,
1174 4398 1296 4462 personale

115 4480 242 4549 appellat.
279 4479 339 4532 Hoc
357 4477 461 4531 Sedulii
485 4495 596 4531 carmen
614 4479 716 4532 Asterii
735 4479 889 4531 exconsulis
912 4494 999 4548 opera
1021 4477 1141 4547 primum
1160 4479 1188 4530 in
1207 4478 1295 4532 lucem

100 4559 163 4616 iisse
184 4564 312 4633 plerique
335 4563 465 4616 sentiunt.
504 4563 582 4627 Quod
606 4564 731 4631 quamvis
755 4563 934 4635 coucedatur,
957 4563 1009 4616 hec
1028 4563 1167 4616 Gelasiani
1191 4562 1297 4616 decreti

100 4646 141 4699 ati
157 4648 224 4702 nihil
243 4649 368 4716 officere,
385 4648 499 4717 praevio
518 4649 624 4701 monito
642 4648 834 4717 probavimus,
854 4638 958 4714 (quanto
976 4647 1080 4716 magis,
1098 4647 1121 4700 si
1140 4665 1202 4702 eum
1214 4646 1294 4700 Justo

100 4732 182 4786 annio
200 4733 361 4800 sentiamus,
380 4734 553 4787 exconsulem
572 4751 688 4801 curasse,
707 4749 761 4786 non
781 4734 856 4786 utin
875 4733 963 4785 lucem
981 4733 1102 4801 primum
1120 4733 1296 4786 emitteretur

100 4813 136 4869 eii
153 4834 229 4889 opus,
246 4819 295 4871 sed
314 4820 345 4873 ut
363 4818 527 4888 elegantiori
544 4820 634 4872 sonna
653 4819 821 4887 vulgaretur.

101 4900 221 4970 ”lllditi
240 4921 302 4959 oiim
322 4904 353 4958 0²
371 4911 503 4960 eredimus.
