3204 5506
164 540 188 575 a.
202 525 258 574 510.

127 1405 266 1470 ῳῗηθ

149 1542 261 1588 blm‘l.

274 340 335 404 ccc
714 351 741 397 s.
759 348 965 396 noamsnaa
988 346 1102 394 aaran

274 511 331 572 ard
352 503 617 591 quemadmodum
640 503 708 567 odit
730 502 904 586 originem,
937 502 993 587 qui
1020 523 1085 566 non
1115 504 1298 566 exsecratur
1324 505 1358 568 et
1375 504 1501 570 sobolem?

274 611 313 674 In
335 606 501 692 discipulis
522 606 727 691 praedicatur
747 604 835 668 fama
857 604 1055 687 docentium,
1088 607 1121 668 ct
1148 604 1251 669 donee
1277 603 1359 670 male
1380 607 1503 690 jactorum

275 712 433 776 seminum
461 709 550 772 radix
584 730 642 791 per
669 707 873 772 succedentes
907 705 993 771 culto
1026 706 1188 789 floruerit,
1224 707 1347 772 tamdiu
1376 712 1505 774 auctomn

275 812 429 878 memoria
450 833 516 875 nen
539 808 667 894 peribit.
707 809 854 872 Addatur
875 807 1008 892 perditis
1017 809 1044 896 3)
1059 808 1254 894 llutyebetis
1276 811 1310 873 et
1324 809 1448 874 Aeacius
1464 811 1506 875 dis
1588 840 1594 860 =

277 913 402 1000 cipuliS,
426 912 486 976 sub
508 911 730 976 communione
752 910 841 974 Petri
870 910 1012 974 emnium
1033 932 1159 996 quoqne
1181 911 1402 977 damnatorum
1419 912 1508 977 mixtus

276 1016 390 1081 errori:
420 1014 503 1099 quod
525 1017 632 1076 vestra
660 1012 787 1076 dilectio
815 1011 932 1076 litteris
959 1012 1042 1095 suis,
1076 1012 1151 1077 dum
1179 1013 1277 1078 fidem
1304 1035 1392 1078 snam
1415 1015 1508 1095 asseri,

277 1117 440 1183 evidenter
463 1115 629 1200 expressit.

362 1219 392 1283 5.
431 1217 482 1281 Ad
511 1216 756 1280 instructionem
784 1219 909 1280 vestrae
936 1215 1010 1280 fidei
1039 1216 1234 1301 pleniorem,
1269 1240 1333 1303 quo
1364 1218 1512 1282 ordinent

280 1320 535 1387 communionem
557 1320 700 1381 nostram
722 1317 841 1401 suscipi
833 1318 968 1382 deceat
953 1320 1191 1402 trevertentes,
1215 1319 1420 1406 indiculum)
1433 1320 1514 1383 subter

150 1476 225 1522 m
237 1422 471 1518 adjecimus,
505 1420 709 1503 sperantes'
700 1442 735 1484 1n
757 1418 859 1483 Deum
882 1419 1037 1484 bonormn
1064 1420 1207 1485 omnimn
1230 1422 1429 1512 largitorem,
1456 1421 1515 1506 quod

237 1473 484 1588 ⁴'alarudrbili'
458 1544 542 1586 circa
565 1522 660 1585 fidem
682 1525 807 1586 vestrae
830 1521 1024 1586 dilectionis·
1021 1523 1045 1607 ³)
1074 1523 1250 1608 instantia,
1278 1544 1346 1588 non
1367 1524 1460 1588 solum
1475 1523 1518 1586 boc

280 1648 389 1690 cortun
412 1623 465 1708 qui
488 1622 628 1686 vebis
600 1623 712 1687 vicinit
698 1626 766 1686 tate
785 1624 968 1709 junguntur
994 1624 1090 1688 saluti
1112 1625 1233 1710 prosit,
1267 1625 1325 1690 sed
1347 1648 1450 1690 corum
1467 1647 1522 1710 qno

280 1749 357 1812 que,
386 1726 425 1790 ad
449 1745 527 1809 ques
549 1724 623 1788 fidei
645 1729 770 1789 vestrae
798 1730 830 1790 et
857 1726 1026 1810 religiosae
1054 1725 1231 1791 voluntatis
1258 1727 1352 1792 velox
1373 1728 1457 1792 fama
1474 1748 1526 1811 per·

280 1828 414 1892 venerit.
452 1825 604 1889 Rufinum
627 1826 782 1911 siquidem
804 1827 984 1911 diaconum,
1011 1828 1066 1912 qui
1088 1828 1182 1892 nobis
1204 1828 1334 1893 litteras
1355 1833 1474 1894 vestras
1491 1829 1530 1892 ob

280 1930 371 2011 tulit,
395 1930 429 1993 in
453 1926 572 1992 Christi
596 1928 731 1992 caritate
753 1929 965 2012 suscepimus,
998 1951 1092 2013 quem
1115 1929 1336 2015 apestolorum
1358 1931 1537 1996 orationibus

282 2030 540 2096 commendantes
564 2051 635 2093 curn
657 2052 736 2114 pace
758 2031 936 2095 remisimus
959 2031 1141 2115 hortantes,
1171 2032 1300 2097 litteras
1329 2057 1349 2097 a
1375 2034 1470 2099 nobis
1488 2038 1542 2097 tan

281 2134 321 2197 ad
345 2134 511 2198 caritatem
533 2135 622 2195 tuam
644 2154 739 2217 quam
762 2133 801 2196 ad
818 2134 972 2217 synodum
988 2135 1125 2199 directas
1140 2133 1259 2218 populo
1275 2134 1454 2221 relegatis3
1477 2136 1547 2222 qnod

282 2239 314 2300 et
329 2256 387 2298 nes
402 2255 460 2318 pro
475 2233 548 2297 fidei
565 2237 689 2298 vestrae
705 2235 980 2300 commendatione
994 2236 1109 2300 fecisse
1124 2257 1298 2321 cognosce.
1328 2237 1421 2303 Data
1435 2238 1551 2321 xvdc

283 2336 440 2402 Calendas
461 2334 659 2419 Decembris,
687 2335 784 2400 Petro
807 2337 945 2401 consule.

351 2644 371 2708 ³)
390 2641 433 2694 Ita
450 2641 541 2694 lecum
559 2639 742 2706 restituimus,
762 2640 809 2708 qui
827 2639 856 2694 in
874 2640 907 2696 G¹
922 2644 947 2695 a'
967 2647 1078 2708 perditis
1092 2646 1243 2713 Eurpcdeo's
1262 2656 1290 2698 ee
1310 2650 1413 2701 Aeacii·
1429 2654 1566 2719 disciplinis

282 2730 327 2780 arrd
345 2745 430 2780 comm.
448 2730 523 2778 Petri
539 2730 643 2779 omnium
662 2745 760 2794 quoque
779 2732 952 2780 damnatorum
969 2747 1002 2779 m.
1020 2747 1042 2781 e.
1062 2733 1130 2796 qrcod
1147 2730 1184 2795 (αἱ
1204 2733 1282 2798 qnos)
1302 2742 1398 2786 vestm
1418 2734 1488 2799 οὖας
1506 2734 1567 2789 bcc

281 2816 384 2880 perdire
404 2814 540 2877 Eutye‘deti
562 2819 586 2861 et
605 2813 717 2863 Aeacius
739 2815 878 2878 discipulus
899 2815 943 2864 sub
961 2818 1128 2866 communione
1147 2817 1223 2866 Petri
1244 2821 1417 2886 omniumque
1442 2825 1569 2874 durate

283 2917 338 2948 rum
355 2917 386 2948 m.
405 2915 427 2948 e.
446 2914 509 2963 quos
526 2905 612 2948 cestra
630 2895 682 2947 etc.
719 2895 750 2947 ln
767 2894 820 2948 hac
837 2894 950 2949 Baronii
969 2896 1140 2950 correctione
1158 2895 1234 2951 enim
1251 2897 1286 2952 id
1306 2898 1462 2970 displicet:
1485 2904 1568 2974 primo

284 2978 360 3048 quod
376 2977 505 3033 licentior
523 2979 572 3043 sit3
592 2977 692 3032 deinde
711 2978 786 3047 quod
804 2994 859 3032 nen
877 2979 913 3033 sit
931 2978 999 3034 satis
1017 2983 1160 3047 accurata,
1183 2983 1214 3035 et
1230 2980 1263 3036 id
1284 2984 1410 3051 quidem
1429 2989 1494 3043 tum
1511 2990 1570 3059 quia

284 3063 400 3117 Aeacius
417 3065 530 3133 praeter
547 3063 695 3117 veritatem
717 3062 825 3117 dicatrn
842 3064 1003 3133 Eutychetis
1021 3064 1183 3135 discipulus,
1206 3067 1270 3121 turn
1291 3069 1365 3138 quia
1389 3071 1471 3128 idem
1488 3090 1569 3142 aeque

283 3148 408 3218 proxime
426 3149 582 3202 ceterorum
600 3148 795 3201 damnatorum
813 3151 897 3218 atque
916 3149 992 3204 Petri
1008 3150 1105 3219 Mongi
1123 3151 1327 3208 communione
1347 3157 1483 3226 pollutus
1500 3159 1568 3213 indn-

285 3235 370 3287 catur.
409 3235 452 3287 lta
473 3250 539 3287 vero
560 3231 756 3300 intelligendus
780 3236 834 3298 est,
858 3233 937 3302 quasi
960 3233 1086 3290 dixisset:
1110 3236 1227 3290 Perditis
1251 3242 1421 3310 carpeneto
1446 3250 1569 3314 decipula

285 3324 397 3372 calciatur
415 3329 440 3372 σι
458 3323 598 3383 Aerarius,
618 3323 661 3386 qui
678 3337 731 3369 curn
750 3323 829 3372 Petro
844 3323 938 3387 Moupo
957 3326 1013 3373 dnm
1030 3327 1231 3385 communicavit,
1250 3331 1371 3380 omniun
1391 3349 1496 3400 quoque
1508 3336 1567 3385 dm

286 3414 400 3458 virctorum
417 3409 511 3456 rotatus
529 3415 567 3456 eat
585 3408 678 3456 errori.

352 3490 373 3554 ¹¹)
392 3488 452 3541 llec
464 3488 506 3541 cst
517 3487 643 3541 libellum
656 3486 691 3540 ab
704 3485 737 3541 iis
749 3488 986 3555 subscribendum,
1003 3488 1050 3557 qui
1062 3489 1329 3559 apostolicaesedis
1342 3499 1567 3553 communionem

222 3579 228 3587 ·
285 3571 495 3638 desiderabant,
514 3572 591 3626 utin
609 3572 926 3642 sequentibusepistolis
944 3574 1109 3629 declaratur.
1139 3577 1166 3631 Ia
1185 3576 1305 3643 quidem
1319 3580 1360 3634 ab
1374 3581 1433 3637 bae
1446 3583 1567 3654 epistola,

285 3658 329 3710 cui
341 3657 480 3711 subnexus
492 3657 596 3723 fuerat,
615 3657 724 3712 excidit.
762 3657 817 3712 Sed
835 3674 920 3725 qaum
937 3658 1058 3728 primurn
1075 3676 1127 3728 por
1143 3660 1258 3730 legates
1271 3662 1460 3732 Ennodinm,
1478 3668 1566 3724 Fortu·

285 3744 395 3807 natmn,
413 3741 590 3806 Venantium,
608 3741 729 3796 Vitalem
748 3744 776 3796 ct
793 3741 920 3797 Hilarum
938 3743 964 3797 d.
986 3751 1024 3798 11.
1044 3745 1115 3813 Aug.
1135 3762 1160 3799 a.
1180 3752 1230 3800 tlt
1250 3748 1310 3818 (ep.
1328 3755 1359 3817 7)
1378 3751 1411 3807 in
1430 3752 1566 3809 Orientem

286 3825 406 3879 directus
429 3826 556 3880 videatur
578 3844 611 3880 ae
634 3825 733 3880 deinde
757 3827 850 3880 Herm.
876 3827 901 3880 d.
921 3835 945 3880 2.
964 3830 1030 3897 Apr.
1056 3847 1080 3883 a.
1101 3837 1150 3884 517
1174 3830 1210 3884 ad
1232 3831 1396 3904 episcopos
1421 3836 1566 3909 ffinpmise

285 3909 533 3976 transmitteretur,
563 3913 592 3965 et
613 3911 723 3964 illorum
745 3909 866 3965 indiculo
890 3915 918 3966 ct
941 3912 1076 3983 epistolae
1099 3914 1136 3970 ad
1158 3914 1209 3969 hos
1231 3914 1323 3972 datae
1348 3919 1383 3974 in
1408 3922 1566 3978 collectione

286 3995 420 4049 Avellana
432 3995 558 4048 subditus
576 4000 618 4050 cst
636 3999 679 4063 (ct'.
693 3997 788 4050 Herm.
807 4014 851 4066 cp.
865 4003 879 4051 7
898 4016 923 4051 n.
937 4005 965 4063 s,
984 4004 1016 4051 ⁸26
1029 4017 1055 4052 n.
1069 4002 1105 4067 2).
1134 3999 1271 4069 Eduadem
1284 4004 1316 4057 ct
1327 4002 1493 4076 imaginem
1503 4007 1567 4062 Hor

286 4081 391 4135 nrisdae
409 4098 451 4150 ep.
465 4087 496 4134 61
516 4088 571 4134 nni
589 4081 714 4150 praebet.

353 4167 374 4233 5)
392 4165 459 4219 bec
477 4178 576 4220 uestrae
595 4173 736 4221 devotionis
809 4172 962 4224 reinduimus.

354 4253 374 4315 ¹³)
392 4251 544 4304 Numerum
563 4256 653 4304 XVII
670 4251 741 4315 (leco
762 4256 848 4319 XIII)
867 4251 1045 4307 librariorum
1057 4253 1205 4310 oscitantia
1222 4255 1279 4311 huc
1295 4256 1469 4330 irremisse,
1487 4266 1566 4332 atque

287 4335 358 4387 banc
376 4334 522 4403 epistolam
540 4354 573 4390 co
592 4336 649 4401 die,
672 4355 726 4406 quo
745 4336 816 4391 <luae
835 4338 995 4405 sequentes,
1020 4338 1115 4392 (latam
1138 4357 1200 4394 csse
1217 4339 1295 4396 haud
1313 4345 1432 4401 temera
1451 4346 1567 4418 suspice

287 4436 355 4472 mur.
392 4420 449 4474 Nec
468 4421 562 4475 tamen
580 4420 775 4476 auctoritatem
793 4440 842 4479 ms.
863 4422 1044 4477 deserendam
1061 4423 1196 4479 duximus.
