3224 5506
86 77 151 143 494
561 90 746 141 accursu
768 90 883 139 aaran

87 269 212 312 summa
239 246 420 311 intentione
443 245 593 330 disquiri,
622 245 709 329 quis,
738 244 771 309 id
794 248 859 328 est,
894 244 984 328 cujus
1013 242 1155 311 civium
1181 266 1219 309 ex
1241 242 1377 339 eaden

51 351 168 434 0·*re,
193 353 366 433 antequam
388 348 529 412 basilica
544 369 625 433 quae
649 369 750 431 nuper
773 345 933 411 fabricata
955 350 1005 411 est
1026 345 1231 431 fundaretur,
1248 339 1377 431 bapti

88 452 209 517 raverit
231 451 362 533 incolas,
387 454 444 514 ant
466 450 506 513 ad
529 450 619 532 eujus
643 449 956 534 consignationem¹)
978 448 1038 513 sub
1060 470 1171 515 annua
1189 447 1377 513 dardan

89 554 307 619 convenerint.
353 551 424 616 Non
450 552 535 616 enim
557 552 704 615 terminis
733 555 790 615 aut
811 551 889 615 locis
917 549 1078 634 aliquibus
1105 548 1253 617 convenit
1272 537 1377 613 defi

88 656 162 738 niri,
186 656 241 719 sed
264 655 342 718 illud
364 654 470 718 facere
493 653 673 736 dioecesim,
697 654 780 738 quod
802 653 948 737 superius
964 652 1161 735 continetur,
1183 642 1377 715 utensis

23 756 385 839 ›1›1.eommanentes*,
421 779 439 819 a
467 778 530 840 quo
556 756 679 820 fuerint
706 755 826 820 lavacri
855 754 1101 840 regeneratione
1128 752 1264 838 purgati.
1350 734 1377 801 Ἑ

15 850 179 966 ,ffi’pdem
210 860 326 922 fratres
356 859 528 940 carissimi,
558 858 673 922 amotis
696 857 885 942 ambagibus
913 861 946 922 et
966 856 1056 922 omni
1078 855 1262 921 circuitione
1279 836 1377 919 s=³l

90 965 191 1045 mota,
225 962 285 1025 hoe
307 983 362 1024 vos
384 961 486 1024 modis
509 961 656 1024 omnilms
679 961 829 1024 convenit
851 958 1064 1043 investigare,
1088 961 1127 1021 ut
1147 957 1201 1021 ille
1222 957 1377 1021 maxi1

90 1064 130 1127 nd
153 1064 427 1128 eorrsecrationem
451 1067 591 1144 vocetur,
616 1062 665 1126 eui
688 1083 745 1146 per
767 1062 854 1126 hunc
875 1061 1014 1145 modum,
1039 1082 1133 1144 quern
1155 1060 1377 1144 praescrisf'

89 1188 169 1248 mus,
194 1166 308 1229 debere
330 1164 475 1248 permitti
496 1164 662 1227 noveritis.
698 1162 736 1227 ln
760 1164 874 1227 ceteris
897 1163 995 1227 etiam
1017 1162 1172 1245 ecclesiis,
1194 1180 1377 1247 quespr‘

90 1269 317 1348 constitutum,
344 1266 426 1349 quod
449 1267 549 1349 gestis
572 1268 703 1329 sanctae
725 1267 896 1329 memoriae
918 1265 1034 1329 Leonis
1057 1285 1160 1348 papae
1183 1264 1218 1328 in
1239 1268 1377 1347 syn&

90 1392 192 1452 nuper
214 1369 340 1432 relectis
363 1368 430 1451 inl)
453 1367 503 1430 his
526 1367 615 1450 locis,
644 1389 725 1452 quae
747 1367 901 1431 distinete
923 1370 1009 1449 sunt,
1040 1387 1099 1450 per
1120 1365 1331 1449 subreption·
1352 1381 1377 1417 Α

90 1471 131 1534 ab
154 1471 318 1535 Virnmnis
341 1470 489 1553 episcopo
512 1470 694 1533 eonstiterit
716 1473 935 1553 consecratas,
964 1469 1044 1533 haec
1066 1468 1180 1532 eadem
1202 1470 1235 1531 et
1256 1476 1377 1551 req}

89 1573 189 1636 renda
211 1577 244 1636 ct
265 1576 342 1635 scint
363 1571 465 1635 modis
487 1571 634 1635 omnibus
657 1571 846 1653 ordinanda,
869 1572 917 1634 ita
938 1574 1048 1635 tamen
1070 1573 1107 1634 ut
1120 1569 1377 1633 documentun

90 1675 172 1759 quod
194 1674 339 1758 sirperius
361 1674 514 1755 diximus,
543 1674 577 1737 in
606 1674 692 1736 onmi
721 1672 951 1737 constitutione
978 1675 1136 1755 servetur3
1174 1672 1251 1757 quia
1272 1684 1377 1756 qun

89 1776 163 1861 quid
187 1776 344 1860 supplosis
367 1775 577 1859 petitionibus
600 1776 750 1839 claruerit
771 1775 977 1859 postulatum,
1002 1775 1032 1838 id
1049 1774 1084 1838 in
1103 1773 1233 1837 irritum
1250 1788 1377 1837 marr

89 1879 173 1942 tanti
197 1878 352 1962 praesulis
375 1878 436 1941 erit
458 1877 727 1960 contemplatione
750 1877 979 1942 deducendum.

539 2047 820 2152 Fragmentum
846 2049 904 2130 20.

125 2190 162 2239 ae
181 2206 283 2239 numero
301 2189 509 2252 bupliznnrlormu
532 2204 581 2238 neu
602 2188 810 2252 praescribendo.
847 2188 882 2239 ll!
903 2189 1039 2252 epiecopus
1061 2204 1079 2237 a
1099 2187 1259 2252 presbytero
1280 2204 1377 2252 prr-n

124 2275 301 2324 cathedratico
319 2281 363 2322 rrae
380 2275 412 2324 de
429 2276 473 2327 iis.
493 2290 557 2340 quoe
575 2275 600 2322 iu
618 2274 660 2323 die
678 2275 846 2324 ‹lerlr'rulr‘auia
863 2273 1019 2337 offeruntur.
1043 2274 1152 2337 ornpliur
1170 2290 1246 2341 qaam
1263 2289 1377 2340 queo!

568 2362 644 2409 aroris
662 2367 701 2409 est
719 2375 767 2408 nou
785 2359 882 2422 exigat.

243 2475 426 2539 (talasius
450 2475 597 2540 Sabino
620 2476 816 2560 episcope.

252 2594 320 2658 Nec
342 2595 427 2658 enirn
450 2618 601 2659 nummus
628 2594 831 2679 baptizandis
855 2594 943 2677 juste
971 2594 1112 2658 creditur
1134 2594 1369 2679 imponens),

92 2719 188 2781 quarm
205 2697 317 2782 qrranti
339 2696 491 2780 petierint
513 2698 563 2761 vel
586 2697 627 2760 ad
648 2696 925 2781 regenerationem
946 2696 1191 2781 festinaverint,
1215 2718 1301 2761 nour

90 2821 148 2883 pro
170 2798 301 2863 alterius
324 2798 489 2862 voluntate
512 2798 686 2883 repellendi
696 2799 731 2883 ¹).
767 2797 810 2861 Et
831 2798 913 2880 ideo,
936 2798 1038 2863 frater
1053 2798 1231 2882 carissime,
1254 2798 1355 2864 lun

22 3048 75 3119 [ἢκ]
92 3044 122 3091 te
159 3041 178 3106 Ι)
196 3042 401 3106 consignationis
421 3037 533 3091 nomine
556 3036 721 3104 intelligitur·
743 3035 958 3091 confirmationis
980 3038 1203 3105 sacramentum,
1228 3036 1264 3093 ad
1282 3064 1292 3077 ·

89 3123 299 3192 percipiendum
319 3143 403 3177 canna
421 3127 553 3177 deuotione
572 3122 746 3181 convenitur,
770 3137 825 3175 non
848 3122 913 3191 quis
934 3120 1036 3190 singuli
1054 3120 1173 3191 singulis
1191 3121 1270 3178 anna

89 3207 258 3276 percipiant,
277 3208 326 3261 sed
344 3207 410 3277 quia
427 3208 512 3260 semel
531 3223 641 3275 quoque
659 3224 733 3261 auno
751 3206 779 3259 in
797 3206 941 3260 Paschatis
958 3206 1002 3260 vel
1021 3205 1202 3263 Pentecosten
1224 3206 1327 3263 sell-

89 3293 149 3346 tate
167 3292 285 3347 conserti
304 3294 491 3346 consueverat.

157 3380 178 3444 ²)
195 3377 339 3431 Mallemns
361 3383 387 3429 in
410 3382 472 3430 laer
493 3385 562 3443 locu,
587 3397 651 3446 quae
674 3384 744 3431 dieta
765 3390 838 3444 suar,
861 3383 1014 3432 destinatum
1031 3389 1084 3441 eat,
1106 3398 1158 3447 per
1173 3383 1280 3447 submi

89 3466 121 3515 ab
139 3469 234 3517 retronis
251 3467 372 3531 episcopo
390 3474 439 3519 etr.
474 3462 516 3516 Ea
533 3462 578 3516 hic
595 3463 744 3516 memorari
761 3462 890 3517 videntur
908 3462 1035 3528 decreta,
1058 3462 1095 3518 de
1112 3463 1216 3534 quibus
1232 3462 1311 3519 (le-

89 3548 190 3615 fragm.
212 3553 242 3601 17
259 3546 381 3617 scripsit:
404 3552 515 3601 decretis
534 3552 628 3602 nostris
646 3560 706 3602 ante
724 3569 773 3602 non
791 3555 890 3603 vautram
907 3553 1029 3616 temporis
1046 3552 1184 3603 destinatis
1201 3554 1304 3603 aasz

88 3637 176 3693 rimus,
189 3652 268 3702 ,quae
290 3638 378 3685 taliter
397 3637 503 3698 suerunt
525 3639 624 3692 inarare.
647 3639 755 3689 restitui.
792 3632 868 3698 Quae
890 3635 984 3687 auteur
1005 3634 1141 3687 notantem
1163 3639 1257 3689 Leonte

89 3717 261 3786 ignoramus,
279 3715 332 3770 nisi
349 3717 421 3771 sorte
440 3733 473 3771 ea
490 3716 696 3787 intelligantur,
714 3735 786 3787 quae
804 3719 880 3788 apud
896 3734 926 3772 se
944 3717 972 3771 in
990 3735 1077 3773 musa
1089 3716 1225 3773 celidonii
1235 3731 1292 3787 ep?

90 3803 215 3857 conlecta
241 3819 299 3856 esse
325 3801 384 3871 ipse
412 3803 532 3856 testatur
558 3802 639 3872 epist.
661 3810 692 3856 10
714 3820 775 3872 cap,
788 3811 812 3858 3.
859 3803 931 3857 Vide
957 3803 1048 3858 Hilari
1069 3802 1204 3874 epistolas
1222 3810 1249 3855 ιι

89 3888 174 3955 atque
187 3886 340 3941 Innocentii
352 3885 499 3955 epistolam
512 3894 557 3954 40,
576 3887 676 3956 quibus
693 3888 721 3941 hi
739 3888 883 3958 pontifices
898 3888 1027 3943 similiter
1044 3888 1182 3943 terminos
1199 3902 1279 3957 apo

89 3971 270 4041 praestitutos
288 3971 356 4025 nulli
374 3971 532 4039 transgredi
550 3972 632 4027 licere
651 3973 823 4028 confirmant

89 4064 123 4111 ab
158 4060 177 4125 ¹)
195 4057 276 4111 ΒΒΙῘ1
288 4062 409 4126 pellendi.
439 4054 518 4120 Quod
536 4058 631 4111 arrtcrn
648 4059 781 4127 sequitur,
799 4058 1165 4130 nonitaintsrpretandum
1177 4059 1251 4131 pm,

90 4140 153 4194 dem
165 4141 377 4208 constitutione,
395 4158 452 4210 qua
469 4141 701 4211 baptizandorum
714 4144 898 4199 definiebatur
909 4162 1056 4211 numerus,
1073 4144 1188 4213 ceteris,
1204 4142 1262 4213 qni¹

89 4243 151 4279 rum
167 4226 366 4298 praestitutum
384 4226 559 4293 excederent,
577 4229 748 4298 baptismum
765 4229 794 4282 in
812 4245 868 4296 qua
885 4229 988 4283 vellent
1005 4228 1125 4285 ecclesis
1141 4230 1256 4301 snsdper

90 4311 178 4379 ceptis
200 4310 293 4366 verbis
313 4310 534 4382 pennitteretur3
561 4312 609 4366 sed
632 4313 673 4366 ita
694 4312 801 4383 potius,
828 4314 860 4367 ut
879 4313 982 4383 repulsi
1004 4331 1023 4369 a
1043 4315 1162 4385 propria
1182 4313 1250 4371 eccle

90 4395 164 4461 quod
182 4395 230 4450 illa
247 4399 376 4464 negaret,
395 4414 412 4450 a
431 4396 520 4450 vicina
538 4396 581 4450 vel
600 4397 726 4465 qualibet
743 4398 799 4452 alia
816 4397 932 4453 ecclesia
950 4416 1086 4469 quaerere
1100 4399 1156 4455 sibi
1172 4398 1244 4455 licea

90 4483 206 4533 merent.
237 4478 298 4544 Qua
315 4497 349 4534 ex
367 4480 479 4534 licentia
496 4483 714 4551 perturbabatur
727 4483 796 4537 ordo
815 4483 975 4553 disciplinae
993 4485 1023 4537 et
1039 4484 1238 4539 ecelesiarum·

90 4562 281 4620 inducebatur.
317 4565 355 4618 Ut
378 4566 451 4619 enim
468 4566 633 4635 fragmentis
652 4573 682 4622 17
701 4567 731 4621 et
750 4574 780 4622 19
798 4568 942 4635 docemur,
964 4568 1001 4623 sd
1018 4584 1082 4624 earn
1099 4569 1218 4639 quisque

90 4646 174 4701 batur
190 4648 338 4718 pertinere
349 4649 503 4719 ecclesiam,
521 4651 549 4704 in
568 4669 624 4719 qua
642 4652 811 4721 baptismum
828 4655 1000 4722 perceperat.
