3204 5506
122 559 146 596 u.
158 549 215 597 465,

234 363 293 426 164
713 377 740 425 s.
757 375 881 424 nuum
904 374 1018 422 nunus

316 635 364 696 ll.
409 632 540 696 Hilarus
563 632 728 715 episcopus
755 632 850 695 dixit:
895 636 1034 711 Acceptis
1061 651 1139 709 quae
1159 635 1288 694 recitata
1310 640 1393 704 ami,
1419 629 1512 711 de³⁰)

227 741 360 801 omnibus
380 757 461 800 nnnc
479 726 600 810 fratres
620 740 768 814 speciales
788 741 954 797 sententias
975 738 1038 797 Dea
1060 737 1142 796 uobis
1161 738 1299 813 spirante
1321 736 1511 812 depromite.

312 837 471 901 Maximus
494 837 660 920 episcopus
683 835 836 899 ecclesiae
857 833 1093 918 Tauriuntis³¹)
1116 834 1212 899 dixit:
1241 839 1281 899 In
1295 839 1512 900 custodiendis

227 944 371 1018 omnibus,
402 960 481 1019 quae
507 945 677 1002 adsueras
698 944 904 1002 ordinationes
921 943 1089 1016 pertinent,
1119 942 1286 1017 disciplinis
1306 942 1417 1002 melius
1439 957 1511 1001 sen-

227 1049 339 1106 tentiae
360 1062 445 1104 neae
456 1043 677 1121 professionem
701 1039 896 1124 devincio³²),
919 1044 997 1102 nilril
1018 1059 1038 1101 a
1059 1059 1105 1102 ne
1127 1059 1259 1118 unquam
1279 1059 1396 1118 eornm,
1421 1058 1510 1119 quoe

222 1149 379 1224 prelrttntn
406 1154 484 1220 sunt,
515 1164 577 1206 esse
600 1146 792 1219 faciendum.
836 1146 881 1204 De
907 1146 1033 1220 reliquis
1057 1161 1175 1219 censeo,
1206 1152 1240 1206 at
1265 1147 1403 1221 quisquo
1424 1147 1509 1206 tolia

222 1248 337 1333 feeerit
359 1256 412 1309 aut
432 1250 550 1309 detecta
572 1252 603 1308 in
626 1250 759 1308 ecclesiis
779 1264 920 1308 resecare
941 1249 1080 1321 noluerit,
1105 1249 1222 1307 uoueri
1242 1264 1274 1307 se
1292 1263 1408 1321 moues
1429 1263 1507 1307 cau

226 1368 277 1411 sas
298 1354 328 1411 in
352 1353 537 1427 apostolicae
558 1352 637 1411 sedis
650 1351 772 1424 judicio
794 1350 994 1424 redditurum,
1019 1352 1049 1408 in
1073 1366 1131 1424 quo
1153 1351 1200 1408 illi
1220 1364 1337 1410 necesse
1359 1349 1421 1408 erit
1434 1348 1506 1410 sule

226 1455 271 1511 ire
295 1457 481 1513 sententiam.

310 1550 473 1635 Ingenuus
506 1551 671 1634 episeopus
694 1549 981 1633 ebredunensisu)
1009 1549 1105 1613 dixit:
1143 1554 1223 1614 Milli
1247 1569 1366 1628 quoque
1392 1553 1505 1613 eodem

226 1658 417 1717 decennibus
433 1658 575 1733 partibus
596 1657 745 1716 sententia
766 1665 819 1730 est,
848 1672 910 1731 qua
938 1672 985 1715 ne
1011 1659 1077 1731 ipse
1101 1657 1287 1730 constrinqo,
1317 1670 1357 1714 ne
1382 1657 1463 1731 quid
1483 1671 1505 1714 a

225 1775 271 1818 me
293 1775 423 1833 unquam
446 1760 484 1818 de
505 1760 561 1832 liis,
586 1765 756 1834 quaesunt
777 1741 950 1831 interdictu,
980 1764 1122 1831 tentetur,
1154 1759 1226 1832 quie
1248 1758 1319 1818 noui
1336 1763 1453 1817 station
1474 1764 1505 1817 et

219 1859 443 1935 prosesdonent
471 1877 576 1920 meant
626 1861 672 1919 Ile
703 1862 810 1920 ceteris
836 1862 927 1920 etiarn
949 1876 1064 1934 censeo,
1094 1866 1128 1919 at
1155 1861 1289 1935 quisqui's
1315 1865 1502 1920 statutorum

224 1970 432 2037 transqressor
446 1966 597 2023 exstiterit
605 1958 657 2041 ³⁴),
680 1965 758 2022 sciat
771 1979 803 2021 se
817 1963 1040 2023 ecclesiasticae
1061 1963 1187 2036 requiete
1208 1962 1324 2036 laqueis
1338 1962 1500 2036 innodari,

224 2071 253 2122 et
274 2072 392 2124 reatum
414 2066 598 2147 apostolicae
618 2066 698 2123 sedis
718 2067 886 2150 incurrere.

308 2160 426 2225 Paulus
454 2163 620 2245 episcopus
648 2163 853 2245 Aqueevivae
880 2162 976 2224 uini:
1009 2167 1082 2240 Epo
1109 2183 1225 2241 quoque
1251 2166 1343 2226 simili
1362 2166 1433 2240 lepe
1454 2182 1503 2226 me

223 2269 407 2341 eorutrinqo,
431 2275 460 2326 et
481 2271 519 2327 de
539 2272 657 2340 ceteris,
681 2270 735 2343 qui
755 2276 994 2341 transqressores
1011 2266 1141 2342 scierim,
1161 2270 1286 2344 pariter
1304 2284 1434 2328 censeo:
1463 2269 1503 2328 ne

223 2372 266 2428 eis
287 2372 352 2428 sine
368 2371 509 2445 periculo
529 2371 579 2429 sni
604 2371 767 2445 quidquam
794 2371 855 2429 tete
876 2377 993 2429 tentore
1014 2371 1115 2443 liceat,
1145 2371 1227 2444 quod
1251 2371 1359 2429 merito
1387 2370 1502 2430 deind

223 2472 387 2531 vindicari.
1459 2457 1462 2468 ’

308 2567 434 2631 Primus
463 2569 630 2651 episcopus
661 2568 813 2632 ecelesiae
836 2569 1007 2633 Atellanae
1036 2568 1134 2633 dixit:
1168 2573 1235 2633 Hoc
1261 2580 1290 2633 et
1310 2589 1369 2648 eqo
1388 2589 1501 2635 censeo

224 2675 452 2734 obseruandum.

308 2771 469 2835 Palladius
500 2774 666 2856 episeopus
694 2773 847 2836 ecclesiae
875 2772 1026 2856 Sulpinse
1053 2773 1152 2839 dixit:
1198 2778 1283 2839 Nilril
1309 2796 1356 2839 nte
1382 2787 1501 2841 contra

223 2879 414 2954 disciplinam
436 2880 670 2939 ecclesiasticam
693 2881 741 2938 vel
761 2885 876 2939 statuta
897 2886 1070 2940 sanctorum
1092 2897 1243 2942 canonum
1255 2880 1417 2954 sectarium
1432 2900 1501 2945 esse

219 2981 376 3054 polticeor.
784 2985 788 2994 '
1335 3055 1337 3058 .

306 3079 501 3164 Tiberius³⁶)
531 3079 698 3162 episcopus
733 3078 886 3142 ecelesiae
914 3078 1100 3145 Subinensis
1131 3081 1226 3145 dixit:
1269 3087 1424 3158 Profiteor
1450 3104 1501 3148 nte

220 3191 333 3245 statuta
355 3187 434 3245 sedis
455 3188 641 3261 apostalicae
662 3188 694 3245 in
715 3185 851 3245 omnibus
872 3187 1035 3260 custodire,
1059 3190 1136 3247 etsi
1155 3190 1187 3247 in
1209 3189 1337 3248 ecclesia
1350 3204 1421 3248 meo
1435 3192 1498 3250 cte-

220 3288 353 3347 ricorarn
386 3290 529 3363 aliquem·
547 3295 655 3348 eontra
679 3295 849 3363 praecepta
881 3297 1055 3348 sanctarum
1082 3306 1233 3350 conmuni
1260 3290 1500 3366 deprehendero

221 3397 274 3447 aut
288 3391 440 3449 mulierem
448 3385 488 3469 ³⁰)
511 3391 634 3449 duniuc
655 3397 709 3448 aut
730 3391 810 3448 diras
830 3390 942 3449 trahere
959 3378 1085 3465 πονῶ,
1110 3392 1149 3451 nir
1170 3393 1372 3453 ecclesiastico
1386 3393 1500 3467 officio

219 3493 369 3565 separari.

305 3588 359 3650 Ab
381 3585 536 3651 universis
559 3588 716 3672 episeopis
738 3589 858 3653 dietum
881 3594 946 3653 est:
981 3599 1145 3655 sententias
1162 3595 1300 3668 fratrum
1322 3613 1430 3658 ornnes
1450 3616 1498 3660 se·

219 3695 348 3768 quirnur,
373 3710 472 3754 ornnes
493 3697 705 3766 confirmamus
725 3703 754 3755 et
775 3697 980 3757 observandas
1000 3715 1064 3757 esse
1085 3700 1283 3776 decernimus,
1297 3731 1341 3740 —
1363 3700 1500 3763 &audi

220 3795 346 3862 Christe,
370 3796 482 3856 llilaro
496 3799 577 3857 uita!
599 3791 719 3857 dictum
742 3797 790 3857 est
812 3794 925 3859 sexies.
973 3800 1055 3871 (liene
1075 3803 1154 3861 mute
1176 3802 1308 3896 adnuisse
1329 3809 1413 3876 sunt,
1437 3822 1499 3881 per

287 3996 319 4061 ³⁰)
337 3992 374 4046 11⁶
391 4000 482 4049 omnia.
508 3996 573 4051 Mox
591 4014 653 4051 mss,
672 4010 794 4067 sperante
812 3998 856 4053 vel
874 4004 1003 4067 spirante,
1023 3999 1071 4053 ubi
1089 3999 1156 4053 editi
1175 4016 1238 4054 cum
1254 3999 1292 4053 Η8
1308 4002 1374 4067 (sec.
1394 4010 1499 4074 mauu)

217 4075 254 4131 Κ8
270 4083 421 4147 inspirante.

285 4167 317 4233 ³¹)
336 4162 379 4218 lta
397 4165 434 4218 Η7
447 4170 473 4218 0⁹
485 4169 534 4232 0¹⁰3
554 4168 639 4221 ceteri
657 4186 719 4221 mss.
743 4171 896 4233 Tmrritaniu
915 4169 953 4222 H⁰
975 4173 1137 4232 inuritanus,
1155 4169 1184 4222 h¹
1207 4173 1372 4225 Teretitdnae.

171 4269 179 4291 ι
285 4251 317 4316 ³²)
336 4251 379 4303 lta
400 4250 498 4315 H²H⁸3
528 4250 596 4304 editi
618 4257 737 4307 denuntio
761 4253 799 4320 th*
823 4255 860 4307 ud
882 4271 970 4322 marg.
991 4257 1118 4321 devincta,
1145 4257 1183 4308 c¹⁰
1204 4254 1241 4310 ud
1262 4271 1353 4326 marg.
1374 4261 1497 4331 definio).

215 4329 322 4387 Deinde
340 4352 393 4388 vox
412 4341 510 4389 traverit
527 4352 560 4389 ex
579 4354 641 4390 mss.
661 4339 690 4391 et
707 4338 736 4390 h·
755 4341 908 4394 revocetur.

284 4420 315 4485 ³³)
333 4418 395 4472 Mus.
416 4423 582 4486 Ebruneneis‚
600 4421 637 4474 H⁸
656 4426 805 4479 Eiraensis.
840 4423 904 4478 Mox
922 4424 958 4477 Η8
976 4445 1026 4493 par
1045 4429 1090 4479 tibi
1106 4432 1238 4488 sententie,
1257 4428 1286 4479 et
1302 4426 1340 4479 Ητ
1359 4439 1498 4489 sennenn.

283 4503 315 4569 ³⁴)
334 4503 377 4556 Itu
395 4521 457 4562 etun
476 4505 508 4557 F*
522 4505 559 4558 H²
571 4505 608 4558 11⁹
626 4509 655 4559 et
673 4506 762 4560 editis.
792 4508 846 4562 Alii
865 4510 912 4576 (Hl
924 4512 962 4577 αθ)
980 4517 1115 4568 restiterit.

284 4589 315 4654 ³⁵)
334 4586 457 4656 Sequens
476 4589 581 4644 Tiberii
599 4591 762 4660 suffragium
781 4592 859 4647 deest
876 4594 904 4647 in
923 4595 967 4648 Hi.

282 4672 314 4738 36)
333 4672 358 4724 h.
374 4690 396 4726 e.
416 4674 492 4742 prius
506 4675 693 4744 conjugatam.
724 4676 836 4731 Siricius
856 4680 965 4748 episto
984 4687 1073 4750 cupi
1092 4681 1219 4735 similiter
1237 4682 1338 4750 sanxit,
1357 4697 1386 4740 ut
1404 4695 1497 4746 nutte-

214 4775 266 4809 rem
284 4762 312 4809 id
328 4768 367 4809 est
383 4764 480 4838 uiderunt
499 4766 607 4813 clericas
624 4782 673 4816 non
691 4767 768 4817 ducat
786 4785 891 4819 vexarem
909 4766 953 4832 (cs.
966 4769 1023 4819 not.
1039 4766 1131 4820 Coust.
1144 4768 1173 4820 iu
1192 4767 1217 4820 h.
1232 4766 1269 4834 l.).
1294 4767 1409 4826 Deinde
1428 4779 1497 4830 duan

213 4844 307 4901 intere
325 4862 421 4896 sineres
443 4859 477 4895 uo
499 4861 579 4897 seusu
603 4845 716 4911 dieitur,
738 4864 793 4902 uon
813 4852 844 4902 ut
861 4850 940 4903 simul
964 4851 1134 4919 habeantur,
1161 4852 1208 4905 sed
1228 4854 1260 4906 ut
1277 4870 1336 4908 una
1354 4855 1498 4916 defunctu

213 4925 303 4978 alteru
320 4926 404 4979 ductu
422 4926 465 4980 sit.
