3204 5506
211 325 273 390 882
650 343 678 392 s.
694 341 903 393 noaursola
925 340 1040 389 Pleas

103 508 197 556 acia
210 517 243 560 se
266 494 383 559 oblivio
405 494 610 560 mortalitatis
638 496 826 582 interserat,
855 498 910 562 sed
937 519 1015 582 quos
1037 496 1231 563 Divinitatis
1256 498 1357 582 gratie
1379 499 1449 583 subt

208 597 424 683 perpetuitate
448 597 628 662 confirmet:
652 600 684 662 et
706 599 794 664 vobis
816 621 940 685 quoque
963 600 1110 664 coelestis
1132 600 1390 665 remunerationis
1402 623 1449 666 non

208 701 310 765 deerit
324 700 511 784 praemium,
535 701 590 785 qui
612 700 779 784 adjuvistis
801 702 878 766 boni
899 691 1283 787 principis'institutum,
1309 705 1394 787 atque
1411 703 1449 767 oh

208 804 317 888 sequio
346 802 549 867 convenienti
571 802 727 867 desiderio
748 802 911 867 horrorem
933 804 1169 889 segregationis
1195 804 1318 870 fecistis
1341 804 1448 869 excludi.

109 884 191 1014 Iiups
206 910 388 981 Benedictus
414 910 560 969 Dominus
587 909 667 968 Deus
694 918 811 985 noster,
845 914 898 986 qui
924 913 1055 972 visitavit
1082 918 1112 970 et
1135 909 1215 982 fecit
1248 911 1449 987 remptionem

12 1076 20 1085 ⁸
83 1052 94 1069 .
199 1012 298 1086 plebis
320 1015 410 1072 suae!
910 1016 912 1020 “

288 1110 320 1173 2.
356 1109 509 1194 Superest
529 1132 626 1191 nunc,
651 1112 688 1173 ut
709 1110 783 1194 quia
804 1110 893 1175 vobis
915 1109 1096 1195 hujusmodi
1119 1110 1264 1175 officium
1287 1113 1399 1175 certum
1414 1115 1450 1175 est

205 1213 404 1295 providentia
434 1211 622 1275 Divinitatis
650 1211 848 1295 injunctum,
876 1213 1072 1297 accingatis,
1106 1216 1144 1277 nt
1173 1214 1236 1296 ait,
1270 1213 1400 1295 lumbos,
1427 1218 1450 1277 ct

203 1315 357 1398 pacificae
385 1313 617 1378 adhortationis
645 1312 766 1377 viribus
794 1315 1047 1399 persequamini,
1078 1337 1097 1379 a
1126 1315 1244 1400 quibus
1272 1337 1379 1399 pacem
1401 1336 1450 1380 non

203 1417 319 1480 videtis
342 1416 490 1500 agnosci,
522 1415 661 1480 maxime
682 1417 758 1500 quia
779 1417 904 1500 gratiae
926 1417 1048 1501 gloriae
1069 1420 1195 1481 vestrae
1224 1417 1408 1498 detrahitur,
1430 1417 1450 1479 si

203 1517 279 1601 quid
301 1519 335 1581 iu
357 1518 418 1582 hac
441 1540 536 1582 causa
558 1516 656 1581 fuerit
677 1518 783 1582 minus
802 1519 979 1603 impletum.
1011 1518 1263 1602 Circumspicite
1278 1518 1450 1599 omniafidc,

203 1642 265 1703 qua
288 1620 410 1703 vivitis,
444 1623 477 1683 ct
505 1619 674 1704 diligentia
702 1642 765 1704 qua
792 1620 908 1705 vigetis
931 1620 1088 1685 occurrite
1110 1621 1261 1685 omnibns
1282 1620 1450 1701 incursibus,

86 1782 108 1835 P
140 1783 178 1836 lm
202 1722 316 1806 quihus
337 1721 503 1807 religionis
526 1722 729 1787 Christianae
759 1722 975 1786 reverentiam
1002 1721 1117 1786 videtis
1148 1744 1217 1786 esse
1245 1725 1401 1804 vexatam,
1424 1724 1453 1784 ut

95 1799 186 1917 aiffass
201 1824 375 1888 instantiae
398 1827 522 1888 vestrae
545 1824 626 1887 bene
648 1823 805 1906 possimus
834 1846 906 1888 cum
934 1823 1148 1888 exsultatione
1175 1823 1297 1888 dicere:
1340 1829 1451 1889 Remini

200 1938 323 1990 secatur
344 1939 374 1991 et
395 1938 608 1992 coarmantur
630 1932 673 1990 ad
694 1930 852 1991 Dominam
878 1947 977 1991 omnes
999 1933 1077 2002 fiaes
1103 1937 1216 1989 terrae.
1261 1923 1349 2001 Quae
1372 1946 1452 2010 quum

201 2029 247 2091 ita
270 2029 351 2111 sint,
382 2050 437 2092 vos
460 2028 514 2113 qui
536 2026 700 2091 Ecclesiae
723 2027 900 2093 catholicae
922 2025 1152 2112 tranquillitati
1178 2026 1304 2091 fecistis
1331 2027 1451 2107 initium,

199 2152 370 2213 procurare
392 2131 483 2194 decet
506 2130 673 2195 effaetum:
690 2151 756 2193 non
780 2129 883 2193 deerit
905 2128 1080 2196 Salvatoris
1101 2129 1208 2193 nostri
1229 2129 1322 2193 favor
1342 2129 1375 2194 in
1394 2151 1452 2213 per·

198 2231 355 2315 sectione,
393 2233 448 2316 qui
481 2232 569 2296 vobis
602 2230 663 2296 hoc
695 2253 774 2316 opus
806 2231 977 2316 inspiravit
1008 2231 1161 2314 incipere.
1218 2229 1306 2295 Data
1341 2229 1453 2295 consule

199 2335 427 2419 suprascripto.

699 2520 880 2623 Epistola
906 2522 964 2604 82.

20 2643 24 2653 ’
57 2654 92 2717 (²²-
100 2658 149 2706 519
162 2651 187 2706 d·
228 2672 440 2740 Hormisdae
463 2690 573 2758 papae
596 2673 640 2739 ad
662 2689 850 2757 personam
872 2672 1060 2754 quamdam
1081 2672 1315 2774 spectabilem
1336 2671 1435 2740 aulae

73 2720 167 2790 Mul)
722 2775 937 2859 imperialis.

297 2917 410 2983 Legatos
427 2918 515 2968 missos
532 2918 558 2966 in
576 2932 655 2981 opere
672 2932 717 2967 sao
735 2917 806 2980 apud
822 2918 1001 2980 imperatorem
1018 2915 1181 2978 adjuvandos
1199 2917 1366 2967 emenda.
1466 2923 1504 2987 pl

1252 3001 1260 3031 Ι

347 3048 564 3114 Hormisda.

86 3186 180 3248 epta.
280 3168 384 3245 Quum
405 3190 535 3234 neccsse
556 3168 656 3232 fuerit
683 3168 803 3252 scripta
829 3168 959 3232 domino
985 3166 1051 3231 filio
1078 3169 1189 3230 nostro
1217 3166 1466 3232 clementissimo

196 3272 335 3355 principi
357 3272 521 3351 destinari,
547 3270 791 3354 amplitudinem
812 3273 953 3345 vestram
975 3268 1103 3334 silentio
1124 3268 1304 3353 praeterire
1328 3271 1468 3356 nequivi·

195 3397 273 3438 mus.
314 3375 359 3439 Et
381 3374 452 3437 ideo
475 3373 679 3436 salutationis
701 3371 978 3436 honorificentiam
1000 3370 1259 3456 praeloquentes,
1284 3392 1341 3436 cos
1365 3373 1469 3458 quiin

194 3499 261 3540 rem
288 3476 440 3540 destinati
468 3477 544 3538 sunt
573 3474 845 3557 commendamus,
873 3473 1089 3558 postulantes,
1123 3474 1161 3536 ut
1188 3470 1336 3537 Domino
1364 3479 1470 3540 nostro

193 3581 322 3642 auctore
345 3579 403 3642 sub
424 3581 531 3641 vestra
557 3577 764 3660 dispositione
793 3576 938 3641 celeriter
965 3575 1038 3660 ad¹)
1068 3574 1232 3637 destinata
1262 3578 1470 3659 perveniant:

193 3684 229 3743 ut
251 3681 484 3745 sacratissimus
507 3682 540 3743 et
561 3679 820 3764 religiosissimus
842 3678 1017 3761 imperator
1038 3676 1228 3740 meritorum
1253 3699 1392 3743 suorum
1411 3680 1472 3765 glo

192 3783 272 3845 riam
295 3784 396 3867 possit
418 3783 487 3846 sine
509 3781 661 3844 dilatione
685 3801 886 3864 cognoscere.

691 3966 872 4070 Epistola
898 3966 956 4050 83.

51 4068 181 4203 (iiiiiil
497 4120 709 4187 Hormisdae
732 4137 842 4202 papae
864 4119 908 4188 ad
930 4115 1153 4201 Pompejum.

269 4264 304 4312 01
320 4281 351 4313 ea
368 4265 513 4319 aiuadtate,
533 4277 584 4326 qua
600 4262 673 4325 pacis
691 4263 785 4311 initium
803 4262 913 4322 curauit,
930 4266 1053 4324 procuret
1071 4266 1096 4308 et
1113 4259 1172 4320 ejas
1187 4262 1396 4322 plenitudine..

342 4395 548 4459 Hormisda
571 4393 763 4478 Pompejo.

274 4514 325 4578 Ita
346 4515 524 4580 devotionis
545 4517 674 4578 nostrae
702 4514 844 4577 animum
872 4512 990 4598 gaudio
1018 4510 1208 4576 concordiae
1236 4513 1389 4580 latemur
1417 4517 1470 4581 im·

188 4615 321 4697 pletum,
346 4620 381 4680 ut
403 4618 493 4682 nulla
515 4614 800 4681 credamus‘verba
822 4614 978 4697 sufficere,
1002 4613 1117 4697 quibus
1140 4612 1216 4678 fidei
1232 4619 1372 4682 vestrae
1387 4619 1470 4703 puri·

255 4839 277 4891 ²)
295 4834 345 4888 Ed.
365 4858 450 4905 super.
488 4838 593 4890 lleiude
611 4840 643 4890 (2¹
663 4843 749 4905 pratia
766 4844 864 4905 plorirre
936 4840 995 4890 boni
1010 4819 1141 4903 passinico.

186 4927 219 4972 82
257 4925 275 4986 ¹)
295 4920 337 4972 lta
354 4920 465 4974 indubie
484 4922 664 4985 correximus,
682 4921 755 4989 quod
775 4921 802 4973 iu
819 4923 840 4973 u
862 4933 896 4975 ut.
