3204 5506
443 362 478 410 rs
500 360 635 412 ascicis
658 363 685 411 u
709 362 898 412 sers'ronns
924 351 1024 412 1-4.
1348 347 1369 410 9

134 525 335 583 iucobectionem
351 523 516 580 additionum
531 523 755 589 Pseudo-isidori,
773 523 857 598 qualis
873 532 915 579 est
931 524 1072 580 Vaticanus
1090 522 1180 587 1340,
1199 523 1326 580 translata
1343 531 1369 579 et

131 608 250 666 allerbno
264 608 340 673 edita,
362 608 584 684 insequentibus
606 608 783 665 conciliorum
803 608 963 665 editionibus
986 609 1076 665 locum
1097 610 1209 683 accepit.
1248 608 1369 682 Denique

131 694 267 763 domnellus
281 703 308 750 et
321 694 455 751 ballerinii
470 696 497 750 in
513 694 620 751 laudato
639 696 738 751 codice
753 711 896 753 canonum
912 697 1175 752 ceclesiasticorum
1192 702 1247 751 etc.
1264 711 1296 751 ex
1312 694 1369 769 ple·

130 781 200 838 nioris
213 797 334 837 censurae
349 782 451 837 trutina
466 797 523 836 earn
539 788 784 855 repraesentarunt.

362 913 400 974 In
423 912 571 991 Simplicii
592 912 754 992 epistolem
775 913 812 974 21
833 908 1106 994 („Plurimoram“).

196 1034 232 1090 td
246 1051 294 1091 nos
303 1037 426 1110 pervenit
439 1035 629 1110 apellispanae
645 1035 823 1098 collectionis.
840 1053 872 1092 en
889 1053 940 1110 qua
956 1043 984 1091 et
999 1036 1026 1091 in
1041 1036 1152 1108 critique
1168 1034 1216 1090 illo
1232 1052 1366 1091 carronurn
1380 1030 1433 1098 [ΙΙΙ

126 1120 204 1178 codice
213 1119 340 1194 hispanae
356 1120 493 1183 ecclesiae.
510 1122 553 1177 eui
569 1121 634 1177 nihil
651 1138 684 1177 ex
701 1121 773 1178 lalsis
789 1121 886 1179 lsidori
902 1119 1034 1177 mercibus
1047 1119 1218 1183 admiscetur,
1236 1122 1370 1194 exscripta

126 1207 174 1261 luit.
204 1205 273 1261 Unde
294 1221 352 1260 eam
372 1207 525 1281 expiscatus
546 1206 678 1263 llereator
699 1210 739 1262 ad
758 1208 898 1263 Zenonem
916 1210 1080 1278 episcopam
1096 1206 1276 1278 Spolcnsem,
1299 1207 1370 1261 sicut

126 1299 148 1346 et
165 1290 220 1346 alias
240 1290 381 1362 Spaniam
406 1308 456 1366 pro
477 1293 622 1365 Hispania
648 1292 761 1365 pingere
783 1291 868 1355 solet,
891 1291 1040 1364 inscripsit;
1065 1307 1143 1364 quam
1165 1291 1370 1363 inscriptionem

126 1375 204 1432 tanae
219 1377 355 1449 arripuere
372 1374 461 1432 editor
478 1375 612 1432 Romanus
634 1384 662 1432 ct
684 1377 860 1433 conciliorum
881 1376 1053 1432 collectores.
1085 1375 1172 1443 Quum
1190 1392 1252 1431 vero
1269 1375 1369 1431 nullam

126 1462 236 1535 temporis
248 1469 341 1516 notam
357 1477 420 1534 prae
435 1478 465 1516 se
482 1461 557 1525 ierat,
580 1462 622 1518 hic
637 1479 670 1517 co
691 1461 858 1518 commodius
876 1461 969 1517 ultimo
986 1460 1047 1516 loco
1063 1459 1212 1530 subjicitur,
1236 1476 1291 1533 quo
1307 1477 1370 1533 pro-

125 1546 172 1619 pius
184 1546 264 1602 altera
280 1544 376 1603 Felicis
391 1545 423 1603 ad
440 1546 562 1604 eumdem
578 1546 713 1603 Zenonem
728 1564 790 1603 cum
805 1547 862 1620 ipsa
877 1545 1025 1621 comparari
1041 1535 1151 1619 poterii

568 1887 720 1961 Manita
738 1888 906 1992 praevia

367 2057 410 2128 in
436 2056 602 2131 Felicis
628 2056 670 2128 ΙΙ
695 2082 843 2153 papae
869 2056 1103 2154 epistolae.

357 2278 395 2339 In
415 2277 530 2339 Felicis
553 2260 701 2357 epistolas
724 2280 813 2339 1-4
836 2277 1020 2358 („I)ecebot“
1043 2273 1120 2357 etc).

191 2390 218 2455 Ι.
252 2398 375 2467 Quatuor
389 2400 455 2456 haec
469 2402 568 2476 scripta
590 2402 706 2476 primurn
721 2419 735 2456 a
750 2402 864 2458 baronio
886 2401 999 2458 eveteri
1021 2398 1191 2462 collectione,
1213 2414 1292 2471 quam
1308 2395 1452 2463 Cre-[Dur.
1462 2393 1522 2461 Fal]

122 2487 259 2541 §corianam
277 2493 353 2541 vocat
361 2478 392 2558 ¹),
419 2485 490 2541 edita
512 2486 591 2542 simul
612 2488 715 2543 misisse
730 2487 815 2561 liquet
831 2487 945 2543 Felicem
961 2484 1011 2542 sub
1031 2487 1119 2559 ipsum
1141 2482 1314 2557 pontilicatus
1329 2484 1370 2538 sui

123 2571 256 2631 uordiunr,
279 2579 316 2632 ut.
340 2571 412 2643 quod
434 2581 490 2627 turn
511 2573 579 2628 ratio
603 2580 630 2628 ct
651 2573 821 2629 consuetudo
843 2571 995 2647 erigebant,
1018 2570 1172 2644 imperatori
1194 2577 1222 2624 et
1242 2569 1371 2641 episeopo
1416 2603 1424 2615 .

125 2654 410 2730 Constantinopolitano
426 2654 598 2731 significaret,
620 2674 680 2713 sese
702 2660 728 2714 in
745 2658 879 2714 demortui
895 2657 1023 2731 Simplicii
1039 2655 1129 2712 locum
1143 2654 1286 2710 suffectum
1301 2670 1371 2708 csse.

126 2740 167 2796 l'ec
180 2743 265 2796 minus
282 2749 388 2797 constat
404 2743 435 2798 iis
456 2743 594 2798 mittendis
613 2745 779 2800 occasionem
796 2742 903 2799 dedisse
919 2759 1002 2816 quum
1016 2740 1147 2797 lobannis
1163 2738 1266 2810 Talajac
1281 2740 1309 2794 in
1325 2737 1373 2793 Ur·

127 2823 173 2880 beru
187 2825 338 2888 adventum,
361 2835 415 2882 tum
438 2825 543 2883 oblatos
561 2827 593 2883 ab
614 2845 647 2884 eo
669 2829 797 2885 adversus
819 2829 944 2885 Acacium
965 2826 1081 2884 libellos.
1118 2827 1153 2881 nt
1175 2841 1229 2898 quo
1251 2832 1373 2899 tempore

127 2909 245 2966 iohannes
260 2912 288 2967 in
303 2909 399 2967 Urbem
415 2911 560 2977 advenerit,
582 2931 637 2969 nou
653 2916 779 2970 convenit
800 2916 871 2971 inter
885 2914 1042 2986 scriptores.
1072 2911 1098 2966 Si
1115 2909 1181 2966 fides
1196 2911 1233 2965 sit
1247 2907 1372 2964 Liberata

128 2993 222 3050 breviar.
240 3013 261 3052 c.
272 2996 320 3059 18,
336 2997 485 3054 lebannes
499 3001 613 3072 ejectas
627 3002 662 3057 ele
677 3003 744 3056 sede
758 3001 961 3057 Alexandrina
974 3005 1098 3070 propter
1109 2997 1226 3052 Petrum
1239 2995 1373 3066 Monpam

129 3080 291 3137 Antiochiam
303 3082 457 3154 profectas
472 3091 523 3155 cst,
540 3093 571 3141 nt
586 3087 694 3142 rideret
708 3086 794 3142 Illam
809 3089 973 3158 magristrum
988 3126 994 3139 .
1009 3126 1015 3138 .
1030 3123 1037 3137 .
1053 3082 1207 3154 Impressas
1222 3081 1261 3136 od
1272 3078 1373 3134 Caten-

128 3167 221 3221 dionem
235 3167 441 3224 Antiochenam
455 3171 665 3241 patriarcham,
688 3174 808 3244 sumptis
829 3172 864 3226 ab
886 3187 918 3227 eo
939 3170 1155 3226 intercessionis
1170 3166 1314 3238 synodicis
1328 3165 1372 3219 lit-

128 3256 194 3320 teris,
215 3252 376 3309 Romanam
385 3258 552 3327 pontificem
567 3259 733 3328 appellavit,
759 3264 785 3312 ct
807 3259 898 3312 suasit
918 3256 1046 3311 scribere
1060 3270 1115 3325 pro
1132 3266 1162 3307 sc
1178 3251 1285 3306 alcario
1302 3248 1373 3305 Con·

127 3340 366 3409 stantinopolr‘tano
387 3342 529 3412 episcopo.
562 3342 600 3397 Et
616 3343 729 3414 paridem
750 3343 788 3398 ad
807 3343 863 3398 hoc
879 3341 1043 3413 Simplicius
1055 3339 1232 3411 praeparati
1245 3337 1333 3390 animi
1347 3340 1375 3390 ct

128 3424 266 3478 maritatis
278 3423 347 3495 fait.
373 3423 471 3479 Verum
484 3426 546 3481 huic
557 3428 702 3482 narrationi
718 3426 797 3482 lidern
813 3425 934 3481 nonnihil
947 3424 1102 3493 detrahunt,
1120 3438 1188 3495 quac
1199 3420 1270 3477 idem
1281 3415 1377 3475 auctor

126 3505 153 3560 de
166 3508 260 3562 mutuis
276 3507 329 3564 illis
345 3507 472 3582 Simplicii
487 3510 519 3565 ad
536 3513 659 3567 Acacium
681 3520 708 3566 et
724 3512 811 3567 hcacii
827 3510 859 3565 ad
875 3509 1040 3583 Simplicium
1056 3507 1153 3564 litteris
1169 3505 1285 3577 subjicit,
1309 3521 1374 3577 quas

126 3592 217 3665 spurias
239 3609 298 3648 csse
319 3609 379 3648 cum
395 3593 552 3651 Coustantio
574 3604 601 3652 ct
617 3596 722 3652 Valesio
744 3596 857 3669 aliisque
879 3595 966 3651 doctis
988 3593 1057 3650 lraud
1079 3591 1239 3647 dubitamus.
1271 3589 1392 3645 Etenim*

126 3675 186 3731 idern
199 3678 299 3733 sentire
316 3676 420 3734 videtur
435 3696 495 3735 curn
511 3679 625 3755 Evagrio
641 3682 668 3737 h.
677 3699 701 3737 e.
714 3680 757 3744 ΙΙΙ,
767 3681 815 3745 15,
839 3681 989 3737 iohannem
1005 3678 1128 3734 videlieet
1140 3676 1276 3751 Simplicio
1289 3673 1376 3730 adhuc

125 3764 258 3835 superstite
274 3761 421 3825 advenisse,
438 3764 465 3820 id
480 3765 554 3839 quod
570 3774 684 3840 uterque
701 3767 771 3822 lortc
786 3784 818 3823 ex
835 3766 952 3839 rpuodam
963 3765 1087 3820 Zacharia
1102 3763 1200 3825 hausit,
1217 3777 1296 3835 quem
1309 3760 1375 3815 late·

125 3855 161 3901 tur
175 3848 229 3920 ipsc
243 3846 372 3922 Evagrius
387 3850 457 3906 nibil
471 3867 578 3920 coram,
601 3868 676 3924 perae
696 3859 764 3908 tarrc
783 3859 864 3925 peste
885 3858 960 3920 sant,
988 3852 1141 3922 explorate
1162 3850 1304 3921 capnitam
1323 3847 1374 3901 ha-

125 3932 219 3988 huisse.
236 3931 314 3988 Certe
323 3931 527 4009 idemEvagrius
535 3936 575 3999 ΙΙΙ,
591 3936 629 3992 15
647 3936 690 3992 ubi
705 3937 854 3992 iohannem
862 3935 971 3992 llomam
987 3935 1126 3990 advenisse
1143 3931 1222 3988 tradit
1237 3949 1268 3986 ac
1282 3940 1376 4006 postca

123 4016 186 4089 apud
200 4017 364 4092 Simplicium
376 4018 489 4075 Zenonis
506 4021 603 4077 litteris
613 4021 724 4096 perjurii
737 4029 889 4077 accusatum
905 4037 974 4083 csse,
991 4027 1082 4093 aperte
1094 4017 1236 4074 conluudit
1248 4024 1277 4072 et
1291 4016 1376 4088 ipsius

121 4100 241 4157 iohannis
256 4101 400 4158 adventurn
415 4112 442 4160 et
456 4106 547 4180 legati,
564 4107 610 4181 qui
625 4107 727 4162 litteras
743 4107 919 4164 ordinationis
935 4106 1019 4181 ipsius
1035 4103 1136 4160 iudices
1151 4099 1272 4176 pontihci
1285 4099 1376 4174 paullo

122 4194 177 4242 ante
190 4185 350 4243 reddiderat.

198 4272 226 4326 2.
263 4272 378 4346 Propius
406 4274 437 4329 ad
460 4277 598 4332 veritatem
620 4277 797 4351 Theophanes
825 4277 951 4332 accedere
976 4274 1083 4331 ridetur
1103 4290 1159 4330 rcm
1181 4274 1218 4328 ita
1239 4287 1376 4345 exponens

122 4355 326 4431 (chronograplr.
344 4357 386 4413 ed.
403 4359 487 4417 llonu.
503 4378 531 4434 p.
549 4361 634 4434 202):
664 4364 814 4419 lohannes
838 4363 908 4419 Tala
906 4365 945 4435 ja
969 4367 1115 4433 comperto
1135 4360 1219 4415 Petri
1232 4358 1331 4430 Morrpi
1349 4358 1377 4412 in

122 4441 316 4498 ,tierandrinam
332 4444 464 4500 civitatem
481 4449 612 4518 adventu,
630 4465 705 4522 panc
720 4451 796 4505 meta
813 4451 1016 4504 commissuras
1030 4451 1104 4502 essct
1116 4461 1213 4501 secam
1225 4451 1376 4516 reputans,

121 4529 194 4583 clero
206 4531 273 4583 ticet
288 4545 324 4583 ac
336 4535 445 4601 populo
461 4534 501 4588 ad
512 4536 662 4605 ponendas
673 4553 731 4605 pro
747 4538 808 4605 ipso
830 4539 942 4589 (animas
961 4536 1078 4603 paratis
1099 4545 1218 4603 campere
1234 4545 1271 4584 ne
1285 4530 1377 4584 disca-

119 4613 194 4667 deret
208 4614 440 4686 deprecantibus,
458 4619 533 4673 ctam
548 4625 575 4673 ct
591 4622 665 4674 citra
682 4622 830 4675 tamattam
846 4621 917 4674 urhe
931 4621 1063 4689 dilapsas
1079 4624 1129 4673 est.
1158 4614 1205 4670 Ubi
1222 4622 1310 4669 autem
1326 4611 1377 4667 llo·

151 4858 158 4868 ·
183 4796 201 4857 ¹)
219 4792 333 4871 ltevera
344 4793 413 4871 haee
431 4801 474 4849 eet
491 4794 672 4851 Vulliccllona
690 4800 753 4863 Ao,
776 4798 947 4851 lindrinnam
970 4797 1159 4851 collectionem
1184 4793 1267 4848 variis
1289 4791 1377 4860 iisque

119 4862 256 4982 ffpfirppnbsffi
268 4861 592 4986 bbdlatbbpibmmbbcbm
614 4865 758 4988 enlpillpenm
785 4867 817 4990 {f'
842 4858 927 4990 sephra
944 4866 1033 4919 Praei.
1058 4864 1180 4933 general.
1206 4868 1249 4927 §4
1272 4867 1326 4914 nt
1350 4861 1378 4914 et

388 4950 433 5000 qu.
524 4950 560 4987 c.
580 4951 638 4988 can.
715 4953 774 5005 esp.
822 4952 848 4988 u.
880 4977 886 4988 .
