3204 5506
185 340 248 405 9ῖο
292 394 300 416 ,
625 352 654 400 s.
671 349 878 399 uounisnnu
900 350 1015 397 rarsi:

77 538 102 577 a.
113 527 171 577 5⁸21.
185 530 332 574 accessus
354 505 613 591 praecedentium
627 509 808 589 temporum
823 526 965 569 errorum
975 491 1160 591 'augmenta
1177 507 1362 570 creverunt.
1391 504 1455 571 Neu

185 611 277 697 parvi
299 609 435 692 habeas,
464 608 511 673 fili
534 608 751 691 sanctissime,
775 607 858 692 quod
881 608 1015 672 curasti!
1060 607 1126 673 Ubi
1150 613 1270 672 sancta
1293 606 1454 674 Calchedo

185 712 295 778 nensis
323 711 463 795 synodus
493 713 527 774 et
554 710 639 774 inter
666 713 796 775 sanctos
818 709 993 774 venerandi
1020 732 1125 794 papae
1149 710 1270 774 Leonis
1292 709 1454 796 religiosis

185 815 266 879 sime
288 813 465 878 constituta
486 812 592 877 locum
614 811 749 896 alicujus
769 811 900 877 honeris
922 811 1129 877 habuerunt?
1173 811 1241 877 Ubi
1264 834 1331 877 non
1354 813 1453 877 adrer-

185 939 255 982 sum
282 917 376 980 tanta
402 914 476 979 fidei
504 914 717 979 fundamenta
743 914 834 999 quasi
860 913 1019 998 quoddam
1046 915 1198 980 bellicum
1232 913 1375 979 hostium
1400 914 1453 980 Dei

183 1017 329 1083 insonuit
356 1015 538 1081 exercitus?
581 1015 709 1092 Quanto
737 1016 912 1080 acrioribus
939 1016 1020 1081 haec
1047 1017 1199 1101 impetita
1229 1020 1309 1081 sunt
1332 1017 1450 1100 jaculis,

186 1124 279 1185 tanto
309 1118 518 1184 validioribus
545 1121 621 1183 sunt
648 1118 823 1183 muniendo
851 1116 1015 1184 subsidiis
1062 1118 1172 1204 Rogo,
1211 1119 1451 1184 clementissime

184 1223 369 1307 imperator,
393 1241 435 1284 ne
457 1241 507 1285 me
530 1223 585 1284 aut
607 1220 647 1284 ad
670 1219 845 1284 deserenda
855 1220 893 1306 ¹²)
908 1220 999 1304 haec,
1024 1243 1105 1305 quae
1120 1221 1242 1285 dudum
1256 1221 1450 1305 beneplscite

184 1327 276 1407 sunt,
307 1326 363 1387 aut
383 1322 538 1387 mutanda
560 1321 742 1406 compellas.
788 1321 858 1386 Vox
886 1322 973 1387 enim
1001 1323 1057 1386 illa
1085 1323 1218 1388 auribus
1241 1324 1323 1389 meis
1344 1322 1450 1388 indesi-

34 1428 301 1509 susannense
321 1425 559 1489 immurmurat:
584 1429 661 1500 Quia
683 1445 769 1489 nemo
791 1445 911 1490 munim
934 1430 977 1489 ad
993 1437 1133 1490 aratrum
1148 1434 1269 1491 mimis
1290 1438 1322 1491 ei
1337 1437 1406 1507 peti
1422 1448 1450 1490 sc

183 1534 349 1608 respiciens
370 1539 461 1608 aptus
481 1537 524 1590 cst
544 1547 640 1606 repro
655 1531 714 1591 Dei
717 1551 728 1601 ;
751 1549 850 1611 quum
871 1527 906 1591 in
929 1527 1069 1593 evidenti
1083 1528 1142 1612 sit,
1165 1528 1244 1612 quia
1257 1528 1449 1613 poenitentis

184 1629 341 1694 malorum
362 1633 412 1694 est
433 1650 581 1713 operum,
604 1650 670 1692 non
692 1628 858 1694 bonorum.

267 1731 298 1795 6.
337 1729 399 1796 Sed
420 1752 612 1816 quamquam
634 1730 684 1795 his
712 1752 865 1816 urgemur
892 1732 1066 1818 angustiis,
1090 1735 1201 1796 tamen
1224 1733 1307 1820 et¹³)
1328 1736 1449 1818 propter

183 1832 438 1897 mansuetudinis
466 1837 540 1898 tuae
568 1833 873 1916 considerationem,
908 1837 941 1897 et
967 1835 1041 1918 quia
1073 1833 1311 1899 venerabilium
1337 1835 1448 1920 legato

184 1956 255 1998 rum
276 1933 435 2000 Johannis
458 1935 615 2020 episcopi,
639 1933 827 1999 Heracliani
850 1933 1028 2020 presbyteri
1052 1940 1085 2000 et
1099 1935 1310 2002 Constantini
1331 1936 1448 2001 diaconi

185 2036 416 2122 allegationes
438 2059 503 2102 non
524 2037 702 2101 inhumana
724 2038 899 2121 permovit,
922 2037 1025 2125 quin)
1041 2037 1271 2103 innocentibus
1295 2043 1350 2103 aut
1365 2039 1448 2124 igne·

184 2139 228 2203 ris
252 2160 366 2204 causae
387 2139 528 2204 remedia
549 2138 685 2204 credidit
712 2160 782 2204 esse
803 2138 979 2224 poscenda:
1008 2140 1048 2203 ad
1075 2140 1212 2205 fratrem
1238 2144 1273 2205 et
1301 2141 1447 2225 coepisco

61 2275 104 2329 ep.
113 2263 170 2313 141.
184 2263 262 2326 pum
289 2244 434 2306 nostrum
457 2241 677 2326 Epiphaniam
704 2241 825 2325 scripta
853 2241 1122 2327 transmissimus,
1156 2244 1194 2306 ut
1220 2264 1344 2307 memor
1369 2242 1447 2325 fidei,

182 2365 304 2408 memor
342 2343 523 2429 religionis,
563 2366 641 2428 quos
680 2343 796 2429 dignos
834 2343 1036 2429 susceptione
1070 2366 1139 2409 csse
1174 2344 1362 2428 crediderit,
1398 2350 1449 2409 sut

184 2446 454 2533 communiene¹⁶)
483 2468 578 2531 quam
605 2446 784 2529 respuimus
811 2446 896 2511 sicut
922 2447 1075 2511 asseritur
1102 2447 1312 2531 innoeentes,
1340 2469 1392 2512 ecs
1413 2447 1448 2511 ad

50 2548 368 2618 enarmonicum
398 2570 508 2613 sacrae
531 2547 764 2612 communionis
787 2549 952 2632 admittat,
987 2548 1087 2613 libelli
1110 2552 1220 2613 tamen
1244 2550 1300 2634 qui
1322 2572 1342 2614 a
1363 2551 1448 2615 nobis

66 2618 95 2672 ei
111 2622 152 2674 ⁶¹·
183 2649 390 2734 interpositus
413 2651 462 2714 est
483 2652 594 2713 tenore
616 2652 752 2714 servato.
796 2649 912 2715 Melius
934 2654 984 2716 est
1004 2651 1091 2715 enim
1116 2654 1148 2715 et
1170 2651 1276 2736 magis
1297 2650 1368 2716 Deo
1388 2652 1449 2736 pla·

183 2751 292 2834 citum,
317 2751 344 2815 si
367 2751 456 2815 salva
477 2750 539 2815 fide
562 2751 777 2816 ecclesiastico
800 2752 922 2837 corpori
941 2753 1125 2837 jungantur
1140 2752 1286 2837 abscissi,
1302 2755 1447 2839 quamin

183 2853 340 2918 abscissos
362 2856 540 2937 transeant,
564 2853 619 2938 qui
640 2853 675 2917 in
696 2853 784 2918 beati
798 2854 887 2920 Petri
904 2854 1112 2920 immaculata
1127 2856 1352 2921 communione
1366 2878 1448 2921 msn-

183 2959 303 3021 serunt.
331 2955 416 3020 Data
431 2956 567 3040 septimo
580 2954 737 3022 Calendas
750 2955 883 3041 Aprilis,
890 2956 1019 3022 Valerio
1034 2957 1103 3022 viro
1119 2956 1297 3023 clarissimo
1312 2959 1446 3024 consule.

677 3142 860 3248 Epistola
886 3143 963 3227 141.

43 3279 168 3402 {pffl
238 3295 451 3363 Hormisdae
473 3312 584 3379 papae
606 3295 650 3361 ad
672 3296 916 3381 Epiphanium
940 3297 1391 3380 Constantinopolitanum.

220 3438 296 3485 Vires
312 3452 373 3485 suas
385 3437 410 3485 ei
421 3438 457 3486 ad
466 3437 680 3500 rediaiepraadas
701 3437 1094 3502 reliquusOrieniaiesechcsias
1111 3438 1249 3497 commit,
1269 3446 1295 3488 ei
1313 3456 1377 3505 quas
1393 3441 1417 3489 is
1453 3448 1520 3512 pls.

215 3520 262 3569 boc
280 3536 358 3584 opere
376 3524 478 3584 reputas
495 3523 596 3570 seruari
613 3523 703 3571 deceni
719 3522 874 3587 praescribit
886 3520 921 3585 (a.
934 3521 1018 3585 1-6).
1059 3523 1320 3574 ibessaioaiceariun
1338 3532 1416 3574 iones

294 3620 394 3654 caueam
411 3606 461 3654 riti
478 3613 593 3656 recerunt
611 3604 646 3670 (n.
660 3608 676 3656 6
689 3614 714 3657 ei
727 3605 761 3671 7).
798 3609 911 3673 Lepsios
931 3625 947 3656 a
965 3610 1037 3672 repis
1054 3607 1116 3657 urbe
1134 3609 1224 3658 mi'rros
1242 3609 1342 3662 laudae

218 3733 789 3824 ὉρμίσδαςἘπιφανίῳὲπί-
883 3739 1133 3823 Hormisda¹)
1223 3739 1445 3826 Epiphanio

265 3838 401 3923 σκόπῳ
440 3842 788 3905 Κωνσταντινου-
925 3843 1113 3926 episcope
1156 3840 1444 3907 Constantine·

264 3939 430 4018 πόλεως.
924 3943 1118 4027 politano.
1156 3940 1160 3956 '

225 4061 252 4122 l.
298 4062 433 4143 Πολλῆς
467 4059 642 4144 irridetur
672 4066 786 4144 χαρᾶς,
884 4064 912 4127 1.
941 4062 1044 4126 Multo
1066 4061 1280 4147 gaudiosum
1301 4063 1442 4148 repletis,

248 4228 278 4295 ¹²)
296 4228 341 4282 Itu
358 4229 442 4283 G'a'.
480 4230 545 4283 bcc
563 4235 679 4287 delenda.

248 4314 277 4380 ¹³)
296 4312 345 4366 ud.
367 4312 455 4368 omitt.
475 4324 512 4380 ei,
530 4329 650 4384 moxque
668 4322 734 4385 quia.
771 4315 878 4370 Deinde
897 4316 931 4371 θ’
951 4336 997 4371 ros
1013 4321 1155 4371 indicassis.

247 4399 277 4465 ί4)
296 4397 352 4451 Aut
374 4418 439 4467 quae
461 4400 510 4452 aut
536 4398 635 4454 deinde
658 4407 823 4457 crediderant
844 4401 1007 4472 legendum,
1033 4403 1083 4456 aut
1104 4416 1157 4456 vox
1174 4407 1220 4472 qni
1236 4419 1302 4458 cum
1319 4405 1442 4472 sequente

177 4487 213 4536 au
226 4485 337 4547 fratrem
356 4495 403 4536 etc.
423 4481 646 4553 conjungendum
664 4487 715 4540 est.

247 4567 277 4634 ¹⁵)
295 4566 347 4621 Vel
370 4574 545 4622 communionis
562 4575 720 4634 innocentes,
739 4571 793 4627 hoc
810 4573 865 4627 est:
884 4578 1052 4628 communione
1071 4592 1145 4642 quasa
1162 4579 1308 4642 respuimus
1325 4594 1373 4629 aon
1389 4593 1441 4628 ror

176 4656 318 4708 incinctos.
354 4651 481 4706 Liberior
499 4655 593 4708 autem
610 4656 722 4724 placeat
738 4656 821 4713 lectio
840 4658 908 4712 bcc
925 4663 1025 4713 alienas
1037 4678 1054 4711 a
1065 4666 1245 4715 commnione.
1292 4659 1357 4714 idox
1374 4661 1399 4712 ο*
1409 4660 1442 4711 c‘⁰

132 4809 138 4815 ι
175 4742 322 4790 societatem
340 4757 401 4790 cuce
420 4745 604 4793 communionis.

102 4896 105 4909 Ι
176 4825 223 4873 141
261 4823 280 4889 ¹)
298 4821 343 4875 Ita
360 4820 394 4874 (Ἠ
409 4825 434 4875 a*
454 4823 484 4875 ct
500 4825 569 4878 text.
588 4843 694 4895 gracc.;
711 4828 761 4882 JO
775 4831 798 4882 ο1
814 4831 839 4882 c²
851 4827 872 4880 i²
891 4833 1045 4882 dilectisimo
1061 4831 1145 4894 fratri
1160 4831 1312 4897 Epiphanio
1329 4835 1441 4898 episcope

175 4908 324 4959 Hormisda.
