3204 5506
199 349 263 414 314
677 359 703 406 s.
722 357 861 407 unnnsn
884 354 998 404 essin

69 530 104 593 (a.
117 532 187 597 sse.)
284 518 331 581 4:
361 516 419 580 Ait
441 515 577 600 denique
608 516 665 578 tus
687 512 828 595 dilectio,
857 513 950 596 noel)
973 518 1095 576 divinoe
1111 516 1326 591 providentioe
1351 531 1414 590 cem

198 626 281 698 qnod
301 626 352 683 iiie
372 624 592 694 monstraverit,
616 626 791 682 sanctornm
806 621 1000 682 ecclesiarum
1014 635 1121 680 senon
1139 619 1280 679 deserere
1299 620 1414 678 cordat:

199 722 274 806 quis
296 742 346 785 me
368 720 402 785 in
425 719 602 804 pontificali
625 719 698 783 sede
707 702 875 783 locaverit
903 736 964 782 non
992 723 1186 796 indicentem
1217 715 1301 780 sicut
1327 716 1386 800 sit,

198 831 270 902 ceri,
295 828 349 888 sed
369 822 569 887 intendentem
586 829 688 887 omnic
710 828 883 887 necessario
898 825 943 884 od
954 827 1154 886 ecclesiastici
1165 827 1306 900 corporis
1319 825 1414 885 oniti

198 924 270 1012 Ego
308 926 436 1010 quidem
471 947 540 989 sum
579 925 721 988 omnium
759 923 925 988 hominum
957 923 1131 1005 minimus,
1176 923 1256 987 sstis
1294 921 1414 988 immsri

198 1029 358 1112 tantast)
386 1027 470 1092 sedis
497 1027 649 1110 officium,
679 1026 742 1091 nisi
764 1027 848 1111 quod
870 1048 1009 1111 superus
1036 1026 1144 1111 gratis
1170 1046 1297 1111 semper
1322 1046 1414 1109 open

199 1152 319 1215 magns
340 1131 379 1194 de
401 1131 517 1215 parvis,
562 1129 645 1205 Quid
668 1129 754 1193 enim
776 1130 815 1193 de
837 1152 887 1194 me
910 1129 1057 1211 sentiam,
1082 1150 1179 1214 quum
1194 1127 1256 1193 hoe
1270 1128 1410 1213 ipsud¹¹)

99 1220 183 1274 ¹0⁰¹·
198 1254 231 1298 se
253 1234 409 1320 magister
430 1233 577 1318 gentium
598 1234 746 1314 testetur,
776 1232 830 1317 qui
860 1255 893 1296 se
915 1239 1051 1297 oltimnm
1079 1244 1109 1295 et
1129 1252 1190 1296 non
1213 1237 1339 1311 dionem
1365 1250 1414 1314 oce

110 1295 364 1417 15'9'ctpostolom
386 1335 579 1419 profitetur?
601 1334 842 1417 Verumtamen,
872 1340 908 1398 nt
936 1336 975 1399 ad
1002 1333 1183 1399 dilectionis
1205 1336 1283 1398 tuse
1304 1332 1398 1398 verbs

198 1440 340 1521 beamus,
371 1440 398 1503 si
421 1438 578 1502 veraciter
601 1440 764 1502 assecutus
787 1459 820 1501 es
843 1437 922 1502 haec
944 1437 1097 1502 divinitus
1120 1435 1200 1501 mihi
1220 1436 1320 1501 fuisse
1343 1434 1414 1502 colli

198 1564 280 1628 quae
308 1544 341 1606 et
368 1540 512 1625 profecto
540 1562 749 1624 quaecunque
776 1543 853 1605 sunt
879 1541 981 1622 bons,
1009 1540 1094 1603 done.
1126 1542 1203 1603 sunt
1230 1539 1307 1604 Dei:
1340 1559 1414 1624 seqt

199 1666 276 1730 ergo
298 1645 503 1709 hortamentis
525 1664 585 1709 non
608 1648 772 1723 indicentis
794 1649 907 1726 doceri,
932 1646 965 1707 et
986 1642 1160 1707 secundum
1175 1663 1349 1726 supernam
1366 1640 1414 1708 dir

198 1748 348 1812 sitionem
392 1754 534 1812 universa
572 1752 844 1826 circumspicientis
855 1745 909 1828 ¹²),
957 1766 1037 1825 quoe
1069 1751 1114 1810 cd
1144 1752 1339 1809 ecclesiarum
1372 1765 1414 1825 pc

198 1862 270 1915 nent
297 1856 456 1927 unitatem,
493 1854 527 1913 et
548 1855 695 1914 cdoersns
717 1854 868 1913 diabolum
890 1853 1137 1913 conturbatorem
1160 1868 1253 1912 cerne
1270 1853 1357 1928 pnet's
1376 1863 1414 1914 nt

197 1961 360 2033 componis,
386 1956 424 2017 ut
446 1952 572 2034 asseris,
593 1955 722 2029 sortiter
743 1958 918 2016 resistentis.
954 1950 988 2016 si
1010 1972 1087 2036 ergo
1109 1951 1148 2015 de
1170 1972 1222 2015 me
1244 1951 1308 2014 isto
1329 1969 1412 2034 pron

196 2056 274 2138 tiss,
312 2058 368 2119 sut
395 2054 548 2119 sectanda
576 2054 635 2118 tibi
665 2056 756 2135 sunt,
786 2075 866 2137 quae
896 2075 915 2117 s
943 2052 1071 2118 Christo
1106 2053 1256 2137 perhibes
1284 2051 1414 2118 constitu

197 2161 253 2222 sut
274 2158 381 2242 polam
403 2160 446 2240 tc,
477 2156 560 2241 quod
589 2156 683 2239 absit,
713 2154 833 2221 Christi
855 2155 1117 2239 dispositionibus
1139 2154 1270 2220 obviare
1299 2155 1414 2239 deprorn

197 2263 263 2343 sut,
292 2260 381 2344 dam)
404 2260 542 2342 veniam,
572 2258 689 2322 lusorie
712 2259 750 2322 de
778 2280 829 2322 me
858 2246 1060 2344 cognosceris
1088 2259 1152 2322 ists
1170 2259 1305 2342 jactare.
1361 2270 1366 2282 ·

281 2362 312 2428 5.
358 2361 419 2426 Sed
449 2364 681 2446 consequenter
709 2362 871 2446 adnectis,
905 2366 1193 2426 condescendibilem
1227 2381 1274 2436 me
1299 2371 1328 2426 et
1351 2364 1414 2440 opti

197 2471 389 2545 dispositione
411 2486 557 2530 revocure
574 2486 663 2544 posse
684 2471 890 2530 concordiam.
935 2463 1083 2547 Proinde,
1114 2463 1268 2549 quonism
1288 2464 1347 2528 isto
1366 2458 1414 2527 veri

196 2568 382 2650 frequenter
404 2566 542 2649 utimini,
566 2567 641 2650 quid
664 2566 724 2631 sibi
748 2567 836 2649 velit,
860 2566 1031 2652 explorem.
1078 2565 1210 2651 Optima
1231 2567 1317 2632 enim
1338 2564 1414 2630 illoc

197 2668 361 2734 Ecclesiae
389 2668 564 2734 catholicae
592 2671 688 2752 atque
717 2669 912 2754 spostolicae
940 2668 1118 2753 dispositio,
1149 2670 1279 2755 quaest)
1307 2669 1414 2734 docete

196 2770 327 2837 meliora
349 2771 544 2856 proficiendo
567 2772 790 2856 conscendere,
819 2792 885 2837 non
912 2771 953 2836 sd
973 2771 1128 2836 inferiora
1150 2771 1364 2837 descendendo
1380 2767 1414 2832 lc

198 2896 277 2940 cere.
308 2873 413 2952 Quum
436 2877 542 2941 autem
564 2875 643 2940 diois
665 2879 907 2942 condescendere
928 2896 987 2941 nos
1009 2875 1124 2940 debere
1139 2874 1313 2959 vobiscum,
1334 2866 1414 2939 interi

263 3068 284 3119 ”l
303 3066 347 3119 Its
364 3067 387 3118 c'
403 3067 429 3118 0⁹
447 3081 509 3118 cum
527 3082 591 3118 mss.
609 3063 664 3116 Alii
687 3063 820 3118 omittunt
842 3084 879 3118 se.
914 3064 965 3118 Est
983 3063 1152 3118 constructio
1176 3062 1341 3119 anacolutbn
1359 3052 1414 3114 cni

276 3124 280 3131 l

195 3150 223 3203 in
241 3150 314 3204 hunc
331 3150 457 3203 modum:
477 3171 523 3204 nos
541 3154 641 3204 (livinae
656 3154 834 3217 providentioe
849 3156 951 3218 pretia,
1025 3155 1171 3215 caritatem,
1196 3155 1222 3202 in
1243 3149 1375 3217 'pontificati
1388 3160 1414 3198 te

194 3244 298 3290 tocntos.
330 3235 413 3289 ΜΝ
433 3241 540 3305 densique
560 3254 606 3288 nos
623 3240 672 3288 dio.
690 3254 763 3303 pron.
779 3255 820 3305 mn
839 3245 884 3289 tna
902 3241 1003 3289 dilectio
1022 3240 1091 3304 qnod
1107 3240 1166 3289 inde
1184 3245 1288 3291 intonsis.

265 3323 295 3385 ¹⁰)
314 3322 357 3375 lta
375 3338 439 3373 mss.
459 3321 488 3374 et
506 3323 543 3385 0¹3
562 3325 597 3373 nd
614 3329 701 3374 tontoe
719 3323 745 3374 c²
758 3323 783 3373 c⁷
796 3322 821 3373 0⁰
835 3322 880 3386 0¹⁰,
898 3325 983 3388 officio
1002 3318 1094 3374 FlFffi.

265 3409 295 3473 ¹¹)
315 3406 358 3459 ita
375 3405 462 3457 Filius
475 3405 523 3471 K',
551 3412 630 3474 ipsum
653 3411 681 3458 id
696 3406 745 3470 K³,
773 3411 824 3473 ipsi
840 3411 868 3459 id
885 3405 927 3470 θ’,
950 3412 1005 3475 ipse
1023 3412 1052 3460 id
1069 3408 1106 3473 θ’,
1136 3405 1184 3460 alii
1202 3405 1272 3460 editi
1293 3402 1414 3467 solumip

196 3491 282 3545 Porro
295 3476 372 3558 ipsnd
388 3505 443 3543 non
462 3505 539 3544 secus
558 3492 642 3558 ntque
660 3495 723 3544 itiicd
740 3491 768 3545 et
786 3496 855 3544 istud
871 3489 992 3559 antiquis
1011 3489 1144 3546 usitatum
1162 3489 1257 3558 fuisse,
1270 3488 1308 3547 ‘ex
1323 3483 1414 3545 veterib

196 3573 337 3628 codicibus
356 3574 424 3629 satis
443 3573 538 3641 liquet.

264 3662 295 3727 ¹²)
313 3660 394 3729 Vulg.
414 3672 552 3730 cunctoque
569 3666 741 3730 inspiciendis.
768 3660 955 3718 Praescrimus
973 3679 1035 3715 curn
1052 3662 1087 3715 pn
1099 3662 1138 3716 1²⁰¹
1156 3666 1378 3733 circumspicientis.
1404 3686 1414 3704 a

194 3762 258 3799 mss.
278 3751 348 3799 circo
363 3751 531 3814 inspicientis,
550 3747 621 3800 sicut
638 3746 712 3800 infra
729 3764 755 3799 n.
776 3753 819 3812 11,
844 3746 892 3800 ubi
910 3746 1020 3800 obtinet
1037 3753 1099 3817 qicid
1115 3753 1315 3817 circumspicitis,
1336 3744 1365 3801 Ι(Ι
1378 3738 1414 3793 θὶῐ

195 3830 258 3885 liter
276 3837 338 3901 qnid
354 3837 423 3885 circo
441 3837 574 3900 inspicitis.
609 3832 673 3886 Mox
692 3832 749 3885 bc⁷
762 3834 787 3885 0⁹
800 3834 838 3884 0¹⁰
857 3838 1011 3895 resistentis,
1030 3833 1078 3891 ubi
1097 3831 1144 3887 alii
1161 3839 1326 3888 resistentem.

264 3918 294 3984 ¹³)
307 3915 560 3985 ltaFlFffici(K¹i);
579 3915 627 3970 alii
639 3916 709 3970 eto*
721 3928 764 3969 end
777 3922 812 3970 od
824 3923 919 3971 neniam
932 3918 978 3986 (ad
992 3936 1081 3988 marg.
1088 3923 1185 3986 oemunt)
1198 3924 1324 3973 istcnrice.
1340 3910 1414 3974 lilim

195 4002 283 4070 nisgis
301 4001 424 4071 placeret
436 4006 649 4056 condescendibiti
665 4022 703 4056 mc
715 4014 741 4054 et
753 4008 856 4070 optima.
880 4002 922 4055 Dc
935 4002 1072 4072 ejusmodi
1085 4009 1299 4060 condescensione
1310 4004 1414 4071 (cosm

193 4082 287 4155 βάσει)
300 4087 335 4140 ob
345 4086 485 4141 Ecclesiae
496 4103 596 4157 pacem
608 4102 806 4154 nonnunquam
817 4087 929 4156 perutili
943 4087 1047 4158 optimc
1060 4088 1185 4159 disputet
1194 4082 1414 4159 scyrillusslsn

193 4171 287 4226 drinus
300 4171 327 4225 in
347 4171 471 4242 epistolis
484 4189 571 4241 nuper
584 4172 620 4225 ab
634 4188 685 4225 eni.
700 4171 834 4226 cardinali
846 4173 954 4241 Angelo
966 4172 1042 4242 Maio
1055 4176 1140 4240 (Patr.
1155 4195 1219 4229 nono
1232 4177 1338 4229 biitioti.
1348 4169 1379 4234 11,
1388 4166 1414 4218 ί(

194 4257 287 4319 editis,
312 4257 384 4312 unds
402 4259 474 4311 forte
493 4255 662 4327 Euphemius
685 4256 831 4311 locutionis
850 4274 916 4311 sune
935 4274 1031 4312 nnssm
1048 4257 1174 4329 arripuit.
1211 4263 1350 4315 Verisimile
1363 4254 1414 4325 m

193 4354 243 4401 est.
263 4342 394 4412 explicat,
414 4340 534 4412 quosdam
546 4349 582 4397 cd
592 4349 783 4398 commonionem
796 4362 845 4397 non
857 4340 988 4412 receptos,
1007 4364 1080 4413 picum
1097 4364 1125 4397 se
1143 4350 1237 4413 neptipi
1247 4351 1356 4405 sisterent,
1369 4344 1414 4393 icet

192 4436 256 4481 sidte
276 4433 311 4481 nd
327 4433 399 4481 oiittd
415 4434 477 4498 qnid
492 4448 521 4483 se
538 4439 687 4483 conuertere
749 4432 923 4494 Qctaioobrem,
943 4428 1038 4499 pergit
1055 4428 1182 4498 sequenti
1199 4429 1344 4500 epistoltst
1357 4431 1414 4495 tp!

197 4518 255 4577 tot,
278 4523 390 4579 constet,
413 4517 483 4567 band
498 4533 589 4568 suntme
602 4520 665 4581 jure
683 4521 805 4583 apendnm
823 4534 879 4569 esse
896 4535 950 4568 cnm
967 4522 1010 4575 iis,
1035 4521 1079 4584 qni
1095 4520 1208 4570 converti
1226 4510 1414 4575 sociemini

193 4603 228 4649 cit
240 4605 314 4658 enim,
334 4608 359 4649 nt
378 4602 404 4651 ii
418 4604 589 4667 profiteantur
606 4605 657 4653 sic:
676 4605 825 4665 „aitoticmc
844 4607 900 4654 dico
920 4606 956 4653 iiii
973 4605 1074 4655 iceresi
1087 4608 1140 4656 ...⁸⁸
1154 4604 1219 4654 Nom
1231 4606 1312 4655 dorae
1323 4608 1414 4666 saeue

193 4686 308 4742 titiones,
335 4681 433 4737 deinde
456 4701 521 4754 pag.
549 4690 596 4739 108
619 4684 709 4751 addit,
733 4692 821 4739 multos
843 4692 879 4740 ad
900 4691 1077 4754 impudentiam
1100 4691 1241 4754 impedient,
1270 4692 1414 4756 meliusque*

194 4771 286 4821 blande
303 4775 388 4835 potins
405 4775 531 4823 sustinere
550 4775 709 4832 resistentes,
729 4792 804 4840 quom
816 4777 888 4838 juris
906 4777 1018 4825 ocmrdne
1036 4775 1173 4825 molestiam
1191 4777 1256 4840 ipsis
1273 4790 1370 4829 neate.
1407 4796 1409 4801 ·

265 4852 295 4918 ¹⁴)
313 4853 357 4906 lta
374 4852 408 4905 1²⁶
421 4853 461 4906 ΡΜ
474 4854 508 4907 Ι(Ι
523 4857 556 4915 c⁹,
576 4854 627 4908 nisi
644 4855 719 4923 quod
736 4860 762 4911 ο9
779 4859 879 4927 postes
897 4874 959 4912 cum
977 4855 1038 4912 oliis
1054 4861 1269 4912 condescendere,
1304 4852 1414 4925 mdc·

195 4943 271 5006 norit,
291 4941 315 4993 0¹
336 4957 400 5009 qnae
418 4944 468 5004 ad,
487 4941 514 4993 αἱ
527 4939 545 4993 b
559 4942 585 4994 ο7
597 4941 636 4993 0¹⁰
653 4946 786 5010 dispositio
805 4949 847 5000 nd.
867 4960 870 4965 ·
