3204 5506
217 340 278 403 748
657 351 684 397 s,
702 348 907 398 uounrsuau
931 347 1044 393 ineas

110 528 203 575 ueta
220 506 409 573 venerabilis
437 507 627 588 imperator,
662 504 700 566 de
728 506 874 586 suscepto
903 501 1118 567 moderamine
1151 501 1282 567 rectoris
1301 523 1364 566 cura
1378 501 1433 565 salu·
1522 552 1533 591 ,Ι

217 611 313 691 brior,
339 611 374 671 ut
397 608 464 691 ejus
487 606 548 669 sibi
570 606 713 670 favorem
735 628 792 689 per
814 627 911 688 opera
932 604 1018 669 bona
1041 604 1202 686 conciliet,
1227 603 1279 688 qni
1298 603 1439 667 uniaersm
1527 655 1532 682 ·.

217 716 250 776 et
271 709 425 794 tribuet2)
449 711 481 772 ct
495 711 588 792 reget
609 708 787 791 imperirun.
825 705 964 770 Proinde
979 729 1030 770 me
1045 729 1171 792 quoque
1186 709 1220 770 et
1234 705 1353 770 domino
1364 709 1444 769 noetn

217 814 296 878 Jcsu
318 810 445 877 Christo
468 809 619 874 corrveuit
640 811 836 894 supplicare,
871 813 907 873 ut
934 808 988 894 qui
1012 809 1050 873 de
1072 808 1240 873 Ecclesiae
1261 830 1333 873 sirac
1353 828 1449 873 conar-

219 916 271 979 dia
294 917 433 978 vestram
455 912 609 997 pietatem
632 912 775 996 cogitare
797 911 916 994 voluit,
944 911 1031 975 hunc
1054 933 1150 996 super
1177 911 1240 975 hac
1262 912 1350 995 parte
1369 930 1455 973 conce

219 1018 292 1081 alere
314 1016 466 1101 dignetur
488 1014 650 1079 effectum:
683 1018 840 1098 quatenus
862 1013 1058 1097 temporibus
1085 1012 1202 1077 vestris
1229 1010 1398 1077 orthodoxa
1413 1010 1461 1075 lide

218 1118 382 1204 praeditus
404 1117 570 1181 universus
593 1121 751 1180 terrarum
773 1117 858 1180 orbis
881 1115 1027 1180 exsultet.
1074 1114 1122 1179 De
1145 1114 1305 1197 hisvero,
1329 1135 1403 1199 quae
1421 1135 1468 1197 pro

219 1219 363 1305 synodali
388 1219 639 1303 congregatione
661 1219 885 1303 praecepistis,
910 1219 985 1303 quid
1006 1217 1075 1282 fieri
1098 1220 1266 1301 oporteat,
1296 1215 1474 1300 pertrahas
1529 1206 1533 1267 l

220 1328 252 1386 et
275 1322 476 1406 coepiscopos
499 1344 599 1403 meos,
629 1321 682 1405 qui
705 1342 838 1405 propere
861 1322 1111 1405 subsequentur,
1141 1318 1268 1404 gloriae
1297 1322 1420 1383 vestrae
1438 1318 1480 1382 iu-

219 1424 376 1489 sinuauda
399 1423 564 1488 mandavi:
587 1444 720 1507 quorum
743 1423 966 1507 suggestione,
996 1423 1023 1486 si
1051 1421 1179 1486 divinus
1208 1420 1307 1486 favor
1328 1444 1400 1486 mea
1420 1426 1486 1484 rota

220 1527 433 1610 prosequitur,
458 1525 690 1608 competentius
713 1525 860 1609 poteritis
883 1525 1032 1589 universa
1055 1545 1265 1610 cognoscere.
1314 1524 1402 1590 Data
1418 1522 1487 1589 l'lll

220 1629 294 1692 Idus
316 1628 395 1691 Julii
419 1627 581 1692 Florentio
605 1626 743 1693 consule.

737 1812 919 1917 Epistola
945 1814 967 1896 7

832 1966 881 2004 seu

69 2017 209 2153 (itiidgdi
290 2062 486 2130 Indioulus,
515 2063 576 2129 qui
598 2063 701 2118 datus
723 2066 775 2117 est
796 2060 952 2118 Ennodio
975 2065 1009 2117 et
1029 2063 1224 2117 Fortunato
1248 2063 1444 2132 episeopis,

313 2165 484 2221 venantio
505 2165 722 2232 presbytero,
745 2163 853 2220 Vitali
875 2164 1034 2231 diacono,
1058 2168 1092 2220 et
1114 2164 1241 2220 Hilaro
1267 2165 1425 2223 notario.

256 2293 382 2355 Quomodo
400 2297 426 2344 ia
443 2298 568 2360 legatione
585 2312 631 2345 area
649 2296 685 2344 ad
697 2296 859 2344 Anastasiou
877 2297 1054 2359 imperatorem
1071 2310 1099 2343 se
1115 2310 1221 2359 perere,
1243 2296 1363 2361 quidde
1375 2296 1480 2361 singuli
1515 2312 1533 2365 p.

568 2383 651 2431 ceruam
668 2381 827 2444 respondere
844 2379 962 2441 debeant,
979 2378 1144 2443 praescribit,

309 2514 336 2575 l.
377 2512 457 2577 ilum
479 2512 540 2577 Dei
563 2513 720 2598 adjutorio
749 2517 781 2577 et
803 2512 1000 2577 orationibus
1027 2510 1254 2596 apostolorum
1280 2515 1458 2580 venientes
1477 2516 1505 2579 in

222 2619 328 2698 partes
345 2613 562 2699 tiraeciarunr,
586 2617 613 2679 si
637 2617 776 2700 episcopi
800 2615 958 2679 voluerint
979 2635 1155 2697 occurrere,
1181 2615 1215 2679 in
1243 2638 1315 2701 qua
1331 2617 1441 2701 decet,
1460 2639 1505 2682 coe

222 2716 428 2780 reiteratione
451 2718 612 2802 suscipite.
658 2717 750 2782 Etsi
773 2717 933 2781 voluerint
959 2716 1172 2781 secessionem
1182 2716 1207 2802 ¹)
1234 2740 1380 2803 parare,
1413 2719 1503 2785 notite

222 2841 372 2903 spernere
379 2871 388 2901 ,
417 2842 457 2884 ne
484 2820 644 2903 judicetur
671 2843 690 2882 a
712 2820 802 2884 laicis
828 2818 950 2882 nullam
977 2840 1033 2883 vos
1057 2840 1127 2883 cum
1156 2818 1241 2903 ipsis
1273 2819 1403 2887 habere
1432 2821 1503 2886 velle

223 2922 434 2986 concordiam.
492 2921 525 2986 Si
553 2943 627 2985 vcro
656 2944 711 2986 vos
740 2921 779 2985 acl
809 2920 988 2986 convivium
1015 2942 1128 3005 rogaro
1158 2922 1352 3007 voluerint,
1392 2924 1502 2989 blanda

222 3024 425 3088 excissatione
449 3046 501 3087 eos
524 3024 692 3105 declinate,
717 3024 874 3088 dicentes:
899 3027 1000 3101 Orate,
1025 3038 1057 3087 at
1074 3031 1209 3104 primam
1234 3033 1502 3106 masticamine

222 3148 353 3191 mensam
376 3147 546 3191 arereamar
567 3132 678 3190 trabere
700 3148 890 3202 commanem,
915 3139 943 3191 et
957 3138 1028 3191 teme
1050 3133 1107 3190 crit
1128 3130 1216 3191 nobis
1241 3133 1305 3192 ista
1321 3134 1501 3209 jucundior.

222 3228 384 3292 Victualia
406 3251 480 3292 vcro
503 3222 552 3293 vel
575 3229 601 3292 si
624 3251 686 3312 qua
708 3229 772 3292 alia
794 3229 906 3292 offerre
928 3228 1097 3310 voluerint,
1129 3232 1275 3313 excepta
1298 3232 1417 3296 tamen
1438 3230 1502 3295 sub

224 3331 381 3412 vectione,
412 3330 438 3394 si
463 3353 557 3394 causa
580 3331 742 3415 poposcit,
771 3330 871 3394 nolite
901 3331 1076 3413 suscipere:
1107 3330 1162 3394 sed
1191 3329 1316 3397 taliter
1345 3337 1501 3413 excusate,

222 3433 304 3497 nihil
326 3433 434 3497 deesse
458 3432 611 3515 dicentes,
636 3436 802 3516 sperantes
825 3433 932 3516 etiam,
957 3437 993 3496 ut
1015 3432 1139 3506 amaros
1162 3454 1241 3497 suos
1264 3434 1364 3500 robis
1387 3458 1503 3501 accon-

222 3535 366 3616 ruodeut,
405 3534 459 3597 ubi
483 3538 558 3598 sunt
580 3538 613 3598 et
635 3535 718 3598 dona
747 3538 778 3598 ot
800 3534 931 3598 divitiae
961 3537 993 3599 et
1016 3534 1132 3599 caritas
1162 3537 1197 3599 et
1220 3537 1342 3602 unitas
1366 3543 1402 3603 et
1423 3537 1503 3624 quid·

222 3636 297 3720 quid
321 3636 360 3699 ad
383 3636 535 3720 gaudium
558 3637 743 3720 religiosum
766 3639 887 3701 certum
910 3640 959 3701 est
981 3637 1186 3721 pertinere2).

306 3740 336 3806 2.
384 3738 463 3803 tium
491 3739 552 3801 ista
581 3739 782 3802 ordinatione
810 3738 878 3802 Deo
905 3739 1044 3823 propitio
1073 3736 1410 3826 Constantinopolim
1442 3764 1505 3829 per·

221 3841 396 3921 vernentes,
420 3840 465 3903 ibi
488 3839 636 3922 secedite,
661 3841 714 3904 ubi
737 3840 933 3904 ordinaverit
956 3840 1229 3905 clementissimus
1252 3842 1458 3929 imperator3
1478 3852 1506 3909 et

222 3947 393 4026 antequam
416 3943 521 4024 ipsum
543 3942 688 4023 videatiS,
712 3941 792 4005 nulli
808 3942 890 4006 detis
906 3943 946 4005 ad
961 3964 1016 4005 vos
1031 3941 1182 4006 veniendi
1205 3942 1401 4027 licentiam,
1423 3972 1506 4035 prae

221 4049 271 4108 ter
293 4065 370 4128 quos
393 4044 497 4127 pietas
520 4044 588 4126 ejus
604 4043 737 4108 miserit.
772 4044 887 4109 Postea
902 4048 1011 4108 tamen
1026 4065 1122 4127 quam
1138 4044 1337 4132 principem
1353 4050 1506 4129 videritis,

289 4320 310 4383 ²)
328 4317 378 4370 Ed.
397 4320 484 4370 taliae
501 4328 526 4370 ee
543 4322 618 4385 repta,

239 4407 252 4453 t
291 4405 309 4468 ¹)
329 4402 361 4455 G*
378 4405 403 4455 a¹
423 4408 615 4464 processionem,
634 4401 784 4456 retinemus
803 4420 864 4456 cum
883 4404 949 4457 boc
965 4410 1139 4458 secessionem.
1175 4402 1243 4469 Qua
1261 4424 1341 4463 voce
1359 4409 1506 4482 hospitium

221 4485 340 4553 intelligi
359 4485 488 4539 discimus
507 4503 540 4539 cx
558 4487 686 4541 subnexis
704 4486 783 4542 initio
801 4506 875 4542 unm.
895 4494 923 4541 2:
947 4493 990 4542 ta·
1006 4493 1131 4550 secedite,
1150 4491 1196 4541 aaa
1213 4496 1392 4549 ordinaverit
1408 4502 1505 4549 eim

222 4576 330 4623 tissimus
348 4577 495 4639 imperator.
530 4571 592 4625 Nan
611 4572 769 4642 displiceret
786 4573 881 4626 tamen
898 4577 1088 4627 attractionem.
1124 4571 1201 4626 Nam
1222 4576 1254 4630 et
1273 4576 1357 4634 hano
1374 4578 1505 4650 instillet!

222 4653 371 4708 llonuisela
387 4654 460 4709 iufra
477 4656 623 4726 permittit.
655 4655 716 4722 Qua
733 4656 767 4710 da
785 4673 815 4711 re
833 4675 942 4712 rursum
953 4657 1031 4727 epist.
1044 4663 1078 4712 49
1095 4674 1121 4710 n.
1139 4663 1150 4709 1
1171 4661 1311 4717 mentem
1325 4682 1410 4721 suam
1421 4662 1504 4735 aperit

220 4738 264 4792 his
281 4739 386 4793 verbis:
410 4745 498 4809 Neque
516 4747 547 4794 ab
566 4747 603 4795 tais
621 4749 739 4797 victualia
754 4751 924 4812 praecaecatis
942 4749 1073 4812 accipere,
1092 4747 1142 4797 nat
1157 4747 1378 4812 sntoeeaom,
1394 4756 1421 4805 ei
1434 4767 1506 4804 cu

220 4830 382 4892 poposcerit,
402 4837 426 4878 et
444 4830 648 4893 hospitalitatem.

290 4912 310 4976 ²)
330 4908 363 4962 G¹
383 4914 505 4973 retinere,
525 4912 552 4964 et
571 4911 671 4966 deiude
688 4919 823 4968 saecccdite.
