3204 5506
243 344 305 410 912
683 359 710 406 s.
727 357 934 406 uonursoas
956 357 1069 403 naeus

135 527 227 578 εστι.
241 515 422 595 συνεργίας
449 514 559 587 καλῶς
585 509 713 596 ἤρχθη,
743 508 850 575 αότοῠ
901 532 959 596 per
980 510 1087 575 omnia
1106 509 1345 594 compleantur.
1384 508 1505 594 Speran-

242 617 452 699 βοηθοῦντος
468 613 847 697 ίνπάσικληρωθοῑσιυ.
902 614 977 677 dum
999 613 1084 677 enim
1107 615 1174 694 est,
1205 585 1244 676 ut
1267 611 1309 675 ad
1333 633 1504 697 compagem

238 713 348 793 Ἐλπίς
369 716 433 800 γάρ
450 716 554 799 ἐστιν,
577 714 693 799 ότιπερ
722 717 768 793 είς
788 712 849 799 την
902 715 1042 799 corporis
1063 715 1112 779 sui
1134 714 1263 799 reliqua
1278 734 1414 799 quoque,
1436 737 1505 799 qnae

242 814 408 904 ἁρμονίαν
439 820 501 882 τοῦ
537 819 666 882 οἰκείου
699 815 850 902 σώματος
901 817 1004 881 adhuc
1025 816 1129 881 divisa
1150 819 1239 898 sunt,
1265 815 1411 881 membra
1428 816 1504 880 fasti·

242 922 298 985 καί
319 916 360 985 τά
381 920 482 986 λοιπά
505 922 561 986 καὶ
582 923 631 986 ἔτι
651 923 717 984 νῦν
733 921 850 1005 διηρη-
902 923 991 1002 nent,
1015 923 1048 984 et
1065 919 1283 1005 apotioribus
1304 919 1430 983 minora
1447 942 1503 984 uon

241 1022 325 1107 μένα
346 1021 429 1107 μέλη
445 1021 689 1103 σπουδάσουσι,
713 1022 769 1086 καί
785 1019 850 1086 ἀπό
902 1023 1094 1108 discrepent.
1151 1022 1204 1085 Ad
1233 1020 1437 1105 quodquam
1460 1043 1503 1085 me

242 1129 310 1190 τῶν
337 1123 547 1209 κρεισσόνων
579 1119 619 1188 τά
652 1121 776 1208 ἥττονα
808 1120 851 1188 οὐ
902 1124 1031 1189 dileetio
1070 1128 1128 1188 tua
1165 1122 1375 1189 Christianae
1412 1123 1503 1188 studio

241 1226 534 1311 διαφωνησουσιν·
560 1227 607 1303 είς
621 1224 641 1291 δ
657 1226 794 1310 ἐπείπερ
809 1249 850 1310 με
902 1226 1048 1290 caritatis
1083 1226 1249 1308 hortatur,
1288 1224 1417 1310 debete)
1449 1247 1501 1310 quo

240 1325 261 1412 ἡ
295 1324 336 1412 σὴ
370 1329 523 1405 διάθεσις
554 1332 594 1413 τῇ
628 1328 761 1413 σπουδῇ
792 1331 851 1412 τῆς
901 1329 1020 1393 invitat
1041 1328 1146 1412 sequi,
1179 1331 1213 1391 et
1235 1326 1322 1412 quod
1344 1326 1500 1392 amandum

241 1434 480 1514 Χριστιανικῆς
508 1428 637 1513 ἀγάπης
664 1430 850 1513 προτρέπε-
901 1430 1015 1494 suadet
1046 1430 1209 1514 amplecti.
1257 1427 1403 1494 Similem
1426 1428 1501 1493 euim

240 1555 305 1615 ται,
329 1529 477 1616 ὀφείλεις
499 1527 752 1615 είςδδιεγείρει
768 1528 846 1596 ἀκο-
898 1534 967 1616 jam
1002 1532 1077 1596 fidei
1111 1553 1221 1596 curam
1253 1534 1419 1617 gerentes,
1452 1553 1501 1615 per

241 1638 426 1718 λουθῆσαι,
460 1634 515 1699 καί
544 1631 627 1716 ὅπερ
654 1631 850 1716 ἀγαπᾶσθαι
902 1635 1084 1720 religiosam
1110 1633 1307 1719 patientiam
1337 1655 1395 1717 par
1415 1633 1500 1696 etiam

240 1735 489 1821 συμβουλεύει,
569 1735 848 1819 περιπτύξασθαι.
902 1738 1078 1821 praemium
1106 1735 1145 1801 de
1172 1735 1252 1800 boni
1273 1735 1379 1820 operis
1406 1757 1499 1819 spera·

235 1836 371 1923 Ὁμοίαυ
398 1835 464 1921 γάρ
487 1835 606 1902 λοιπόν
628 1842 687 1922 τῆς
708 1840 851 1913 πίστεως
902 1860 972 1903 mus
999 1839 1124 1904 effectu.
1175 1836 1290 1922 Neque
1319 1837 1404 1901 enim
1429 1837 1499 1900 difli-

240 1941 407 2025 φροντίδα
423 1944 630 2025 χειριζοντες,
650 1938 705 2004 ded
719 1943 779 2024 τῆς
793 1937 848 2004 ed·
903 1940 1076 2006 cultatibus
1109 1944 1158 2005 est
1194 1939 1384 2004 cedendum.
1436 1938 1497 2003 Nou

241 2045 363 2126 σεβοῦς
398 2040 571 2127 ὑπομονῆς
608 2036 683 2106 ἴσον
720 2041 776 2106 καί
812 2033 850 2107 τό
902 2043 1060 2128 fatigatur
1092 2043 1214 2127 asperis
1251 2042 1348 2123 fides,
1381 2062 1439 2106 nec
1466 2041 1498 2106 ad

241 2147 393 2210 ἔπαθλον
420 2149 481 2209 τοῦ
510 2141 643 2227 ἀγαθοῦ
665 2146 769 2227 ἔργου
792 2143 849 2210 ἐκ·
901 2145 1060 2210 coelorum
1083 2145 1182 2209 ardua
1206 2165 1264 2229 per
1283 2143 1424 2228 proclive
1437 2167 1498 2209 mu·

239 2246 337 2330 βάσει
360 2247 545 2331 ἐλπιζομευ.
581 2241 670 2311 Οὔτε
691 2242 756 2329 γὰρ
778 2257 850 2323 ταῖς
899 2247 1060 2331 tenditur,
1115 2268 1176 2312 nec
1220 2246 1498 2311 remunerationem

240 2351 450 2433 δυσχερείαις
476 2347 548 2414 ἐστὶ
570 2348 845 2433 παραχωρητέον·
900 2351 1015 2435 citra⁷)
1056 2348 1175 2413 laboris
1217 2348 1406 2413 exercitium
1439 2348 1499 2433 quis

240 2450 282 2516 οὐ
304 2459 541 2516 καταπουείται
562 2461 632 2527 τοῖς
652 2448 848 2535 τραχέσινὴ
899 2455 1048 2516 meretur.
1081 2451 1176 2516 Unde
1197 2472 1240 2515 ne
1254 2438 1414 2514 facientes
1427 2450 1499 2514 bona

240 2557 361 2634 πίστις,
383 2549 465 2618 οὐδὲ
488 2553 534 2630 είς
551 2552 591 2617 τά
606 2558 676 2618 τῶν
691 2549 850 2636 οάρανάυ
901 2554 1100 2636 deficiamus,
1145 2551 1332 2637 specialiter
1364 2552 1499 2617 admone

240 2650 404 2737 όάιεόματα
442 2651 498 2720 διά
539 2659 760 2739 κατωφεροῦς
800 2678 850 2732 τις
900 2678 987 2722 mur:
1025 2661 1117 2721 Beati
1151 2655 1267 2738 etiam,
1304 2657 1389 2719 teste
1423 2653 1499 2718 Psal-

240 2756 481 2838 ἐπεκτείνεται,
510 2753 589 2821 οὔτε
611 2760 670 2841 τῆς
691 2755 849 2842 ἀνταμεί-
899 2759 1010 2842 mista,
1041 2766 1094 2838 qui
1113 2763 1290 2823 custodiunt
1308 2763 1458 2838 jusanum
1475 2771 1501 2820 el

240 2870 328 2936 φεως
343 2855 428 2922 ἀνευ
442 2863 501 2943 τῆς
515 2863 577 2924 τοῦ
593 2859 744 2944 καμάτου
759 2884 849 2946 γυμ-
895 2865 1020 2939 faciunt
1033 2867 1187 2941 γἰιτίίίίσνι
1210 2866 1241 2923 in
1266 2868 1350 2924 omni
1362 2872 1499 2941 tempore·

239 2963 358 3037 νασίας
379 2984 429 3037 τις
450 2957 609 3038 ἀξιοῦται.
650 2959 715 3026 Διό
730 2962 787 3026 ἵνα
802 2964 845 3047 μὴ
899 2962 1060 3047 quianon
1081 2962 1210 3026 initium
1230 2961 1353 3026 laboris
1367 2984 1500 3027 remune-

240 3063 437 3147 ἐνκακῶμεν
458 3061 495 3128 τδ
512 3060 643 3146 ἀγαθόν
659 3068 846 3146 ποιοῦντες,
898 3065 1056 3129 rationem
1090 3064 1225 3148 praemii
1265 3066 1431 3129 consuevit
1459 3064 1498 3128 in·

241 3166 356 3241 ίδικῶς
383 3161 728 3251 ὑπομιμνησκόμεθα.
781 3168 847 3230 Καὶ
898 3166 1022 3245 venire,
1050 3166 1105 3231 sed
1126 3166 1295 3231 terminus.
1341 3166 1430 3252 Ergo
1449 3187 1501 3251 par

119 3259 219 3382 {52¹1}-
240 3264 304 3349 γάρ
332 3267 542 3351 μακάριοι,
571 3265 617 3344 οἱς
643 3279 809 3352 μαρτυρεῖ
828 3265 846 3333 ό
899 3268 1038 3333 studium
1053 3268 1280 3333 sollicitudinis
1298 3274 1498 3348 assumentes,

180 3366 434 3454 ’“φαλμῳδός,
479 3369 520 3433 οί
560 3369 848 3453 φυλάσσοντες
899 3371 1013 3455 quibus
1045 3374 1095 3435 est
1126 3393 1192 3435 una
1222 3371 1259 3435 in
1287 3371 1499 3435 commuuione

238 3459 846 3553 κρίσινκαίποιοῦντεςδικαι-
899 3476 931 3537 et
959 3472 1146 3537 credulitate
1174 3472 1328 3555 societas,
1363 3471 1500 3558 quemad·

238 3571 396 3654 οσόνην
419 3574 462 3637 ἐν
485 3573 606 3637 παντί
624 3579 768 3658 καιρῷ·
795 3573 847 3639 ότι
897 3575 1025 3639 modum
1053 3573 1092 3638 de
1119 3574 1263 3639 adunata
1291 3574 1362 3639 sedi
1385 3578 1497 3660 aposto

237 3671 313 3755 οὐχὶ
336 3670 421 3758 ἀρχὴ
443 3679 505 3738 τοῦ
528 3674 679 3759 καμάτου
700 3673 763 3760 τὴν
785 3674 845 3740 ἀν-
896 3676 977 3741 licae
990 3675 1354 3760 Constantinopolitana
1376 3676 1498 3742 ecclesia

238 3774 394 3857 τάμειιγιν
430 3781 491 3840 τοῦ
530 3776 685 3842 ἐπάθλου
723 3783 846 3843 είωθευ
896 3779 1018 3863 pariter
1053 3778 1249 3842 exsultamus
1285 3779 1322 3842 in
1360 3778 1496 3855 Domino,

238 3872 409 3958 εὑρίσκειν
424 3875 509 3942 ἀλλὰ
523 3876 560 3942 τό
577 3878 679 3956 τέλος.
702 3883 844 3964 Τοιγαρ-
896 3881 942 3944 ita
970 3880 1008 3944 de
1030 3880 1226 3965 reliquarum
1255 3902 1397 3965 quoque,
1424 3880 1497 3945 sicut

237 3982 301 4041 οῦν
324 3983 402 4062 ἴσην
424 3981 578 4065 σπουδὴν
601 3986 659 4065 τῆς
683 3985 845 4066 μερίμνης
896 3982 1066 4047 affectuose
1100 3981 1270 4065 admones,
1309 3983 1495 4067 redintegra·

236 4078 495 4165 ἀναλαβόμενοι,
519 4073 569 4159 οἷς
585 4083 656 4148 ἐστι
675 4086 734 4168 μία
751 4084 789 4148 ἐν
804 4089 845 4169 τῇ
895 4084 983 4148 tione
1005 4083 1207 4168 laetemurss),
1232 4087 1266 4147 et
1281 4106 1426 4149 curemus
1440 4084 1494 4168 pn'·

236 4185 397 4266 κοινωνίᾳ
420 4183 476 4245 καὶ
491 4188 531 4268 τῇ
546 4188 654 4250 πίστει
670 4183 689 4270 ἡ
704 4185 843 4270 ἑταιρία,
895 4208 998 4269 mum,
1030 4189 1067 4249 ut
1093 4185 1188 4249 fidem
1223 4185 1493 4272 integritatemque

236 4278 845 4372 ὃντρόπονπερίτῆςὲνωθείσηςπερί
895 4291 1038 4353 nostram
1069 4285 1311 4352 immaculatam
1346 4288 1388 4352 ab
1418 4285 1492 4351 omui

235 4387 280 4467 τῷ
303 4380 513 4470 ἀποστολικςό
535 4387 652 4474 θρόνῳ
672 4394 730 4473 τῆς
745 4393 844 4455 Κων-
896 4390 1088 4474 contagione
1110 4410 1283 4454 servemus.

235 4485 546 4565 σταντιυουπόλεως
568 4489 745 4575 ἐκκλησίας
772 4492 845 4557 ἐπί-

301 4656 322 4721 ⁶)
342 4653 376 4708 G¹
389 4657 416 4710 a¹
436 4662 510 4711 debet
528 4665 597 4728 quod
613 4667 701 4714 incitat
719 4672 745 4715 et
762 4667 905 4723 amandum,
926 4662 954 4716 δΒ
967 4661 995 4715 J⁸
1013 4667 1049 4716 οδ
1065 4667 1134 4732 quod
1149 4667 1251 4723 ίιιτίίαι.
1274 4661 1311 4717 al.
1329 4679 1391 4717 omn
1406 4658 1488 4716 άάί

233 4742 308 4792 debet
326 4746 362 4793 ad
377 4746 406 4794 id
422 4748 491 4811 ηαοδ
507 4749 605 4801 inuitat.
641 4745 720 4800 Unde
739 4745 942 4801 restituendum
961 4747 1117 4802 censuimus
1134 4767 1183 4817 quo
1202 4754 1303 4802 ιἰιοῐτστ.

301 4827 321 4890 ⁷)
341 4828 367 4877 δ’
379 4828 418 4879 0¹⁰
435 4833 505 4880 circa
522 4833 617 4882 laboris
635 4837 770 4885 exercitio.

301 4908 321 4974 ⁸)
340 4908 374 4962 G*
389 4910 405 4976 β
420 4912 480 4964 PJ¹
495 4915 521 4966 α’
540 4930 596 4981 seq.
617 4916 646 4968 ct
662 4914 684 4968 i²
702 4915 784 4972 omitt
801 4925 922 4972 laetemur
939 4929 971 4972 et.
1006 4917 1071 4971 Mox
1089 4916 1123 4971 (δ’
1143 4916 1235 4973 omitt.
1252 4937 1312 4988 per.
