3204 5506
230 105 294 169 274
682 121 709 169 s.
727 119 863 170 ramora
887 119 913 167 n
935 119 1050 167 erran

121 290 214 338 a.‹ioo.
230 275 314 337 viros
342 273 505 338 dilectioni
535 277 610 337 tuae
637 273 779 336 misimus
809 273 1053 355 contradendas,
1081 293 1124 336 ne
1145 271 1222 356 qnid
1243 272 1347 335 mimis
1366 292 1421 355 pro
1444 282 1506 330 ω·

229 376 368 441 tholioae
400 375 475 440 fidei
504 375 647 440 custodia
674 375 861 460 diligentior
888 397 963 440 cura
985 375 1193 459 prospiceret,
1224 373 1385 439 cantatam
1405 378 1505 437 nam

229 477 375 542 iliiximus
405 478 654 541 admonendam:
690 481 726 540 ut
760 478 885 541 etiamsi
919 480 1106 561 praestante
1135 476 1203 541 Deo
1232 479 1342 540 nostro
1367 473 1507 539 nanim

229 580 463 662 dannmtnrmn,
488 580 520 642 id
544 584 592 644 est
614 580 827 644 Alexandrini
850 580 938 643 Petri
961 584 995 644 et
1015 579 1154 644 infelicis
1173 578 1297 661 Aeacii,
1320 577 1425 641 fuerint
1453 565 1507 630 ὅθ

229 683 446 747 ecclesiastica
470 670 659 746 recitatione
682 683 819 764 sublata,
845 687 880 745 ut
895 682 1015 746 similes
1023 683 1048 767 ²)
1072 681 1262 765 perditionis
1278 686 1508 745 eommsaeer·

229 785 309 848 datii
332 808 396 848 non
420 785 649 868 permittantur
669 806 870 868 praesumere
886 784 1095 868 dignitatem
1118 805 1184 848 non
1199 784 1288 867 prius
1303 787 1357 847 tua
1370 769 1508 845 dilatio

228 888 278 950 vel
308 887 534 971 congregatio,
572 908 666 970 qnam
693 887 871 971 gubernas,
905 886 1286 970 Constantinopolitanae
1294 886 1320 971 ³)
1348 880 1509 948 aeneiae

231 990 280 1052 vel
303 990 482 1073 quicunque
505 990 573 1071 ejus
596 989 721 1052 futuros
745 992 794 1052 est
816 990 973 1072 pontifex,
998 987 1299 1052 commimioandum
1314 1008 1378 1051 esse
1391 985 1510 1054 lecer-

228 1094 297 1173 unt,
321 1114 417 1175 (lnam
440 1092 481 1154 ad
502 1091 651 1154 notitiam
674 1090 756 1154 sedis
780 1092 974 1174 apostolieae
997 1095 1113 1154 cuncta
1135 1090 1318 1154 referantur
1337 1088 1384 1152 vel
1396 1084 1511 1170 ipsius

227 1192 360 1276 litteris,
391 1194 444 1277 qui
472 1193 572 1257 fuerit
601 1198 726 1257 creatus
754 1193 936 1277 episcdpus‚
965 1193 1014 1256 vel
1037 1197 1112 1256 tuae
1134 1191 1317 1256 dilectionis
1344 1181 1509 1273 alloquii&

229 1295 311 1370 Quia
333 1296 416 1359 sieut
438 1318 495 1379 per
517 1296 748 1379 professionem
771 1295 963 1359 catholicam
985 1295 1069 1358 aedis
1092 1293 1288 1378 apostolicae
1304 1293 1513 1387 formans&

231 1402 324 1460 cutus
347 1420 391 1479 ca,
414 1402 450 1460 ut
471 1402 504 1460 tc
527 1420 545 1460 a
569 1398 722 1461 damnata
745 1399 967 1462 communione
990 1396 1211 1480 suspenderes,
1237 1397 1283 1460 ita
1304 1395 1389 1459 beati
1406 1390 1515 1457 Peto

229 1500 318 1583 sequi
346 1500 441 1563 debes
475 1501 672 1583 exemplum,
713 1504 748 1563 ut
782 1500 911 1584 quaudo
945 1501 1013 1582 ejus
1045 1498 1236 1564 auctoritate
1270 1497 1367 1561 fuerit
1395 1488 1517 1559 mla-¹¹¹

230 1602 420 1684 commuuio,
444 1607 522 1665 tuno
545 1603 590 1665 eis
613 1602 710 1665 etiam
732 1609 822 1666 tuum
845 1603 973 1666 noveris
996 1601 1194 1666 miscendum
1209 1597 1519 1664 esse'consorlinffl·

228 1702 297 1766 Nec
319 1705 486 1787 quisquam
509 1703 674 1767 dilectioni
696 1707 771 1767 tuae
794 1705 924 1768 oniniuo
947 1691 1149 1787 persuadeat,
1170 1703 1240 1786 jam
1260 1704 1400 1766 nostram
1413 1702 1523 1763 00:11·

229 1807 412 1870 munionem
440 1806 504 1870 illis
534 1806 678 1890 partibus
706 1807 805 1870 fuisse
829 1808 1041 1889 commissam,
1071 1828 1168 1890 quum
1195 1805 1304 1868 videas
1327 1802 1424 1866 adhuc
1440 1801 1527 1863 ΓΘ

229 1909 263 1971 in
286 1908 382 1972 dubio
405 1908 607 1990 constitutae,
633 1913 665 1971 et
688 1909 772 1992 apud
793 1931 852 1973 nos
875 1910 914 1973 de
937 1909 1003 1972 illic
1026 1912 1133 1972 creato
1155 1907 1308 1991 pontifice
1325 1901 1529 1969 omnialfl·

229 2011 296 2073 beri
330 2032 457 2093 prorsus
487 2010 654 2093 incertai).
708 2009 818 2094 Neque
852 2015 959 2093 posset
992 2033 1063 2074 oum
1096 2031 1133 2073 eo
1167 2008 1283 2072 sociari
1312 1997 1529 2072 eommunia

230 2112 319 2194 cujus
347 2112 451 2175 adhuc
479 2135 498 2174 a
525 2112 618 2175 nobis
648 2135 708 2175 neo
736 2112 837 2175 honor
867 2113 1021 2196 probatur
1048 2133 1117 2175 esse
1142 2114 1310 2195 susceptus
1336 2132 1396 2175 nec
1419 2105 1529 2173 fiad

230 2218 325 2297 atapue
354 2214 492 2277 intentio
523 2214 739 2297 comprobata.
778 2215 955 2298 Exspectet
982 2235 1059 2298 ergo
1086 2213 1216 2277 dileetio
1244 2217 1302 2277 tua
1324 2212 1407 2277 sedis
1425 2210 1529 2295 np‘l

230 2316 361 2379 stolieae
385 2316 579 2398 jussionem,
615 2320 647 2378 et
680 2316 726 2380 sio
759 2316 911 2379 ecclesiae
940 2315 1320 2399 (kinstautinopolitanae
1350 2336 1438 2381 saera
1470 2310 1529 2371 9⁴

231 2419 453 2481 conmnmione
477 2419 663 2501 conjungat,
688 2419 714 2481 si
736 2419 770 2481 in
794 2418 1041 2502 participatione
1063 2418 1151 2481 beati
1166 2417 1255 2482 Petri
1278 2421 1311 2482 et
1327 2413 1529 2482 catholic&

231 2520 375 2583 veritatis
398 2520 557 2584 desiderat
579 2542 776 2603 permanere.
826 2521 912 2584 Data
935 2519 1092 2585 Calendas
1108 2520 1214 2602 Majas
1228 2520 1371 2607 Probo⁵J
1387 2510 1525 2583 1⁴¹an

230 2622 297 2684 viro
321 2623 508 2705 clarissimo,
531 2622 708 2687 indictione
732 2622 821 2687 Xlll.

231 2796 443 2806 ...-—.-...
455 2799 533 2805 ..—

231 2895 309 2962 ohos,
330 2913 382 2964 per
399 2912 468 2963 qnos
485 2894 586 2948 missae
604 2898 668 2947 sunt
685 2895 808 2960 litterae,
832 2911 903 2963 quae
921 2896 997 2964 prius
1016 2897 1106 2950 factae
1124 2898 1334 2964 memorantur,
1359 2896 1430 2952 alios
1446 2904 1497 2952 eut

230 2981 265 3033 ab
288 2981 334 3045 iis,
357 2981 405 3049 qui
427 2981 498 3034 hanc
521 2980 668 3050 epistolam
688 2985 719 3032 16
736 2980 925 3049 pertulerunt,
948 2982 1027 3033 vetat
1048 2981 1146 3033 titulus
1168 2985 1197 3034 in
1214 2980 1390 3037 virdunensi
1412 2981 1496 3038 coditi
1527 2996 1529 3001 '

228 3067 397 3134 praemissus
420 3067 465 3132 (ei.
485 3065 580 3118 mouit.
605 3066 632 3117 in
655 3066 727 3118 haue
745 3065 823 3133 epist,
844 3083 869 3118 n.
892 3067 915 3131 1)
934 3068 963 3117 et
984 3065 1074 3134 ipsum
1098 3067 1211 3120 nostrae
1230 3066 1371 3136 epistolae
1389 3066 1498 3133 imam,
1526 3066 1529 3109 l

228 3151 256 3202 iu
276 3169 330 3217 qno
349 3152 458 3203 litterae
476 3150 540 3204 illae
559 3166 613 3203 uon
633 3151 795 3220 simpliciter
813 3156 925 3203 traditae
943 3149 991 3202 sed
1009 3157 1171 3205 contraditae
1184 3151 1234 3205 'vel
1251 3158 1452 3208 contradenda
1468 3150 1500 3207 dl·
1527 3142 1529 3147 ¹

229 3239 335 3288 cuntur.

296 3324 317 3387 ²)
336 3321 453 3374 Clarius:
474 3343 504 3374 ne
523 3330 565 3391 qni
581 3327 727 3390 perditione
745 3328 808 3389 ipsis
825 3333 884 3375 sient
900 3327 993 3375 sinaites
1010 3327 1152 3375 suendotn‘
1167 3327 1355 3388 permittantur
1372 3335 1424 3379 etr.

296 3408 317 3472 ³)
337 3406 412 3459 lstud
432 3412 727 3475 Constantinopolitanae
745 3413 868 3461 eeclesiae
886 3416 924 3462 aei
941 3416 1080 3477 pieicanqne
1099 3413 1133 3474 ej.
1150 3410 1173 3472 s.
1192 3427 1213 3460 e.
1232 3412 1361 3475 pontifex
1378 3408 1410 3462 in
1422 3406 1504 3463 durtii

230 3506 294 3543 casu
317 3490 353 3543 ad
376 3490 532 3559 subjectum
555 3492 671 3545 vertum
689 3499 914 3546 eonimanicanatam
932 3494 1058 3546 refertur.
1100 3490 1145 3546 Sio
1166 3491 1292 3561 loquitur
1311 3491 1407 3559 Felix,
1431 3491 1506 3563 qmti

228 3592 280 3643 pro
299 3578 374 3629 certo
393 3576 523 3641 haberet,
546 3594 609 3629 nior
628 3576 712 3629 ulium
731 3576 855 3631 Flavitae
877 3578 938 3631 loco
958 3577 1168 3647 subrogandum
1185 3593 1253 3630 esso.
1292 3575 1378 3642 Quod
1396 3594 1455 3633 non
1470 3576 1508 3632 it·

230 3660 302 3713 circo
321 3662 356 3714 ab
376 3677 408 3714 eo
428 3661 531 3714 dictum
551 3663 659 3729 putem,
681 3662 835 3727 ardalione
854 3663 931 3715 brevi
950 3661 1115 3714 moriturum
1137 3661 1306 3731 prophetico
1326 3662 1434 3733 spiritu
1451 3679 1508 3718 noe

229 3747 279 3798 set.
310 3746 409 3799 Restit
426 3746 525 3813 igitur,
545 3746 655 3798 ntideo
675 3747 788 3812 dixerit,
807 3748 872 3814 qnia
890 3748 950 3815 ejus
969 3747 1173 3800 ordinationem
1192 3746 1301 3800 nnllam
1320 3764 1351 3803 so
1369 3765 1432 3803 non
1449 3765 1509 3804 oon·

228 3831 356 3884 firmante
369 3831 508 3896 censebat,
526 3830 569 3884 vel
588 3830 654 3898 quia
670 3849 757 3900 penes
776 3849 805 3884 se.
818 3835 999 3886 monumenta
1017 3831 1149 3898 habebat,
1167 3831 1268 3899 quibus
1280 3832 1407 3900 prolatis
1418 3833 1508 3904 ipsum

228 3915 427 3985 imperatorem
446 3916 482 3969 ad
501 3932 563 3969 eam
582 3915 761 3983 rejiciendam
780 3934 899 3985 pronum
917 3920 976 3970 lore
995 3918 1182 3971 existimabat.

295 4005 316 4069 ⁴)
335 4001 395 4055 Non
415 4001 474 4054 sine
493 4000 608 4054 consilio
626 4001 699 4053 istud
713 4001 788 4054 Felix
802 4007 909 4068 mouet,
927 4020 961 4056 ue
980 4004 1051 4056 sorte
1064 4002 1186 4056 Flavitas
1203 4001 1318 4057 litteras
1338 4004 1509 4059 communio·

227 4087 269 4138 nis
288 4087 374 4153 ipsius
392 4086 497 4140 indices
514 4105 547 4139 ao
565 4087 649 4139 testes
663 4104 692 4140 se
705 4087 844 4156 accepisse
859 4088 994 4155 jactaret,
1013 4086 1166 4150 autetiam
1183 4087 1213 4141 id
1226 4090 1342 4157 ageret,
1361 4089 1509 4159 quodue

226 4172 336 4239 pridem
358 4172 393 4224 ab
416 4170 546 4223 Anatolio
568 4173 672 4224 lactum
695 4190 750 4225 non
775 4172 966 4240 dissimulavit,
991 4176 1023 4226 ut
1045 4171 1150 4227 seilicet
1171 4190 1234 4227 eam
1257 4172 1428 4230 litterarum
1447 4190 1509 4247 par·

227 4257 292 4322 tem,
311 4274 382 4324 quae
401 4255 454 4308 sibi
473 4256 587 4321 faveret,
604 4259 729 4325 proferre
747 4259 905 4323 contentus,
924 4261 1019 4312 cetera
1037 4276 1108 4325 qliae
1127 4257 1346 4313 adversarentur
1364 4259 1508 4315 moseten

295 4344 316 4409 5)
335 4341 378 4393 lta
396 4359 457 4394 eum
476 4340 509 4393 ol.
523 4341 621 4395 ltosaio
640 4346 763 4410 Inscript.
779 4347 869 4397 Christ.
890 4345 899 4396 l
919 4362 945 4397 n.
960 4350 1009 4397 Μ’(
1028 4342 1208 4415 mutavimus,
1227 4361 1317 4412 quum
1335 4344 1411 4399 editi
1423 4347 1509 4401 teet·

228 4437 252 4478 ct
265 4429 360 4478 Fausto
372 4447 401 4478 no
413 4447 462 4492 ea,
481 4430 506 4479 0⁷
525 4426 720 4493 corripendum
739 4429 828 4482 suasit
847 4434 962 4497 Lonpino
975 4442 1001 4482 et
1013 4433 1118 4482 Ferrato.
1148 4429 1245 4481 Annus
1263 4434 1317 4484 490
1335 4431 1445 4497 autem.
1461 4430 1509 4501 qui

228 4509 272 4561 hic
290 4511 386 4578 aperte
404 4513 526 4576 notatur,
544 4512 605 4565 aliis
623 4513 796 4566 documentis
811 4514 1035 4567 occidentalibus
1053 4513 1133 4566 unius
1147 4518 1230 4567 Flavii
1242 4518 1337 4568 Fausti
1353 4518 1411 4571 aut
1422 4520 1511 4571 enee

221 4600 336 4660 junioris
355 4595 498 4649 consulatu
515 4596 665 4664 insignitur
683 4600 764 4664 (cons.
779 4598 859 4652 llosai
878 4600 894 4652 l.
910 4617 930 4652 c.
946 4617 973 4654 n.
986 4605 1035 4652 893
1049 4604 1078 4652 ct
1090 4602 1164 4666 894),
1183 4616 1270 4672 quum
1283 4600 1402 4670 collega
1414 4606 1510 4671 Lanui-

227 4699 272 4733 nus
290 4679 319 4732 iu
332 4679 481 4733 Occidente
500 4682 585 4734 serius
603 4682 798 4737 innotesceret.
832 4685 920 4747 liuiun
939 4684 1071 4737 Faustum
1089 4683 1175 4737 etiam
1189 4689 1303 4739 I'rotam
1321 4687 1510 4756 appellantia,
