3204 5506
629 389 799 475 nersrona
823 381 871 440 4..
1312 376 1375 442 323

84 544 309 631 damnatam,
343 551 380 612 nt
402 568 460 611 nec
481 568 615 631 usquam
642 550 800 610 terrarum
829 546 955 610 vivendi
984 547 1088 610 locum
1111 550 1285 612 sectatores
1306 549 1375 630 ejus
1393 562 1479 610 a.4oo

86 649 217 713 habere
248 649 458 714 sinerentur?
500 648 587 725 Quae
610 649 718 713 omnia
745 652 813 712 tam
840 649 940 732 gestis
963 648 1127 713 Ecclesiae
1150 672 1207 733 per
1230 650 1375 734 singulas
1388 630 1510 692 (affl)

87 773 242 837 quasque
264 752 416 837 regiones
438 751 476 816 de
498 772 607 816 eorum
629 751 790 836 pravitate
819 751 990 833 consectis,
1025 774 1121 835 quam
1144 774 1296 815 censurae
1319 775 1374 835 pu-

88 853 201 918 blicae
223 853 449 918 sanctionibus
471 854 654 918 edocentur.
692 853 777 918 Ecce
792 854 959 938 quoruml)
983 854 1061 917 libet
1084 876 1176 918 aures
1199 854 1374 918 catholicas

20 1024 29 1045 ,
90 956 209 1020 audire
233 955 428 1042 doctrinam,
452 956 654 1041 quaestiones
678 956 832 1040 accipere,
863 959 1003 1020 tractare
1025 956 1214 1039 tendiculas,
1240 961 1272 1020 ct
1293 957 1375 1020 blas-

92 1058 247 1142 phemias
271 1058 436 1142 patienter
457 1059 642 1123 admittere!
687 1058 714 1120 0
738 1058 763 1121 si
788 1058 954 1122 studerent
976 1059 1125 1122 adversus
1149 1080 1202 1122 eos
1218 1059 1375 1141 majorum

92 1164 284 1226 nostrorum
306 1161 408 1224 libros
430 1182 645 1246 responsaque
667 1161 881 1244 cognoscere,
911 1160 977 1223 illic
1005 1160 1106 1224 modis
1134 1161 1281 1224 omnibus
1310 1183 1375 1225 cer-

10 1250 12 1259 ’
93 1268 244 1346 neretur,
268 1263 353 1327 nihil
376 1284 445 1327 esse
465 1285 604 1348 prorsus,
629 1262 713 1346 quod
735 1266 768 1326 et
790 1264 831 1326 ab
853 1263 924 1325 istis
946 1262 1044 1326 fuerit
1064 1264 1256 1327 ventilatum
1279 1268 1311 1327 et
1335 1264 1375 1327 ab

21 1392 25 1397 ·
90 1365 161 1430 illis
182 1366 366 1451 magnifica
388 1366 524 1431 veritate
548 1368 736 1430 contritum:
760 1365 869 1448 sicque
891 1365 930 1427 de
954 1365 1078 1428 cunctis
1100 1387 1207 1429 eorum
1223 1366 1375 1450 nequitiis

90 1468 281 1533 refutandis
304 1468 414 1532 fideles
436 1470 551 1554 quique
573 1467 782 1532 redderentur
796 1467 956 1548 instructi,
981 1473 1017 1530 ut
1032 1466 1113 1530 nihil
1130 1468 1266 1550 amplius
1281 1490 1375 1552 quae·

89 1575 233 1635 seretur.
281 1569 344 1635 Sed
367 1569 394 1634 si
416 1569 553 1635 forsitan
575 1569 750 1634 ineruditos
773 1570 897 1634 animos
925 1569 1081 1653 quaedam
1108 1569 1147 1633 de
1174 1593 1282 1634 corum
1305 1592 1362 1636 sen

87 1673 181 1738 sibus
204 1674 378 1758 proposita
401 1674 654 1755 commoverent,
684 1672 732 1736 ita
760 1673 992 1736 venerabilium
1014 1676 1142 1754 patrum
1165 1672 1319 1737 doctrinis
1342 1677 1375 1737 et

86 1776 198 1841 omnis
224 1797 340 1841 eorum
362 1775 545 1860 publicatur
565 1776 710 1858 insania,
739 1779 772 1838 et
801 1775 915 1859 quibus
944 1774 1091 1837 remediis
1121 1779 1248 1838 curetur
1270 1780 1374 1839 osten-

25 1942 28 1949 ,
82 1878 194 1963 ditur,
236 1882 278 1943 ut
306 1900 346 1942 ex
373 1877 423 1942 his
445 1877 514 1942 Deo
536 1881 721 1962 praestante
748 1878 901 1961 praevisis
931 1881 1062 1958 cuncta,
1101 1898 1181 1959 quae
1204 1877 1242 1940 de
1266 1900 1374 1942 corum

79 1984 169 2047 serie
193 1984 390 2063 texuerunt,
414 1983 446 2044 et
468 1979 647 2064 periculosa
669 1981 867 2044 sectantibus
889 1983 922 2044 ct
943 1979 1043 2043 stulta
1062 1978 1374 2061 deprehendentibus

31 2136 41 2161 ,
75 2106 153 2151 esse
191 2083 393 2148 videantur:
422 2083 468 2146 ita
496 2085 532 2146 ut
566 2083 591 2145 si
624 2083 695 2166 quis
729 2082 889 2146 existimet
916 2081 1154 2164 reluctandum,
1185 2082 1283 2166 nont)
1307 2086 1373 2144 tarn

72 2192 240 2253 veterum
264 2185 438 2251 sententiis
461 2183 678 2248 contradictor
701 2184 844 2267 exsistat,
877 2184 930 2248 sed
960 2184 1117 2247 humanae
1146 2183 1242 2246 saluti
1266 2183 1374 2248 catho-

67 2291 239 2375 licaeque
271 2287 441 2352 doctrinae
467 2287 576 2371 palam
603 2308 637 2350 se
665 2290 837 2371 aperteque
865 2287 1053 2370 profiteatur
1082 2285 1258 2349 inimicum.
1305 2285 1374 2361 Quo

64 2394 190 2479 magis
220 2390 420 2475 attentiusl)
441 2387 579 2474 pervigil
602 2410 678 2452 cura
699 2392 864 2472 pastorum
887 2413 906 2451 a
928 2389 1026 2451 sacris
1050 2386 1202 2472 gregibus
1225 2388 1372 2471 luporum

61 2497 178 2562 debet
208 2513 331 2559 arcere
354 2491 536 2556 saevitiam:
559 2513 657 2575 quum
668 2493 705 2574 ¹⁴¹)
722 2491 873 2575 quidquid
889 2491 999 2554 ovibus
1016 2491 1136 2554 sanctis
1153 2490 1307 2553 acciderit
1321 2490 1373 2554 de-

57 2596 254 2679 trimenti,
289 2592 482 2678 praesulum,
512 2594 595 2677 quod
619 2594 715 2677 absit,
744 2593 876 2656 damnet
899 2593 1065 2675 incuriam,
1096 2592 1179 2655 sicut
1202 2615 1220 2655 a
1244 2615 1374 2677 regene-

56 2703 156 2769 ratis
195 2698 395 2784 agminibus
422 2696 605 2761 nocentium
639 2695 782 2779 depulsio
816 2696 990 2759 bestiarum
1025 2694 1191 2759 custodum
1224 2695 1374 2777 praemiis

55 2808 293 2893 perpetuum
315 2798 499 2884 procurabit
521 2803 739 2883 augmentum.
779 2798 871 2863 Certe
894 2798 931 2879 si,
956 2801 992 2859 ut
1014 2797 1117 2880 magis
1133 2800 1290 2879 optamus,
1315 2797 1373 2860 ial-

135 2908 241 2983 haec
266 2903 449 2966 rumoribus
479 2901 546 2965 sint
572 2901 689 2984 relata,
723 2900 912 2985 quantocius
941 2899 1156 2962 desideramus
1185 2920 1370 2982 agnoscere,

54 3019 100 3077 ut
125 3008 199 3095 qui
233 3004 456 3069 membrorum
478 3001 597 3068 Christi
627 3004 795 3067 vexatione
823 3001 1035 3086 trepidamus,
1075 3001 1173 3064 multo
1203 2991 1305 3084 magis
1334 3002 1373 3064 dc
1472 3092 1474 3097 Ι

52 3132 195 3180 eorum
230 3105 418 3172 stabilitate
446 3106 610 3169 laetemur.
664 3105 750 3168 Data
772 3104 802 3169 V
825 3103 983 3169 Uelendas
1013 3103 1168 3187 Augusti,
1208 3103 1373 3187 Faustae)

53 3219 140 3283 viro
169 3208 372 3277 clarissimo
395 3209 533 3274 consule.

54 3452 176 3495 verens
204 3428 385 3497 Pelagianos
407 3431 471 3483 sunt
492 3429 617 3496 decreta,
641 3445 713 3498 quae
737 3427 812 3500 apud
829 3426 1014 3499 augustinum
1036 3426 1064 3480 in
1084 3424 1238 3497 appendice
1262 3424 1373 3484 tornll

55 3546 90 3597 p.
115 3526 178 3578 126
202 3517 250 3583 (in
271 3513 341 3568 edit.
360 3513 399 3567 lll
416 3513 525 3568 Veneta
539 3516 608 3575 tom.
628 3514 704 3567 XVII
722 3533 749 3583 p.
768 3521 844 3582 2756)
863 3515 945 3569 simul
963 3514 1080 3568 collecta
1098 3513 1191 3567 videre
1210 3514 1281 3568 licet.
1320 3516 1373 3568 Ho-

56 3627 135 3665 rum
155 3602 305 3675 primurn
323 3599 461 3653 memorat
478 3599 593 3653 Photius
612 3599 671 3653 cod.
688 3606 728 3652 53.

138 3696 168 3759 ¹1)
192 3688 232 3742 In
251 3681 335 3754 prius
351 3683 472 3753 vulgatis
490 3690 654 3753 quorumlibet
671 3700 725 3736 uno
742 3685 841 3750 verbo,
861 3701 916 3753 quo
933 3685 962 3737 in
981 3683 1049 3738 duas
1068 3701 1149 3738 voces
1162 3684 1250 3740 diviso
1264 3685 1302 3738 nil
1311 3686 1373 3755 jam

56 3778 102 3835 ad
124 3769 291 3831 orationis
308 3766 501 3837 integritatem
519 3785 552 3823 ac
569 3769 689 3822 nitorem
702 3769 916 3823 desiderandum
927 3772 1023 3824 restat.
1055 3770 1144 3823 Aliter
1162 3769 1281 3823 diceres:
1303 3776 1370 3824 Ecca

55 3862 240 3932 hujumodi
258 3863 333 3920 sunt,
351 3872 454 3923 quorum
472 3860 612 3908 doctrinam
624 3875 641 3908 a
653 3859 784 3908 catholicis
802 3858 906 3908 osoribus
918 3860 1003 3909 oridiri
1021 3862 1115 3922 placet.
1146 3853 1211 3906 Mox
1224 3854 1293 3907 aditi
1305 3861 1373 3924 quod

19 3932 29 3957 ⁸
57 3970 120 4006 m
140 3956 177 4000 ee
200 3943 239 3995 ab
259 3942 335 4000 istiu
351 3938 492 4007 sequimur
510 3938 554 3992 G¹.

141 4034 171 4099 ἢ)
195 4026 235 4080 In
255 4022 380 4093 vulgatis
397 4045 447 4078 uon
464 4035 546 4077 taurea
565 4036 688 4084 velerum:
711 4023 844 4078 orationis
863 4026 957 4078 autern
975 4025 1060 4079 series
1077 4040 1129 4095 pro
1149 4036 1231 4078 tornea
1249 4025 1373 4093 postulat

59 4130 196 4175 mn,
224 4106 442 4179 quodquidam
464 4108 571 4163 librarii
593 4111 702 4163 veteres
720 4109 819 4163 eadem
837 4111 905 4163 nota
922 4126 978 4177 qua
1001 4122 1081 4163 sorren
1101 4109 1255 4178 exprimere
1273 4099 1370 4162 solent.

60 4204 106 4261 G!
128 4220 195 4256 non
215 4207 282 4250 tam·

144 4288 175 4354 ⁸)
198 4280 281 4335 Hinc
297 4277 431 4333 exorsa
448 4277 559 4333 ridetur
577 4279 792 4348 comparationis
810 4281 978 4346 membrum,
998 4296 1052 4347 quo
1071 4295 1179 4340 eorum,
1203 4277 1251 4343 qui
1268 4274 1371 4346 pecora

64 4350 275 4429 ufitmdiunt,
293 4362 323 4416 in
341 4363 468 4418 arcendis
484 4364 556 4434 lupis
574 4363 720 4433 vigilantia
737 4367 937 4435 exponebatur.

149 4455 192 4521 ¹⁰)
213 4451 263 4504 Ita
276 4448 471 4519 corrigendrnn
488 4448 627 4516 duximus,
646 4447 721 4516 quod
738 4449 867 4504 antesin
885 4451 958 4503 hunc
973 4449 1099 4502 modurn:
1120 4453 1182 4502 Nam
1200 4452 1324 4517 qudquid

65 4543 260 4614 mavit,
278 4533 332 4588 nisi
348 4533 410 4603 quis
427 4534 500 4587 forte
519 4535 687 4589 substituere
705 4534 833 4589 malitae
852 4535 906 4602 (vel
924 4540 989 4603 rison)
1009 4539 1138 4603 quitquid.

153 4624 193 4691 ¹¹)
214 4619 238 4674 Ε
257 4619 374 4689 regione
391 4619 466 4673 vocis
482 4618 565 4688 hujus
581 4619 611 4674 in
629 4620 756 4675 Romana
773 4622 894 4675 editione
912 4619 1083 4687 adscriptum
1102 4619 1144 4670 cst
1163 4621 1265 4678 Albino,
1284 4619 1369 4685 atqua

69 4712 157 4767 hane
179 4704 381 4774 conjecturam
398 4703 534 4758 Batonius
552 4705 657 4759 calculo
675 4722 724 4759 suo
743 4706 944 4776 comprobavit.
982 4703 1053 4768 Quid
1075 4703 1110 4755 da
1128 4702 1175 4755 illo
1194 4702 1369 4767 censendum,

71 4800 107 4852 in
127 4789 251 4849 monito
274 4789 396 4859 praelati
414 4806 514 4843 sumus.
550 4789 581 4844 Si
598 4807 665 4845 vera
683 4793 726 4844 est
742 4791 839 4858 lectio,
862 4809 946 4859 quarn
965 4797 1072 4844 veteres
1091 4787 1198 4841 codices
1216 4789 1370 4849 asservant,

73 4897 163 4939 anno
191 4883 245 4931 490
267 4874 368 4929 Felicis
389 4875 499 4929 nomine
522 4877 606 4944 atque
628 4875 796 4930 arrctontate
814 4893 831 4929 a
849 4876 960 4929 Gelasio
979 4874 1097 4943 epistola
1120 4874 1175 4928 iata
1192 4872 1296 4942 scripta
1319 4874 1367 4925 est.

1103 5049 1168 5108 21*
