3204 5506
412 75 501 159 Ergo
524 74 551 138 si
567 73 638 159 quis
657 72 800 137 scelestis
816 70 946 136 ausibus
961 70 1133 136 interdicta
1147 69 1408 155 praesumpserit,
1433 72 1467 134 et
1480 68 1566 132 ultra

414 178 555 242 fructum
581 175 719 239 retinere
748 174 852 259 cupit,
887 173 1037 258 episcopo
1064 174 1115 238 vel
1143 172 1227 237 clero
1254 171 1431 257 largiente,
1465 169 1596 236 aliena

414 279 561 364 protinus
584 299 656 342 cum
677 276 836 341 fructibus
859 298 877 339 a
899 275 1083 340 venerando
1110 275 1256 358 praesule
1278 272 1469 339 vindicetur.
1514 276 1556 339 la
1582 312 1602 325 ›-

415 381 501 446 Data
523 379 553 444 V
575 379 650 444 Idus
672 378 807 443 Martias
829 377 1014 460 Ravennae,
1039 377 1202 442 Venantio
1223 376 1292 441 viro
1314 370 1494 441 clarissimo
1522 404 1546 430 ν·
1562 406 1567 431 1
1582 403 1602 431 :1

937 563 1117 667 Epistola
1143 565 1176 647 7.

524 670 675 785 Ειιιικοιίἰὶ
700 719 856 802 episcopi
880 718 1082 784 Tlclnensls
1103 718 1146 784 ad
1170 715 1421 799 Symmachum
1444 735 1587 802 papam.

487 860 520 910 Ut
537 860 597 909 boni
613 860 775 923 imperatoris
792 860 875 908 instar
892 865 1020 908 certamen
1037 865 1128 909 contra
1145 858 1317 909 schemareos
1335 864 1474 920 sustineat,
1492 858 1583 909 torta

571 990 777 1056 Ennodius
800 990 1026 1075 Symmacho
1048 1013 1184 1076 papae.

507 1114 534 1174 1.
573 1109 656 1174 Boni
678 1111 880 1195 imperatoris
903 1114 960 1192 est,
990 1110 1156 1194 probatam
1180 1111 1214 1174 in
1237 1110 1305 1174 acie
1328 1109 1440 1174 militis
1464 1111 1564 1175 anim
1590 1140 1602 1167 ¹=

421 1218 539 1296 tutem,
573 1216 610 1277 ut
631 1212 785 1276 fortitudo
807 1212 910 1276 laudis
932 1211 1058 1297 pabulis
1080 1213 1217 1276 invitata
1239 1213 1273 1275 in
1295 1211 1443 1277 secundis
1467 1235 1527 1278 con
1575 1242 1602 1269 a>

421 1315 563 1380 dediscat
585 1315 664 1378 lucis
688 1314 847 1378 affectum.
892 1312 990 1397 Cujus
1013 1313 1110 1377 robur
1131 1314 1221 1378 ducis
1243 1315 1416 1398 praeconio
1438 1337 1507 1380 non
1529 1337 1590 1379 nu

421 1418 542 1494 Quibus
565 1439 598 1481 se
621 1416 783 1500 denegent
806 1416 903 1480 etiam
925 1415 1030 1479 minus
1053 1415 1159 1480 valida
1181 1417 1295 1481 tironis
1318 1417 1463 1482 membra
1478 1416 1602 1483 conflic

422 1521 548 1605 quando
570 1518 702 1583 rectoris
724 1517 909 1581 testimonio
931 1517 1018 1582 videt
1040 1517 1099 1581 sibi
1123 1541 1189 1582 nou
1204 1519 1308 1602 perire
1323 1519 1408 1604 quod
1423 1518 1581 1606 gesserit?

422 1614 474 1685 via
497 1625 560 1704 est,
595 1643 658 1705 qua
681 1620 720 1683 ad
744 1619 964 1704 praeliandum
987 1623 1109 1684 crescat
1138 1620 1292 1703 intenti0,
1325 1622 1474 1706 quotiens
1495 1621 1574 1687 bene

423 1746 488 1788 uon
511 1724 595 1788 delet
617 1723 744 1786 oblivio.
778 1722 913 1787 Utinam
926 1722 1087 1787 Divinitas
1102 1723 1216 1786 vestris
1231 1725 1318 1787 mota
1334 1723 1485 1808 precibus
1500 1723 1582 1789 dian

423 1909 511 1964 veteri
530 1927 666 1964 canonum
685 1908 860 1974 collectione,
887 1926 971 1976 quam
989 1909 1168 1964 Morbacense
1190 1909 1392 1965 monasterium
1410 1912 1545 1976 asservat,
1582 1933 1599 1955 ··

425 1994 590 2064 quibusdam
612 1994 717 2058 verbis,
748 1994 897 2064 superioris
920 1994 1018 2062 synodi
1043 1995 1165 2064 capitulo
1182 1994 1247 2048 Vlll
1269 1995 1396 2064 proxime
1414 1996 1556 2066 subJ'icitn
1571 1994 1595 2048 h·

426 2086 538 2134 cretum.
580 2079 660 2133 Unde
679 2078 831 2147 colligitur,
855 2080 883 2133 et
901 2078 1097 2147 Symmachum
1116 2079 1225 2134 dedisse
1243 2095 1372 2149 operam,
1402 2082 1434 2134 ut
1456 2079 1531 2151 quod
1549 2078 1581 2133 de

425 2164 564 2219 Ecclesiae
588 2181 643 2218 non
666 2163 820 2218 alienandis
843 2163 1017 2230 decreverat,
1044 2166 1156 2218 senatus
1178 2164 1298 2219 Romani
1321 2165 1446 2220 consulto
1468 2165 1591 2220 ummo

426 2251 553 2304 senatum
571 2249 648 2302 illum
666 2249 741 2319 apud
758 2249 962 2304 Theodericum
981 2249 1085 2319 egisse,
1107 2252 1139 2303 ut
1160 2267 1238 2303 suum
1260 2249 1348 2318 ipsius
1371 2267 1406 2305 ea
1429 2250 1464 2305 de
1482 2267 1511 2306 re
1527 2265 1602 2305 ecl-*w

426 2334 472 2389 ille
491 2335 669 2405 approbaret.
706 2334 777 2388 Hinc
794 2334 940 2404 negaverit
956 2351 1047 2400 nemo,
1069 2337 1222 2389 subnexam
1239 2334 1332 2404 legem
1355 2335 1392 2390 ad
1414 2334 1587 2406 praemissam

427 2420 493 2474 dum
511 2419 629 2474 maxime
648 2419 775 2485 attinere,
793 2419 920 2487 adeoque
939 2419 1051 2474 minime
1068 2419 1114 2473 hic
1132 2419 1215 2473 luisse
1227 2419 1420 2475 omittendam.
1452 2419 1599 2492 Optandun

427 2508 459 2560 ut
475 2503 611 2574 integrior
629 2504 666 2559 ad
683 2521 734 2560 nos
752 2505 931 2574 pervenisset.

495 2595 527 2658 εδ)
545 2591 608 2644 Mas.
627 2595 813 2649 consolatione,-
836 2589 885 2644 sed
902 2590 970 2644 nihil
988 2584 1154 2659 antiqdan‘is
1172 2591 1213 2644 est
1230 2588 1405 2655 familiarius,
1430 2607 1515 2660 quam
1531 2591 1562 2644 us

428 2684 495 2732 ricae
512 2692 565 2746 pro
583 2681 766 2730 commaticus
784 2675 916 2729 scribant.

495 2764 527 2831 88)
546 2762 659 2830 Integra
681 2760 734 2813 erit
751 2760 846 2827 lectio,
870 2760 892 2813 si
914 2760 1036 2829 legatur:
1056 2766 1120 2814 dare
1136 2766 1298 2829 proprietate
1315 2772 1473 2816 convectas.
1511 2766 1548 2817 θ·

429 2854 503 2896 alant
520 2866 589 2895 ιιιιιιιι
606 2852 647 2894 cui
662 2851 733 2895 anlon
750 2851 874 2894 noluerint
891 2855 931 2893 etc
