3204 5506
200 349 262 413 878
642 363 670 410 s.
687 362 895 411 neumenia
916 360 1033 408 esraa

91 544 117 582 a.
128 531 185 581 519.
200 518 285 582 enim
306 516 368 580 tibi
377 517 400 602 ¹)
417 515 559 580 Orientis
580 515 749 599 imperium
756 564 765 596 ,
788 518 824 577 ut
846 516 914 598 ejus
936 535 1069 598 operum
1091 513 1187 577 fieres
1209 513 1443 598 instrumenhrm3

200 623 295 703 atque
317 618 388 682 ideo
410 621 447 682 ut
467 618 528 682 hoc
550 617 585 682 in
607 621 639 681 te
661 616 884 701 propheticum
899 616 1019 679 dictum
1037 615 1114 699 jure
1137 615 1308 680 conveniat
1327 616 1442 681 efficitis:

200 728 364 787 Constitnes
386 742 435 785 eos
454 727 611 800 principes
637 739 729 799 snper
751 740 865 784 omnem
894 731 1025 790 terron-
1055 738 1204 783 memores
1231 731 1319 782 nunt
1342 726 1443 784 nonins's

200 831 257 900 nni,
283 829 423 901 Domine,
448 829 479 886 in
501 829 582 886 omni
596 827 747 902 propenie
769 833 797 885 et
816 828 1021 900 penerotione.
1074 819 1208 884 Etenim
1230 841 1326 904 quum
1345 821 1398 885 tibi
1413 821 1444 885 sil

201 925 419 991 Christianam
446 945 558 1007 pacem
586 944 711 987 servare
739 924 953 1006 propositum,
988 921 1059 1005 quis
1088 925 1120 986 te
1151 922 1277 987 dubitet
1305 921 1444 988 achin

201 1048 270 1091 esse
293 1025 512 1110 delectum²)?

286 1128 316 1191 2.
354 1126 443 1191 Haec
465 1127 569 1210 prima
590 1130 666 1190 sunt
688 1127 784 1191 vestri
814 1127 1005 1190 fundamina
1032 1125 1253 1210 principatus,
1283 1126 1378 1190 Deum
1395 1125 1445 1210 pla·

203 1250 290 1293 casse
309 1229 438 1312 just'tia
460 1232 492 1291 et
514 1228 684 1292 adscivisse
712 1228 802 1292 vobis
825 1228 1111 1293 excellentissimae
1139 1228 1321 1311 majestatis
1342 1228 1444 1309 auxilia

202 1332 277 1395 dum
310 1331 508 1395 adversarios
541 1329 609 1413 ejus
642 1330 730 1393 velut
761 1330 906 1413 proprios
937 1330 1148 1413 comprimitis
1176 1330 1333 1394 inimicos.
1378 1328 1445 1393 Haec

203 1433 354 1496 nimirum
385 1433 526 1495 maxima
558 1432 753 1515 reipublicae
788 1432 999 1496 fundamenta
1031 1436 1125 1515 sunt,
1164 1431 1226 1496 hoc
1259 1431 1385 1497 solidum
1410 1432 1446 1495 in·

204 1535 384 1618 victumque
405 1534 511 1598 robur.
551 1533 662 1616 Neque
684 1535 770 1598 enim
792 1533 941 1597 humanis
964 1534 1080 1598 ictibus
1103 1537 1212 1618 potest
1234 1556 1304 1599 esse
1318 1533 1445 1618 pervium,

204 1636 287 1720 quod
316 1639 365 1698 est
390 1635 516 1699 divinae
544 1636 668 1719 gratiae
697 1637 849 1701 firmitate
877 1635 1039 1700 vallatum.
1090 1636 1198 1700 Testis
1227 1640 1276 1700 est
1301 1635 1371 1700 huic
1392 1656 1447 1719 pro

204 1737 332 1820 phetica
355 1737 536 1821 Scriptura3
570 1737 617 1800 ait
639 1737 739 1801 enirn:
771 1743 857 1816 Elepi
877 1743 977 1803 Jinnid
997 1760 1115 1803 sernum
1138 1759 1251 1814 meum,
1287 1743 1348 1801 oleo
1366 1750 1448 1801 sencio

205 1861 269 1903 meo
296 1847 374 1904 unni
399 1860 479 1910 enm;
519 1859 625 1903 manns
646 1846 724 1902 enim
751 1861 817 1903 men
844 1845 1046 1905 unsilinbitnr
1074 1847 1117 1918 ei,
1148 1851 1178 1903 et
1199 1844 1354 1904 brachium
1372 1859 1448 1902 nenn

205 1945 392 2018 concsortebit
419 1961 494 2004 enm.
549 1941 669 2005 Contra
697 1943 805 2005 autem
831 1942 953 2005 frustra
980 1964 1085 2025 arma,
1123 1942 1245 2005 frustra
1279 1941 1338 2005 sibi
1363 1939 1449 2024 copias

206 2043 345 2128 quaerit,
375 2064 468 2127 quem
489 2042 597 2126 gratia
619 2064 757 2127 superna
788 2043 943 2107 destituit.
989 2043 1120 2108 Etenim
1141 2043 1300 2107 veraciter
1321 2042 1450 2126 scriptun

93 2138 192 2192 Pssalffl·
207 2149 270 2209 est:
302 2150 370 2209 Nisi
389 2150 534 2209 Dominus
560 2150 734 2210 custodierit
761 2153 925 2224 civitatem,
959 2153 989 2210 in
1017 2167 1128 2210 nnrnnm
1150 2151 1280 2225 vipilnnt
1307 2153 1355 2226 qni
1373 2155 1451 2209 cuno

102 2214 187 2273 ¹²⁶’l'
206 2253 293 2312 diunt
314 2269 389 2311 enm.

291 2350 321 2413 3.
356 2347 497 2412 Bellabis
520 2352 556 2412 tu
571 2348 698 2432 quidem
721 2348 828 2413 divino
850 2353 939 2413 tutus
948 2348 1082 2432 auxilio,
1107 2349 1371 2414 excellentissime
1383 2349 1453 2433 prin·

208 2472 292 2533 eepS,
315 2453 348 2514 et
369 2453 444 2514 tuae
467 2450 660 2534 reipublicae
679 2451 759 2534 jugo
781 2451 1051 2515 ferocissimarum
1073 2452 1220 2536 gentium
1242 2451 1324 2515 colla
1343 2450 1454 2514 submit·

206 2555 270 2633 tes3
299 2551 353 2615 sed
376 2551 465 2615 nulla
486 2552 621 2615 victoria
644 2555 840 2635 potestesse
862 2553 1095 2637 praestantior,
1120 2575 1217 2638 quam
1239 2553 1322 2637 quod
1342 2549 1456 2616 humani

207 2654 335 2737 generis
362 2651 487 2717 hostem
515 2656 588 2737 post
616 2654 760 2737 quaesita
787 2657 854 2718 tam
881 2655 970 2738 longi
998 2655 1152 2740 temporis
1180 2655 1380 2719 firmmnenta
1399 2653 1456 2718 sub

207 2755 314 2817 vertis
359 2753 532 2818 Enimvero
561 2758 737 2819 ceterorum
764 2731 881 2820 ruitura
909 2757 1101 2840 proeliorum
1131 2757 1287 2821 distincta
1313 2756 1457 2842 gentibus,

207 2856 392 2941 regionibus
415 2857 602 2940 terminata,
632 2879 741 2922 cruore
768 2859 907 2942 polluta3
944 2859 1023 2924 haee
1051 2880 1144 2923 omne
1172 2880 1276 2943 genus
1302 2860 1460 2924 humanum

208 2958 315 3041 palma
344 2958 581 3042 complectitur,
620 2959 705 3025 hunc
735 2960 881 3024 omnibus
913 2960 1099 3045 regionibus
1128 2961 1339 3046 imputabis³)
1365 2961 1460 3024 trium·

208 3060 321 3144 phum3
353 3063 385 3124 et
406 3061 489 3144 quod
511 3061 638 3124 divinae
659 3062 838 3146 proximum
860 3062 975 3146 pietati
998 3065 1062 3146 est,
1086 3062 1141 3146 qui
1163 3063 1261 3147 paulo
1284 3066 1359 3127 ante
1378 3062 1461 3126 ductu

209 3162 326 3226 diaboli
349 3163 590 3247 grassabantur,
613 3185 699 3226 nunc
715 3164 755 3227 ad
769 3165 917 3248 propriae
933 3164 1045 3228 salutis
1061 3164 1209 3228 effectum
1225 3165 1294 3229 sine
1310 3162 1462 3250 sanguinis

209 3265 361 3328 allusione
384 3264 565 3334 vincuntur.
611 3264 748 3329 Durabit
775 3266 876 3350 igitur
902 3266 998 3351 hujus
1021 3264 1224 3331 Christianae
1247 3268 1397 3331 victuiae
1416 3286 1464 3350 per

210 3389 322 3431 aevum
344 3366 536 3450 triumphus.
571 3367 683 3451 Neque
705 3369 790 3431 enim
812 3371 965 3451 poterunt
986 3368 1058 3432 labe
1073 3369 1226 3452 temporis
1242 3369 1372 3451 aboleri,
1394 3387 1464 3452 quae

209 3469 244 3531 in
267 3469 463 3551 sempiterna
483 3469 558 3532 fidei
581 3469 758 3533 stabilitate
779 3470 915 3533 fundata
938 3473 1023 3534 sunt.
1057 3469 1266 3534 Permanebit
1287 3470 1382 3555 longe
1397 3469 1464 3532 late

210 3592 270 3654 que
292 3573 469 3635 vestrorum
496 3571 583 3634 fama
610 3571 784 3654 factorum,
819 3575 851 3634 et
874 3573 956 3635 sieut
977 3571 1094 3636 divinis
1117 3572 1307 3657 designatur
1334 3570 1463 3655 eloquiis

211 3679 240 3734 in
263 3693 375 3736 ornnem
398 3684 511 3736 terrum
533 3680 627 3737 esini!
648 3695 737 3738 sonans
758 3695 873 3750 eortina,
904 3685 932 3737 et
960 3680 992 3738 in
1017 3682 1093 3751 fines
1120 3686 1222 3738 ierrne
1249 3681 1341 3740 amba
1366 3693 1464 3738 eornn

211 3774 254 3838 Et
292 3775 405 3838 ceteris
442 3775 568 3858 quidem
605 3775 696 3839 bellis
734 3797 845 3859 agree,
879 3775 989 3858 urbes,
1023 3775 1141 3860 oppida
1172 3779 1221 3859 et,
1259 3776 1343 3861 quod
1370 3795 1465 3858 supra

79 696 179 750 Psalm.

59 771 138 831 44,17
148 781 187 831 sq.

81 1713 180 1767 Psalnr.

65 1789 190 1848 88,2lsq.

212 4056 243 4102 Ta
280 4051 298 4114 ¹)
319 4049 352 4102 G¹
373 4054 437 4102 enim
455 4068 519 4117 qnae
538 4051 583 4100 {ibi
599 4053 635 4100 nd
650 4054 768 4109 orientis,
787 4064 906 4117 moxque
925 4053 1026 4116 efficitis
1044 4047 1098 4114 (ed.
1118 4053 1261 4118 efficiatis).
1359 4085 1369 4097 ·

280 4154 300 4216 ²)
320 4150 402 4219 Vulg,
422 4157 545 4205 dilectum.
584 4149 742 4205 Praesensit
762 4153 857 4204 tamen
880 4151 1015 4205 Batonius
1037 4151 1187 4220 legendum
1210 4167 1270 4206 esse
1288 4157 1418 4206 deiectu:
1437 4146 1467 4201 de

213 4252 267 4301 quo
285 4252 340 4288 non
358 4235 495 4303 ambiget,
519 4234 566 4304 qui
590 4235 737 4289 recoluerit
759 4235 828 4289 haec
846 4236 924 4305 epist.
945 4242 977 4290 50
995 4236 1032 4289 ad
1049 4236 1141 4304 ipsum
1158 4236 1299 4290 Justinum
1316 4255 1343 4290 n
1362 4242 1390 4289 2³:
1418 4238 1468 4288 dns

212 4330 250 4372 esi
269 4324 367 4373 dubium
384 4327 477 4373 electos
495 4339 538 4373 nos
555 4324 693 4374 venerabili
708 4326 957 4388 praedestinatione:
975 4324 1033 4373 tum
1051 4319 1100 4373 illa
1118 4319 1197 4388 epist.
1218 4326 1264 4375 58:
1295 4325 1469 4389 Imperatore·

211 4411 395 4458 serenissimum
417 4411 453 4458 nd
474 4409 520 4459 doe
541 4411 703 4472 provideniin
725 4411 809 4458 divina
826 4411 972 4472 jrediennrns
994 4413 1108 4465 electum,
1131 4417 1158 4458 ne
1179 4426 1229 4474 per
1246 4427 1301 4461 eun
1319 4412 1469 4461 ecclesium

213 4496 396 4559 redinteprnn‘o
415 4492 470 4555 etc;
494 4507 617 4545 necnon
639 4490 694 4544 istu
712 4489 792 4559 epist.
810 4497 843 4543 80
861 4509 886 4543 n.
907 4497 935 4543 2:
960 4496 1003 4543 An
1020 4495 1118 4544 dubium
1135 4501 1181 4552 est,
1205 4503 1298 4545 cuncta
1315 4496 1377 4546 nnec
1392 4493 1469 4559 prosi·

213 4581 323 4628 dentiam
344 4581 501 4644 disposuisse
518 4582 641 4630 diuinam:
662 4583 767 4645 primam
785 4597 838 4630 enin
856 4582 996 4644 principem
1013 4595 1069 4630 esse
1091 4581 1213 4630 deiectum
1231 4579 1283 4632 etc.
1303 4607 1337 4619 -
1354 4576 1416 4631 Mox
1431 4571 1469 4628 etl

210 4663 384 4723 fundamenta.

282 4747 302 4810 ³)
320 4744 339 4796 b
357 4751 504 4813 importabis
522 4747 568 4813 (ad
587 4765 673 4815 marg.
694 4750 844 4815 inopinatis).
882 4747 912 4800 ld
930 4764 995 4801 vero
1013 4747 1065 4801 sibi
1083 4747 1143 4800 nult
1154 4745 1317 4809 Hormisdu,
1333 4743 1470 4801 ‚iustiniani

214 4827 385 4896 triumphum
403 4831 485 4884 certia
504 4833 663 4897 regionibus
682 4850 736 4885 nou
756 4851 814 4888 esse
832 4834 1024 4897 tinrninatunr,
1042 4833 1090 4886 scd
1103 4832 1230 4885 omnibus
1241 4835 1385 4902 proficere.
1414 4831 1470 4884 lior

215 4911 249 4965 G'
266 4921 409 4981 proaimnnr
427 4922 530 4983 pietalis
599 4925 774 4984 sonepiiernne.
