3204 5506
594 356 765 404 crissoni
791 345 839 404 18.
1292 344 1356 408 209

53 506 187 590 tefecit,
214 513 364 573 sanctae
385 509 553 573 memoriae
574 508 708 573 fratrem
731 510 891 593 quondam
915 515 947 574 et
970 510 1192 594 coepiscopum
1207 517 1354 577 nostrum
1367 526 1460 585 11482.

54 609 180 673 obiisse
205 609 434 693 Timotheum,
458 612 555 695 inque
577 611 646 693 ejus
668 612 771 674 vicem
794 632 934 675 consona
956 611 1097 675 fidelium
1118 613 1284 677 voluntate
1299 614 1355 677 Jo-

55 710 225 793 hannem,
254 712 312 776 cui
327 713 370 777 ad
384 712 596 777 sacerdotium
612 716 760 776 constare
776 713 980 777 crederentur
996 715 1114 795 omnia,
1133 715 1352 799 subrogatum.
1376 738 1379 742 ’

57 810 129 899 [Et
152 812 294 903 nihil}
318 814 450 878 omnino
471 818 594 879 restare
615 814 800 896 videbatur,
834 816 897 878 nisi
932 819 968 878 ut
997 815 1066 878 Dec
1094 821 1204 879 nostro
1231 817 1355 900 gratias

54 914 249 998 agentibus
274 915 372 979 nobis
389 921 484 1000 atque
500 916 728 1000 gaudentibus,
751 920 788 979 ut
810 917 881 980 sine
903 917 1051 1000 strepitu,
1076 905 1160 1000 qudd
1179 917 1355 981 catholicus

54 1016 90 1079 in
120 1015 286 1081 defuncti
321 1017 534 1081 ministerium
570 1017 778 1081 successisset
811 1018 965 1100 antisteS‚
1002 1018 1197 1102 apostolicae
1231 1041 1356 1103 quoque

53 1117 310 1183 moderationis
333 1140 466 1183 assensu
487 1120 629 1184 votivam
648 1123 788 1182 sumeret
809 1119 1011 1183 firmitatem:
1036 1143 1133 1204 quum
1153 1142 1227 1184 ecce
1244 1142 1354 1184 secun-

53 1219 137 1283 dum
177 1221 453 1285 consuetudinem
488 1221 568 1285 mihi
604 1221 683 1284 talia
712 1220 895 1304 disponenti
923 1221 1168 1305 tranquilissimi
1198 1223 1355 1306 principis

52 1324 194 1406 scripta
218 1327 303 1386 sunt
328 1321 463 1405 reddita,
492 1323 608 1406 quibus
635 1327 847 1386 memoratum
874 1326 1039 1406 tamquam
1063 1324 1195 1406 perjurii
1217 1325 1352 1408 reum⁵)‚

53 1424 150 1510 quod
177 1424 389 1488 fraternitati
411 1446 534 1508 quoque
556 1429 631 1489 tuae
653 1446 719 1488 non
733 1445 811 1487 ‘esse
833 1425 993 1488 diceretur
1015 1425 1227 1509 incognitum,
1252 1446 1354 1488 sacer-

55 1525 156 1589 dotio
182 1525 377 1610 perhiberet
398 1525 578 1611 indignum.
624 1526 713 1589 lllicc
737 1527 856 1589 retraxi
880 1525 1003 1609 pedem,
1028 1533 1060 1589 et
1083 1549 1186 1589 meam
1209 1527 1353 1590 revocavi

55 1649 169 1711 super
194 1628 271 1709 ejus
294 1626 537 1692 confirmatione
560 1628 766 1710 sententiam,
791 1649 832 1691 nc
855 1628 930 1712 quid
954 1635 1066 1691 contra
1089 1632 1217 1691 tantum
1236 1650 1273 1691 ac
1289 1626 1354 1691 tale

58 1729 307 1793 testimonium
329 1751 542 1814 praepropere
565 1729 679 1793 fecisse
698 1729 869 1811 judicarer.

153 1832 190 1895 3.
230 1829 294 1894 Sed
323 1829 402 1894 illud
430 1853 480 1894 me
507 1852 573 1895 non
595 1831 798 1894 mediocriter
821 1831 899 1894 fecit
927 1835 1112 1914 attonitum,
1135 1833 1218 1916 quod
1240 1832 1353 1894 iisdem

57 1933 196 1997 litteris
226 1932 297 1996 suis
320 1931 461 2015 Petrum,
490 1933 544 2017 qui
571 1932 803 1996 haereticorum
832 1933 936 1996 socius
959 1933 1076 1996 dudum
1100 1933 1260 1996 exstitisse
1282 1954 1353 2016 pro·

303 2089 383 2096 ..-

59 2186 215 2256 synodum
234 2184 371 2251 defuisse,
394 2185 522 2239 discimus
540 2203 574 2239 ex
595 2187 692 2256 primis
710 2188 860 2257 superioris
878 2189 1013 2256 epistolae
1034 2195 1064 2241 l'l
1082 2188 1182 2241 verbis.
1218 2189 1352 2256 Superva-

62 2288 196 2325 eaneum
215 2270 306 2335 esset,
324 2268 398 2322 hunc
415 2285 520 2323 morem
537 2271 663 2339 pluribus
681 2272 814 2341 exemplis
832 2288 964 2325 asserere.
999 2274 1036 2325 At
1054 2273 1088 2325 de
1106 2272 1294 2324 Alexandrina
1312 2288 1353 2325 ec—

61 2355 172 2421 clesia,
191 2355 297 2425 utpote
315 2370 333 2408 a
350 2370 370 2407 s.
390 2353 484 2438 Marco
502 2354 529 2408 b.
548 2354 625 2408 Petri
643 2355 778 2425 discipulo
797 2357 926 2419 fundata,
944 2357 1093 2425 specialem
1112 2373 1206 2410 curam
1218 2356 1354 2409 habentes

62 2438 197 2495 Romani
215 2438 378 2509 pontifices,
396 2441 428 2492 ut
444 2440 540 2493 monet
556 2438 645 2493 Julius
664 2440 744 2509 epist.
766 2447 777 2492 1
798 2458 823 2494 n.
843 2447 888 2507 22,
907 2441 942 2494 de
961 2440 1154 2510 episcoporum
1174 2441 1232 2510 ejus
1245 2441 1353 2495 ordina-

64 2525 149 2580 tione
169 2540 203 2578 se
221 2523 340 2593 speciali
354 2524 418 2591 jure
436 2523 588 2578 monendos
607 2541 665 2578 esse
684 2525 889 2579 existimabant.

138 2611 165 2676 ⁴)
186 2607 301 2683 lauru
313 2608 346 2672 b;
364 2610 392 2661 a¹
405 2625 436 2662 cc
454 2615 589 2677 φιεηιάαιη.
621 2608 649 2661 Si
668 2625 712 2662 res
729 2614 795 2679 post
807 2610 946 2663 Timothei
966 2610 1156 2679 Salcphakioli
1169 2612 1275 2664 obitum
1288 2626 1352 2680 pro-
1398 2637 1402 2650 ·

64 2698 146 2749 xime
166 2696 268 2763 gestas
285 2692 423 2762 Evagrius
439 2693 472 2746 H.
491 2693 522 2747 E.
542 2694 593 2759 ΙΙΙ,
613 2699 644 2748 15
663 2694 759 2748 ordine
778 2712 908 2748 enarrare
927 2698 1060 2763 ponatur,
1084 2696 1224 2749 Johunues
1248 2696 1283 2749 de
1301 2696 1353 2750 Ta—

65 2779 128 2849 lnja
148 2777 306 2832 Timotheo
324 2777 455 2832 suffectus
474 2781 503 2831 et
520 2778 637 2831 Zenonis
652 2779 731 2847 jussu
749 2780 845 2848 pulsus
856 2781 976 2833 Romam
995 2798 1024 2831 se
1043 2780 1138 2833 statim
1157 2781 1284 2846 contulit,
1303 2781 1353 2834 ibi-

67 2881 125 2932 que
145 2878 310 2933 exponens,
333 2879 363 2915 se
384 2861 485 2916 Leonis
505 2864 611 2916 tomum
630 2865 659 2916 et
677 2862 907 2917 Calchedonemis
930 2866 1028 2932 synodi
1053 2866 1165 2918 decreta
1183 2866 1353 2919 asserentem

68 2965 126 3002 non
146 2947 247 3001 solum
264 2963 281 3000 e
298 2947 363 3001 sede
383 2964 434 3002 sira
446 2948 636 3014 exturbatum,
656 2949 704 3002 sed
724 2952 763 3014 et,
783 2949 830 3016 qui
847 2948 899 3002 sibi
919 2950 1087 3017 subrogatus
1106 2952 1191 3015 esset,
1211 2967 1244 3003 ea
1256 2950 1353 3018 aperte

69 3035 261 3103 impugnare,
284 3031 456 3102 Simplicium
477 3032 558 3085 facile
581 3032 705 3101 impulit,
732 3035 763 3086 ut
785 3033 813 3084 in
837 3050 937 3086 causae
960 3051 1025 3087 suae
1048 3034 1169 3102 gratiam
1191 3033 1354 3102 imperatori

70 3118 226 3171 scriberet.
263 3115 378 3185 Hacque
397 3116 541 3170 occasione
553 3117 627 3170 Zeno
647 3117 769 3185 pontifici
789 3117 944 3185 respondit,
964 3134 1027 3169 eum
1045 3119 1076 3170 ut
1093 3117 1209 3186 perjurii
1227 3135 1305 3170 reum
1318 3118 1353 3170 de

69 3202 197 3256 ecclesia
222 3217 275 3255 sua
292 3200 392 3254 merito
410 3202 552 3256 decidisse.
590 3202 676 3255 Porro
696 3202 749 3254 hoc
765 3208 906 3270 perjurium
924 3188 999 3256 idern
1019 3201 1153 3269 Euagrius
1171 3202 1204 3255 Η,
1218 3201 1249 3254 Ε.
1270 3203 1352 3261 luia

71 3306 101 3341 in
119 3304 159 3341 eo
178 3285 306 3357 positum
323 3286 407 3340 fuisse
425 3289 544 3340 testatur
562 3297 607 3354 lex
624 3287 678 3340 fide
696 3286 848 3340 Zachariae
866 3287 1009 3353 cujusdam
1028 3286 1206 3354 llutychianis
1226 3287 1353 3355 partibus

71 3371 214 3437 addicti),
232 3370 309 3439 quod
326 3371 466 3425 lohannes
484 3370 569 3426 etiarn
583 3370 768 3439 jurejurando
787 3370 982 3439 spopondisset
1000 3371 1074 3440 apud
1093 3370 1301 3440 imperatorem,
1324 3388 1352 3424 se

72 3472 226 3524 nunquam
239 3455 458 3510 Alexandrinam
475 3455 570 3509 sedem
588 3456 790 3509 affectaturum.
821 3454 926 3508 Verum
944 3457 1073 3509 subnexis
1090 3456 1183 3509 verbis
1196 3456 1353 3525 Simplicius

72 3541 198 3606 indicat,
218 3540 339 3594 Zenonis
356 3541 473 3610 scripta,
493 3540 593 3608 quibus
605 3540 761 3594 Johannem
780 3540 897 3608 perjurii
915 3540 1078 3608 accusabat,
1097 3540 1148 3593 sibi
1167 3544 1232 3594 ante
1246 3543 1306 3610 ejus
1324 3541 1353 3593 in

73 3624 183 3679 Urbem
202 3623 356 3678 adventum
374 3624 484 3679 reddita
501 3624 598 3691 sciisse,
616 3629 701 3693 atque
720 3625 790 3678 adeo
809 3627 960 3691 antequam
978 3626 1005 3677 in
1025 3626 1083 3692 ejus
1103 3626 1223 3693 gratiam
1235 3625 1353 3694 impera·

71 3710 128 3763 tori
148 3707 321 3778 scripsisset.

143 3798 169 3861 ⁵)
187 3792 355 3848 Praedictus
373 3794 521 3850 Zacharias
540 3795 614 3864 apud
632 3795 784 3864 Evagrium
804 3795 837 3848 H.
858 3796 887 3848 ll.
903 3797 952 3861 lll,
974 3802 1003 3848 12
1022 3796 1177 3850 Johannem
1196 3812 1250 3848 uon
1269 3797 1351 3850 modo

71 3878 197 3950 perjurii
215 3877 267 3931 sed
285 3881 315 3932 et
325 3878 491 3935 simoniacae
509 3880 581 3935 labis
594 3898 672 3935 reum
690 3880 768 3946 facit,
788 3883 885 3949 utpote
899 3897 981 3946 quem
994 3883 1023 3934 ct
1040 3882 1205 3935 sacramenti
1218 3881 1351 3950 religione

70 3966 246 4034 contempta
267 3966 298 4018 et
319 3969 381 4017 datu
397 3972 504 4033 pecunia
523 3964 714 4034 episcopatum
733 3967 912 4018 consecutmn
930 3984 990 4019 csse
1009 3966 1103 4018 tradit.
1141 3968 1178 4020 At
1200 3966 1353 4035 imperator

71 4050 270 4118 undequaque
289 4050 462 4117 quaeritans,
486 4049 561 4118 quod
579 4050 713 4103 Johaimis
732 4051 895 4103 electionem
914 4049 1123 4103 rescindendum
1143 4051 1285 4113 suaderet,
1303 4051 1351 4103 mi-

70 4137 151 4189 nime
168 4134 309 4189 tacuimet
331 4136 440 4188 tanturn
457 4136 544 4188 nefas.
580 4134 636 4188 Sed
658 4152 747 4203 neque
765 4135 911 4188 Liberatus
930 4134 1048 4189 breviar.
1068 4153 1089 4189 c.
1112 4141 1140 4188 17
1160 4135 1241 4203 hujus
1259 4137 1352 4187 uremi-

68 4222 125 4283 nit,
146 4220 200 4289 qui
218 4218 306 4273 aliam
322 4220 430 4288 profert
446 4219 597 4285 rationem,
616 4237 665 4273 cur
681 4220 842 4289 improbata
858 4219 1021 4288 imperatori
1039 4218 1123 4272 fuerit
1134 4218 1268 4272 lobannis
1280 4219 1352 4272 crdi-

67 4308 160 4361 natio.
199 4305 275 4358 Item
296 4304 422 4373 pluribus
443 4305 535 4359 verbis
554 4304 680 4373 exponit,
703 4322 754 4358 nec
772 4303 838 4356 sinit
855 4303 937 4371 hujus
955 4303 1008 4356 loci
1027 4303 1168 4373 angustia,
1195 4306 1224 4356 ut
1247 4304 1290 4356 vel
1309 4321 1352 4356 ex·

66 4391 172 4448 nemis
191 4389 293 4460 digitis
311 4388 474 4458 attingetur.
510 4389 552 4443 Ex
570 4407 603 4443 eo
620 4390 729 4454 taureis,
747 4388 822 4456 quod
840 4388 878 4441 ibi
898 4388 932 4441 de
950 4388 1084 4442 Johannis
1102 4407 1164 4442 cum
1182 4389 1237 4442 Jllc
1255 4405 1353 4442 excon-

65 4478 129 4533 sule
148 4474 283 4532 amicita
298 4476 407 4540 namet,
425 4474 639 4539 subodoramur,
663 4475 734 4528 hanc
752 4473 927 4543 potissimum
946 4474 1006 4542 ejus
1024 4473 1225 4542 improbandae
1244 4473 1352 4527 ordina-

64 4564 155 4618 tionis
175 4577 296 4617 causam
313 4559 407 4613 fuisse.
443 4559 530 4614 Porro
549 4560 679 4614 Gclasius
697 4576 773 4631 papa
791 4557 869 4627 epist.
893 4565 966 4612 1011.
987 4563 1002 4609 6
1021 4557 1055 4611 de
1073 4558 1200 4613 Jclmnnc
1223 4560 1352 4624 testatur,

65 4649 147 4719 quod
165 4653 246 4701 aad&
264 4651 351 4700 οωὶε
369 4648 526 4699 evidentibus
543 4666 589 4700 aec
607 4658 676 4700 certe
695 4653 808 4700 concinet
830 4665 875 4699 nec
897 4654 989 4712 postea
1005 4663 1150 4710 moecenas
1168 4651 1241 4698 euna
1264 4650 1288 4696 iu
1308 4652 1352 4711 ju-

64 4741 138 4790 dicio
155 4737 320 4802 conpetenti
334 4735 418 4799 potuit
436 4736 561 4784 censuri.
590 4730 650 4784 Hoc
667 4733 762 4784 autern
780 4729 969 4783 testimouium
987 4726 1131 4796 proferens
1149 4729 1224 4782 haud
1242 4729 1352 4797 ignora-

66 4820 132 4886 lat,
150 4821 185 4873 ut
205 4835 240 4872 ex
260 4813 397 4871 subnexis
413 4817 544 4884 apparet,
563 4816 639 4884 quod
655 4814 731 4868 idem
748 4815 889 4868 lohannes
908 4820 1058 4881 imperatori
1079 4820 1194 4867 recutitus
1213 4821 1350 4868 diceretur.

65 4904 169 4972 Neque
188 4903 282 4972 igitur
299 4901 337 4954 de
354 4900 409 4954 boc
425 4905 544 4968 perjurio
562 4900 717 4953 constabat.

101 5007 268 5044 aristosa!
282 5004 391 5043 10111111.
405 5003 518 5038 rosere.
537 4989 558 5043 Ι,
692 5048 695 5053 y
1111 4992 1149 5048 14
