3204 5506
722 336 975 385 sacramanta
998 335 1113 383 assis
1361 304 1370 371 Ι

771 524 954 628 Epistola
981 524 1060 609 133.

140 662 268 787 ³49⁶&AE
456 678 669 745 Hormisdae
692 695 803 763 papae
825 677 869 744 ad
891 678 1080 746 tustinum
1101 676 1382 762 imperatorem.

487 819 524 868 De
539 820 592 882 fide
608 821 788 884 promissorum
806 821 863 882 ejas
882 835 1005 884 nunquam
1023 834 1051 870 se
1070 817 1202 869 dubitasse
1220 820 1360 884 ripn'ficat

433 951 678 1034 Hormisdai¹)
701 950 862 1017 Justino
884 953 1077 1036 Augusto.

366 1070 543 1135 Benedicta
558 1070 701 1134 Trinitas
717 1070 803 1136 Deus
818 1073 938 1153 noster,
962 1071 1017 1155 qui
1038 1070 1129 1135 vobis
1152 1071 1379 1156 gubernacula
1402 1075 1545 1140 commisit

281 1172 437 1237 mundani
460 1172 601 1257 imperii,
630 1172 745 1256 quibus
768 1195 834 1237 non
856 1172 958 1237 solum
980 1195 1039 1256 pro
1057 1173 1131 1257 jure
1158 1173 1253 1258 regni
1278 1176 1446 1241 veneratio
1466 1176 1545 1241 debe

281 1276 384 1358 retur,
420 1296 528 1339 verum
556 1274 653 1338 etiam
681 1296 740 1358 pro
766 1274 898 1359 gloriosi
925 1273 1082 1340 modestia
1109 1278 1142 1339 et
1167 1275 1364 1360 integritate
1392 1280 1544 1362 propositi.

149 1393 193 1446 cp.
205 1382 262 1431 lae.
282 1377 365 1442 Vere
387 1377 474 1441 enim
495 1376 711 1461 glorificamus
727 1376 841 1460 Deum,
865 1376 956 1441 lectis
977 1379 1103 1441 vestrae
1124 1377 1257 1460 pietatis
1276 1378 1468 1466 apicibus²),
1488 1381 1546 1466 qui·

280 1481 339 1544 bus
361 1479 537 1564 promissae
559 1479 730 1563 legationis
750 1499 874 1543 moram
895 1501 954 1563 pro
975 1478 1163 1543 infirmitate
1187 1478 1274 1563 ejus,
1299 1480 1357 1564 qui
1373 1481 1546 1567 dirigendus

279 1582 396 1663 fuerat,
421 1581 602 1646 excusando
625 1580 694 1644 luce
717 1581 834 1645 clarius
857 1580 1048 1663 reddidistis,
1073 1602 1169 1664 quam
1192 1603 1305 1646 curam
1319 1582 1398 1649 fidei
1415 1587 1448 1648 et
1460 1584 1546 1668 pude

280 1684 324 1748 ris
346 1682 522 1765 haberetis,
546 1682 767 1765 ostendentes,
795 1704 901 1747 rerum
923 1704 1080 1746 summam
1101 1682 1293 1768 regentibus
1320 1705 1391 1748 non
1412 1685 1546 1750 sufficere

280 1784 321 1849 ad
343 1783 569 1849 dominationis
592 1784 716 1868 apicem
738 1807 834 1869 quam
856 1785 1005 1850 obtinent
1031 1786 1241 1868 potestatem,
1274 1785 1342 1850 nisi
1370 1792 1547 1852 ornaments

279 1909 403 1951 morum
424 1886 644 1972 pretiosiorem
665 1885 790 1950 faciant
811 1886 1037 1971 principatum.
1083 1885 1196 1952 Servet
1218 1886 1305 1951 circa
1328 1910 1398 1973 vos,
1422 1889 1546 1955 clemen·

279 1989 402 2053 tissime
429 1989 620 2073 imperator,
655 1988 742 2053 Deus
769 1993 880 2053 noster
907 1988 1063 2054 beneficia
1091 2010 1164 2071 sua,
1203 1991 1237 2052 et
1264 1989 1446 2074 respiciens
1471 1992 1545 2057 bona

279 2093 401 2173 vestra,
434 2090 593 2176 largiatur
621 2093 768 2155 aeterna!
813 2089 882 2155 Nec
903 2112 962 2155 nos
984 2093 1093 2154 tamen
1115 2089 1287 2155 momordit
1315 2090 1385 2156 ulla
1406 2094 1543 2178 suspicio,

280 2194 336 2256 aut
357 2191 512 2276 implendi
535 2192 720 2257 tarditatem
742 2193 890 2278 promissi
913 2192 985 2278 de³)
1007 2192 1186 2256 mutatione
1202 2192 1398 2258 credidimus
1414 2196 1544 2261 evenisse

281 2294 416 2359 consilii.
458 2293 558 2358 Nefas
581 2295 667 2358 euim
690 2298 761 2359 erat
781 2295 820 2360 de
842 2295 911 2378 ejus
934 2294 1038 2359 verbis
1061 2293 1204 2377 qualibet
1225 2294 1447 2361 sollicitudine
1467 2297 1543 2362 dubi-

279 2396 357 2478 tari,
383 2396 473 2480 cujus
496 2395 591 2460 fidem
613 2397 648 2460 in
670 2397 797 2483 magnis
820 2396 914 2461 rebus
937 2396 1047 2460 datum
1069 2398 1118 2460 est
1138 2399 1206 2459 tam
1228 2397 1397 2463 evidenter
1412 2402 1541 2485 agnosci.

280 2498 446 2562 Redeunte
468 2497 569 2582 igitur
590 2498 657 2562 filio
671 2504 783 2564 nostro
800 2497 968 2584 spectabili
983 2500 1053 2562 viro
1068 2496 1206 2583 Eulogio
1218 2498 1355 2564 tribuno
1371 2504 1406 2565 et
1419 2503 1541 2582 notario,

281 2599 402 2664 cultum
424 2599 551 2663 debitae
574 2599 777 2666 salutationis
800 2599 1007 2684 exsolvimus,
1036 2600 1104 2664 Deo
1126 2621 1247 2685 magno
1270 2602 1436 2668 continuis
1456 2603 1541 2688 preci-

204 2786 208 2794 ,
280 2702 339 2765 bus
361 2700 595 2786 supplicantes,
619 2706 656 2767 ut
678 2703 733 2786 qui
754 2706 860 2768 vestro
883 2702 987 2767 studio
1008 2724 1067 2787 per
1088 2701 1233 2767 infideles
1256 2702 1393 2769 vulnera
1416 2705 1541 2790 impacta

281 2804 419 2886 curavit,
444 2826 521 2867 aevo
543 2804 633 2868 vobis
655 2827 713 2889 per
733 2805 882 2890 longiora
895 2807 1041 2888 tempora
1056 2808 1246 2889 propagato,
1269 2807 1432 2872 unitatem
1447 2807 1541 2871 Eccle

281 2907 347 2971 siae
370 2905 527 2970 redditam
555 2928 593 2969 ex
616 2907 702 2970 omni
726 2927 850 2990 quoque
872 2906 974 2971 faeiat
1001 2909 1093 2992 parte
1115 2928 1270 2973 securam.
1317 2908 1406 2974 Data
1428 2903 1481 2974 IV
1493 2909 1541 2975 Ca·

280 3008 393 3073 lendas
414 3007 615 3091 Novembris,
640 3007 773 3072 Rustico
795 3008 864 3073 riro
886 3008 1062 3073 clarissimo
1086 3008 1225 3074 consule.

773 3229 956 3334 Epistola
983 3231 1063 3315 134.

146 3365 492 3489 ξξῇθοξῦίοηηίςᾱιιθ
515 3400 626 3466 papae
649 3382 692 3448 ad
716 3383 939 3450 Dorotheum
960 3383 1315 3451 Thessalonicensem
1338 3387 1541 3471 episcopum.

312 3520 433 3571 'Utinam
451 3538 516 3587 quae
534 3524 566 3572 de
583 3524 627 3572 illo
643 3523 713 3585 sama
732 3524 831 3573 nuntiat
847 3539 909 3574 aera
931 3539 980 3575 non
1003 3511 1070 3574 iint!
1109 3524 1143 3575 Ut
1165 3526 1191 3574 in
1213 3527 1502 3590 reconciliationem

610 3609 729 3667 aliorum,
748 3609 792 3674 qai
806 3610 915 3668 reversi,
933 3616 1055 3675 ecqawtur
1072 3613 1221 3675 exemplam.

432 3739 675 3826 Hormisda¹)
698 3740 898 3805 Dorothco
921 3742 1108 3826 episcopo
1130 3742 1500 3810 Thessalonicensi.

365 3860 611 3925 Considerautes
626 3864 702 3924 tuae
717 3860 931 3925 fraternitatis
944 3861 1112 3926 ecclesiam
1124 3865 1200 3926 ante
1216 3864 1454 3946 praetereuntis
1468 3861 1540 3928 mala

279 3961 455 4026 discordiae
479 3961 554 4026 olim
583 3984 653 4026 cum
681 3962 755 4026 sede
784 3962 959 4048 apostolica
986 3963 1159 4048 praecipua
1185 3963 1288 4028 fuisse
1318 3965 1453 4030 caritate
1479 3987 1539 4029 eon·

215 4139 220 4147 Ι
275 4064 438 4148 junctam,
467 4068 499 4127 te
521 4086 625 4146 nuper
646 4064 735 4148 pacis
758 4065 923 4150 desuper²)
952 4066 1095 4130 redditae
1123 4086 1192 4129 esse
1216 4067 1427 4132 credebamus
1447 4070 1540 4132 aucto

280 4308 328 4357 133
365 4305 384 4370 ¹)
403 4301 544 4372 Superiori
566 4301 669 4356 Justini
691 4302 827 4372 epistolae
851 4309 911 4369 126,
938 4320 1023 4373 quam
1045 4290 1178 4372 Eulogius
1203 4302 1361 4373 detulerat,
1389 4303 1541 4367 maim.

279 4387 424 4455 eidemque
442 4386 560 4457 Eulogio
579 4385 849 4457 Constantinopolim
867 4388 995 4443 redeunti
1013 4387 1143 4443 creditur.

346 4475 367 4539 ε)
386 4473 429 4525 raa
447 4471 490 4527 (1¹.
527 4464 577 4526 Ed.
595 4478 710 4540 epistolio
782 4479 927 4529 reputasses.

346 4555 490 4623 ⁸)1tnG1.
525 4557 575 4611 Ed.
596 4578 642 4611 nec
659 4564 795 4613 mutatione
869 4564 1002 4614 credimus.

279 4645 328 4694 134
364 4643 383 4708 ¹)
401 4638 491 4710 lpsins
508 4641 644 4697 Dorothei
666 4642 800 4711 epistolae
821 4651 869 4700 128
891 4644 1048 4714 respondet.
1088 4644 1126 4699 Ut
1144 4644 1246 4700 eodem
1270 4646 1318 4702 die
1343 4663 1401 4717 quo
1422 4645 1540 4718 proxima

277 4724 318 4778 ita
336 4727 365 4779 et
382 4724 473 4780 eidem
491 4727 608 4798 Eulogio
626 4727 737 4782 videtur
753 4728 867 4786 tradita.

345 4812 366 4877 ²)
384 4810 434 4864 Ed.
456 4811 543 4866 omitt.
564 4819 687 4882 desuper,
713 4814 741 4868 et
758 4830 822 4868 mox
843 4835 892 4886 pro
912 4819 1088 4882 fraternitatis
1110 4827 1169 4869 tane
1240 4823 1371 4873 tarditate
1442 4831 1487 4873 ton
1502 4836 1540 4870 rr

277 4899 410 4954 sccrabile.
