3204 5506
677 371 847 420 nersronn
871 364 901 420 5.
1356 357 1418 422 633

146 523 292 588 civitatis
315 525 587 609 archiepiscopos,
619 549 675 589 nce
705 525 812 588 deberi
841 527 873 588 in
903 526 1063 610 diptychis
1086 548 1193 597 corum
1217 527 1346 590 nomina
1369 536 1542 603 1·e-(a.-lav.)

148 626 285 690 censeri.
330 627 398 691 Nos
421 632 533 691 contra
555 627 770 711 poposcimus,
800 631 855 690 aut
882 626 1012 711 produci
1023 629 1060 714 18)
1089 630 1238 692 adversus
1261 651 1329 711 eos,
1363 629 1418 713 qui

147 728 323 792 adstruant
344 728 487 813 talesque
502 730 733 812 demonstrent,
758 732 814 793 aut
831 729 938 793 sinon
955 719 1181 813 reperirentur,
1206 731 1259 814 qui
1275 753 1328 795 eos
1344 753 1417 795 con-

146 829 279 894 vincere
303 831 497 914 potuissent,
527 831 619 895 nobis
646 853 704 915 pro
727 852 835 895 eorum
857 853 994 914 persona
1016 832 1289 899 satisfacientibus
1312 834 1417 918 acqui-

146 935 255 997 escat:
279 931 571 997 demonstrantibus
593 936 626 996 et
648 933 910 1017 approbantibus,
934 933 1017 1016 quod
1032 933 1117 997 hanc
1132 935 1226 998 fidem
1240 936 1415 1018 tenuerint,

145 1032 331 1116 docuerint,
357 1035 543 1119 cunctisque
565 1056 643 1119 quos
666 1035 921 1099 informaverunt
942 1035 1134 1100 tradiderint
1149 1036 1288 1122 praefati
1303 1059 1417 1121 paren-

145 1138 200 1200 tes
224 1136 327 1200 nostri
350 1139 382 1199 et
404 1136 634 1220 archiepiscopi
656 1136 857 1220 Timotheus,
888 1137 1057 1201 Dioscorus
1080 1140 1113 1200 et
1134 1136 1258 1205 Petrus,
1301 1138 1418 1203 Vestra

144 1240 261 1302 autem
283 1238 439 1303 sanctitas
461 1238 568 1302 renuit
576 1238 614 1324 19)
637 1238 757 1320 dicens,
780 1260 847 1302 non
870 1239 930 1303 sibi
952 1238 1050 1303 fuisse
1065 1244 1271 1324 praeceptum
1287 1241 1328 1305 ab
1343 1264 1417 1325 apo-

141 1339 286 1404 stolicae
308 1340 391 1403 sedis
413 1339 559 1405 antistite
582 1340 620 1404 de
643 1340 691 1404 his
714 1340 821 1404 facere
843 1341 1072 1425 quaestionem.

238 1441 269 1505 8.
307 1439 411 1525 Hujus
433 1442 480 1505 rei
502 1442 608 1527 gratia
630 1443 828 1506 obtestamur
856 1465 911 1506 vos
935 1465 1041 1506 coram
1064 1464 1182 1528 magno
1203 1442 1271 1508 Deo
1295 1447 1327 1508 et
1349 1444 1417 1510 Sal-

141 1545 264 1607 vatore
290 1547 400 1608 nostro
421 1543 500 1608 Jesu
522 1543 665 1625 Christo,
699 1545 753 1629 qui
782 1545 820 1608 de
847 1549 959 1608 sancta
987 1549 1019 1608 et
1047 1543 1107 1608 Dei
1135 1546 1292 1630 genitrice
1314 1546 1418 1612 Maria

140 1644 281 1729 virgine
302 1645 488 1710 incarnatus
516 1650 549 1710 et
576 1650 757 1728 natusest,
792 1647 907 1731 quique
936 1647 1124 1711 concordem
1151 1647 1417 1733 glorificationem

139 1746 400 1832 servitutemque
422 1747 562 1813 fidelium
584 1748 700 1833 probat
721 1748 859 1812 libenter
881 1751 914 1812 et
936 1748 1079 1832 suscipit,
1105 1752 1137 1813 et
1157 1751 1278 1815 sanctis
1293 1751 1417 1836 angelis

140 1848 236 1932 ejus,
266 1849 345 1936 et²⁰)
372 1850 456 1914 hanc
485 1850 628 1914 eamdem
657 1849 893 1914 immaculatam
921 1871 1002 1933 quae
1030 1851 1068 1914 de
1097 1851 1151 1915 illo
1174 1856 1223 1916 est
1244 1852 1353 1917 fidem:
1383 1857 1418 1917 ut

141 1951 189 2014 ad
215 1949 326 2015 urbem
340 1949 475 2014 Romam
497 1952 627 2015 favente
639 1952 778 2015 Domino
793 1952 959 2016 venientes
981 1952 1065 2016 hanc
1082 1952 1262 2021 chartulam
1277 1956 1417 2019 offeratis

142 2051 449 2137 apostolicaesedis
473 2053 612 2117 antistiti
634 2053 817 2136 Anastasio,
842 2075 923 2136 quae
946 2075 984 2117 ex
1006 2076 1144 2137 persona
1165 2059 1296 2119 sanctae
1319 2056 1416 2121 eccle·

141 2154 219 2218 siae
240 2152 478 2219 Alexandrinae
500 2154 588 2219 vobis
610 2155 718 2219 oblata
740 2160 803 2220 est:
826 2158 863 2217 ut
885 2155 953 2237 ejus
975 2156 1131 2220 sanctitas
1154 2157 1312 2242 relegens,
1336 2181 1416 2242 quae

143 2254 215 2319 sibi
236 2255 357 2320 fuerint
378 2255 512 2340 placita,
543 2278 598 2320 seu
619 2256 736 2321 litteris
765 2257 804 2319 ad
827 2257 1064 2321 sanctissimum
1086 2263 1233 2322 nostrum
1261 2258 1416 2344 archiepi-

143 2378 283 2440 scopum
305 2357 403 2445 datis,
433 2379 488 2422 seu
515 2381 572 2442 per
600 2360 736 2443 aliquem
764 2358 999 2422 internuntium
1022 2360 1230 2424 manifestare
1253 2360 1414 2444 dignetur.

144 2458 238 2523 Nam
252 2480 347 2542 quum
368 2481 387 2522 a
402 2461 575 2524 sanctitate
598 2461 665 2544 ejus
680 2461 752 2523 fidei
769 2463 875 2524 rectae
891 2460 988 2524 fuerit
1003 2464 1129 2525 servata
1145 2462 1312 2545 confessio,
1336 2485 1417 2547 quae

146 2564 202 2626 est
223 2583 242 2624 a
264 2561 366 2625 beatis
387 2562 534 2646 patribus
556 2562 742 2644 constituta,
767 2584 824 2625 nos
847 2565 977 2646 paratos
1000 2563 1151 2627 exsistere
1168 2565 1354 2648 profitemur
1377 2566 1417 2630 ad

146 2663 264 2728 urbem
284 2662 420 2727 Romam
441 2664 580 2750 legatos,
612 2664 665 2747 qui
688 2685 746 2747 pro
769 2665 893 2728 unitate
922 2667 1106 2728 sanctarum
1128 2665 1189 2730 Dei
1212 2667 1417 2731 ecclesiarum

147 2786 249 2850 agere
271 2764 418 2847 debeant,
442 2766 613 2829 destinare.

236 2866 266 2930 9.
305 2866 498 2931 Confidimus
521 2870 626 2930 autem
649 2867 683 2931 in
699 2866 836 2931 Domino
856 2872 966 2932 nostro
980 2868 1058 2932 Jesu
1074 2867 1211 2952 christo,
1237 2872 1319 2954 quod
1342 2871 1416 2936 huic

146 2968 225 3032 fidei
248 2968 315 3052 ejus
338 2969 501 3033 beatitudo
524 2970 738 3051 consentiens,
759 2971 852 3053 juxta
875 2970 940 3052 illa,
964 2991 1045 3053 quae
1067 2974 1101 3033 in
1117 2973 1323 3054 responsione
1340 2976 1417 3036 sunt

146 3070 267 3156 posita,
291 3069 378 3134 velut
399 3071 544 3155 proprios
567 3070 665 3134 etiam
686 3075 812 3134 nostros
827 3071 960 3155 populos
976 3071 1159 3154 arbitretur,
1185 3076 1216 3136 et
1235 3096 1416 3156 procorum

146 3172 308 3257 regimine
342 3172 588 3236 sollicitudinem
621 3175 729 3256 gerat,
768 3174 899 3256 cupiens
933 3172 1106 3236 secundum
1135 3173 1237 3236 llemu
1269 3177 1416 3240 omnibus

144 3274 239 3339 utilis
262 3273 443 3358 approbari.
488 3273 708 3358 Exemplar²¹)
733 3279 839 3337 autern
860 3273 955 3357 hujus
979 3274 1142 3338 chartulae
1163 3297 1262 3360 penes
1284 3299 1342 3340 nos
1365 3278 1415 3341 de·

144 3376 316 3458 tinuimus,
340 3397 469 3440 necesse
491 3375 657 3457 habentos,
688 3377 713 3438 si
737 3398 799 3459 qua
821 3397 909 3438 mora
931 3377 1124 3459 provenerit,
1154 3377 1321 3465 quominus
1344 3401 1415 3442 san-

143 3481 275 3544 ctarum
304 3478 509 3541 ecclesiarum
538 3477 644 3540 unitas
673 3478 745 3559 fiat,
779 3477 813 3541 in
842 3476 898 3540 illo
926 3477 1063 3561 glorioso
1091 3478 1130 3542 de
1158 3479 1253 3543 coelis
1276 3480 1415 3545 adventu

139 3578 280 3646 Domini
304 3579 406 3643 nostri
420 3579 497 3643 Jesu
513 3579 647 3661 Christi,
672 3601 768 3662 quum
792 3579 914 3642 venerit
932 3579 1076 3662 judicare
1099 3581 1185 3644 vivos
1208 3584 1240 3644 et
1262 3585 1413 3665 mortuos,

137 3685 224 3747 ante
247 3678 391 3743 tribunal
413 3680 491 3763 ejus,
521 3681 576 3744 ubi
599 3681 688 3744 nulla
710 3685 759 3744 est
781 3681 924 3764 acceptio
946 3703 1164 3765 personarum,
1192 3704 1262 3745 cum
1284 3683 1345 3747 hoc
1367 3705 1414 3746 as·

133 3786 261 3851 sistere
286 3781 327 3845 ad
349 3782 555 3847 refellendum
579 3805 647 3864 eos,
677 3783 730 3867 qui
759 3787 943 3846 sanctarum
971 3784 1175 3848 ecclesiarum
1203 3784 1415 3868 neglexerimt

131 3883 365 3970 unitatemc).

212 4127 247 4192 ¹⁸)
267 4123 313 4176 Ita
331 4121 419 4177 G¹G².
450 4121 524 4175 Editi
541 4128 649 4190 perduci
707 4128 868 4190 reperientur
886 4130 1057 4193 (requiescunt.
1088 4124 1159 4176 Ante
1173 4129 1326 4192 acquiescat,
1344 4123 1415 4177 sicut

121 4217 156 4270 in
179 4205 434 4273 antecedentibus,
453 4213 597 4261 reverentia
614 4219 698 4260 vestra
716 4208 885 4261 subauditur.

210 4296 246 4363 ¹⁹)
267 4293 314 4346 Ita
331 4291 376 4345 (ἴτ’.
410 4291 486 4345 Editi
505 4298 590 4345 tenuit.

207 4383 245 4449 ²⁰)
266 4377 314 4431 Ita
331 4376 375 4430 G¹.
411 4376 485 4430 Edit-i
502 4398 550 4445 per
568 4367 643 4432 darre..

206 4467 244 4533 ²¹)
265 4463 312 4516 Ita
331 4460 367 4516 G¹
380 4462 422 4514 G'.
459 4461 533 4515 Editi
552 4466 700 4528 Exeruplum
772 4470 843 4530 apud
860 4484 912 4518 rios.

205 4553 242 4619 ²²)
266 4547 298 4600 ln
323 4544 358 4599 G¹
373 4545 408 4599 G²
426 4545 549 4599 additur:
574 4551 697 4613 Explicit.
728 4552 862 4614 dionysius
881 4553 997 4616 Exiguus
1016 4553 1108 4601 Itoniae
1126 4554 1157 4601 de
1177 4554 1276 4601 Graeco
1294 4556 1414 4602 conumr'.

117 4637 218 4710 Quod
238 4647 406 4704 perperam.
426 4632 457 4683 ut
474 4630 640 4693 monuimus,
663 4630 757 4683 Binius
779 4632 807 4685 et
830 4632 876 4699 qui
896 4650 957 4685 eum
976 4632 1062 4685 secuti
1081 4633 1250 4699 adsequens
1269 4633 1416 4687 documen-

116 4736 194 4784 tum
214 4716 421 4775 traduxerunt.
