3204 5506
547 373 719 423 aersrona
742 367 770 425 1.
1086 377 1088 381 ’
1230 367 1293 431 645

115 526 334 592 declamatum
356 531 406 590 est
433 527 475 590 ab
501 528 649 592 onmibus
677 530 834 615 episcopis
862 537 895 597 et
922 535 1133 618 presbyteris:
1166 541 1295 604 Exaudi
1305 564 1329 600 a.
1342 552 1399 600 tea.

98 639 157 707 iste,
181 633 282 710 Spmm
315 636 463 694 ·oaita!
491 629 613 695 dictum
635 635 684 695 est
706 632 820 697 decies.
866 640 959 717 Crtjra
979 643 1094 715 sedem,
1124 649 1154 702 et
1177 650 1292 706 annos!

99 752 148 796 um
168 730 279 796 octies.
352 735 487 808 esaeias
509 741 671 810 ropamas!
693 733 814 799 dietum
837 740 886 801 est
908 736 1022 801 decies.

636 885 679 951 Π.

109 989 140 1052 3.
173 985 383 1071 Symmachus
399 987 566 1071 episcopus
581 987 734 1053 eeclesiae
756 990 932 1056 catholicae
948 992 1035 1056 urbis
1050 991 1172 1059 Romae
1195 997 1292 1062 dixit:

111 1087 312 1174 „Concilium
335 1087 515 1153 dilectionis
538 1091 663 1154 vestrae
685 1092 835 1177 neglecta
850 1092 964 1158 hiemis
980 1095 1152 1178 asperitate
1175 1097 1291 1163 sollici-

99 1223 101 1245 ι
124 1194 233 1256 nostra
254 1213 313 1276 pro
336 1189 553 1255 ecclesiastica
575 1191 786 1257 indemnitate
809 1195 991 1279 specialiter
1010 1199 1231 1283 congregavit,
1256 1204 1293 1264 ut

99 1292 237 1378 copulem
259 1292 415 1357 ambitum
438 1295 470 1357 et
493 1293 688 1359 confusionis
711 1294 870 1360 incertum
894 1295 945 1361 vel
966 1298 1152 1382 popularem
1175 1301 1290 1365 tumul-

99 1445 110 1478 ,
132 1417 225 1481 quem
247 1389 304 1478 per
325 1394 564 1478 subreptionem
587 1395 753 1482 diaboli20)
782 1399 988 1482 usurpatione
1012 1399 1190 1483 aliquorum
1211 1403 1289 1467 tem-

99 1528 101 1539 =
116 1496 325 1562 ordinationis
340 1519 430 1562 meae
446 1500 572 1562 constat
589 1501 744 1582 exortum,
765 1500 999 1564 communicato
1014 1501 1134 1584 pariter
1148 1505 1290 1568 tractatu

99 1600 228 1664 uturum
255 1599 412 1683 possimus
438 1599 568 1664 robuste
603 1621 641 1663 ac
667 1599 821 1665 vivaciter
856 1605 1031 1684 amputare.
1084 1603 1191 1688 Atque
1220 1604 1290 1670 ideo

102 1723 190 1766 amus
212 1701 447 1786 inposterum,
481 1723 522 1766 ne
549 1701 713 1766 subversio
741 1702 931 1787 disciplinae
959 1708 1015 1767 aut
1043 1704 1177 1769 audacia
1198 1728 1289 1790 prae-

99 1803 262 1889 anaema)
285 1804 406 1888 gestiat
426 1806 553 1868 tentare
575 1801 708 1887 similia,
738 1807 771 1868 et
792 1805 862 1888 pari
884 1804 1079 1872 adunatione
1101 1809 1288 1890 tractemus,

99 1905 178 1969 assis
200 1904 323 1970 scilieet
345 1905 514 1970 sententiis
537 1906 735 1989 sancientes,
766 1904 843 1989 quid
872 1905 957 1970 circa
978 1906 1116 1971 Romani
1146 1909 1288 1994 episcopi

99 2007 255 2072 ustionem
277 2007 393 2071 debeat
415 2006 604 2072 custodiri“.

107 2109 256 2173 Universi
289 2109 430 2193 episcopi
462 2109 513 2172 vel
544 2108 723 2193 presbyteri
756 2108 921 2175 dmerunt:
956 2117 994 2176 Ut
1019 2119 1090 2189 fiat,
1126 2122 1288 2191 rapamus!

100 2233 139 2273 un
168 2215 218 2274 est
246 2211 360 2275 decies.
408 2216 446 2276 Ut
470 2218 621 2275 scandala
650 2223 859 2292 amputentur,
888 2221 1049 2291 ropamtts!
1088 2213 1208 2277 dictum
1239 2219 1288 2278 est

100 2312 187 2398 esi).
235 2318 273 2378 Ut
295 2317 422 2377 ambitus
443 2321 657 2394 extinpaatur,
691 2321 851 2391 rapamus!
884 2314 1004 2378 dictum
1032 2318 1082 2379 est
1108 2315 1285 2380 duodecies.

100 2420 149 2479 udi
171 2419 302 2492 Christe,
337 2418 515 2496 Symmacho
542 2421 623 2479 vita!
659 2413 781 2478 dictum
813 2417 862 2479 est
890 2416 1002 2481 sexies.
1054 2422 1149 2497 Cujus
1175 2424 1283 2496 sedem,

100 2525 185 2581 unos!
218 2516 338 2581 dictum
366 2519 414 2580 est
441 2516 620 2601 quinquies.
673 2521 711 2581 Ut
738 2521 776 2581 de
799 2526 957 2597 praesenti
980 2525 1054 2596 fiat!
1089 2518 1210 2583 dictum
1238 2524 1287 2584 est

100 2639 126 2682 es

107 2718 313 2805 Symmachus
336 2720 502 2804 episcopus
524 2720 620 2785 dixit:
644 2720 825 2804 „Quoniam
847 2722 1034 2786 fraternitas
1050 2727 1157 2788 vestra
1177 2746 1286 2790 euram

101 2821 208 2886 isionis
231 2825 360 2886 nostrae
390 2822 454 2886 suis
477 2820 752 2888 exhortationibus
780 2823 943 2907 incitavit,
979 2828 1010 2889 et
1037 2825 1171 2909 parilem
1200 2827 1285 2891 circa

100 2925 181 2989 asiae
204 2923 471 3009 tranquillitatem
486 2923 547 2988 Dei
563 2925 665 2988 nostri
683 2925 952 3010 contemplatione
970 2927 1112 2991 animum
1128 2933 1283 3013 praestat,

100 3033 107 3088 t
125 3026 263 3110 praefati
285 3035 404 3108 sumus,
428 3025 656 3090 deliberatione
678 3028 713 3092 in
729 3028 892 3112 praesenti
906 3027 1029 3112 habita,
1053 3028 1129 3113 quid
1144 3030 1282 3114 placcat,

100 3129 228 3193 mnibus
251 3128 363 3192 vestris
385 3128 557 3192 informate
579 3129 759 3212 sententiis,
783 3150 865 3212 quae
886 3129 921 3192 in
937 3130 998 3193 hoc
1017 3130 1193 3195 venerabili
1210 3153 1283 3196 con-

118 3253 172 3315 per
194 3229 411 3295 ecelesiastica
432 3231 608 3295 recitentur
630 3231 773 3295 officia“.

108 3332 135 3396 4.
178 3331 343 3417 Quumque
376 3333 589 3397 surrexissent
620 3336 653 3397 et
684 3332 779 3416 paulo
808 3336 882 3416 post
907 3334 1024 3397 iterum
1053 3335 1281 3420 consedissent,

100 3432 219 3499 silianus
241 3434 385 3499 notarius
407 3435 521 3518 synodi
542 3435 670 3499 decreta
691 3434 895 3520 vulgavit.²⁹)

109 3690 263 3775 „Propter
283 3689 467 3775 frequentes
490 3588 905 3778 ambitussselborumdamv)
930 3695 962 3756 et
975 3691 1139 3757 Ecclesiae
1156 3695 1281 3760 nudita-

101 3829 321 3839 *—

101 3911 121 3978 l)
135 3910 231 3967 Verba
253 3914 348 3966 diaboti
364 3941 398 3950 -
415 3917 583 3967 ordinationis
604 3931 674 3966 neae
691 3913 720 3966 in
738 3911 818 3967 editis
837 3912 866 3966 et
882 3929 947 3966 mss.
966 3912 1001 3966 E²
1012 3913 1039 3967 H
1051 3913 1073 3967 0
1086 3913 1114 3966 h¹
1128 3914 1158 3967 h²
1180 3914 1282 3969 omissa

101 3993 180 4058 temus,
195 3996 361 4053 anctoritate
378 3996 412 4050 Β1
425 3996 473 4050 Κ11
486 4014 527 4052 cc.

101 4083 172 4151 τ)Η“
189 4089 402 4152 praesumendum
417 4092 504 4152 perta,
522 4082 556 4135 Ε*
571 4093 645 4150 peste
662 4087 836 4151 adtemptare:
865 4098 984 4152 moxque
1001 4082 1035 4136 E²
1046 4081 1075 4136 h¹
1089 4083 1120 4138 h²
1137 4090 1281 4152 donatione,

101 4169 235 4233 tineaene,
253 4169 301 4222 Κ12
318 4173 517 4229 adnuntiatione,
537 4166 622 4222 ceteri
640 4173 803 4222 adunatione.

102 4255 119 4322 ⁸)
135 4253 171 4308 H*
188 4256 274 4309 VIII.
308 4252 373 4307 Mox
392 4252 504 4320 quidam
523 4271 586 4306 mss.
607 4257 636 4306 X
638 4256 669 4312 V,
688 4254 718 4306 et
734 4253 763 4306 h¹
777 4253 807 4307 h²
825 4259 857 4307 de
874 4259 1031 4322 praesentia.

101 4339 119 4406 ⁹)
133 4337 182 4393 Ηη
195 4341 221 4392 cl
234 4341 260 4392 e⁹
273 4339 310 4392 0¹⁰
326 4337 371 4391 hic
388 4336 525 4392 inserunt:
544 4341 675 4392 Sententia
692 4344 791 4406 synodi.
825 4341 859 4392 Ut
875 4344 899 4391 si
916 4343 971 4407 quis
983 4343 1059 4406 Papa
1076 4345 1214 4408 superstite
1230 4361 1280 4408 pra

101 4444 128 4479 no
144 4429 296 4494 pontificatu
313 4429 400 4492 cuique
419 4426 529 4493 quolibet
540 4429 612 4477 mado
622 4427 737 4490 savorem
748 4434 885 4490 praestare
898 4428 1059 4484 conuincitur,
1078 4429 1128 4478 laci
1138 4429 1178 4477 eui
1190 4429 1280 4479 ordine

101 4511 262 4576 inmutare)
284 4513 406 4576 privetur.
447 4507 524 4562 Idem
546 4506 667 4561 miniatis
689 4506 788 4561 litteris
805 4507 851 4561 Κ11
864 4512 890 4561 Γ
905 4507 957 4561 hoc
974 4508 1048 4573 loco,
1070 4507 1104 4560 Εε
1118 4507 1180 4576 jam
1196 4525 1281 4578 supra

101 4601 190 4650 dietim
210 4597 236 4646 Χ
252 4591 419 4648 indiderunt.
457 4593 532 4647 Nihil
550 4609 616 4647 vero
634 4592 709 4648 aliud
727 4593 803 4657 sunt,
825 4591 878 4646 nisi
901 4591 1019 4660 subjecti
1043 4592 1147 4648 decreti
1164 4611 1279 4662 summa,

102 4698 119 4735 n
135 4680 230 4735 fronte
249 4695 311 4732 cum
329 4678 427 4733 ceteris
445 4678 598 4748 praemissa
616 4695 649 4732 ac
667 4677 756 4732 denuo
774 4677 820 4731 hic
837 4676 966 4747 repetita.

102 4770 112 4836 )
129 4766 177 4820 Ita
196 4768 222 4818 0⁸
235 4767 260 4818 (2⁹
274 4767 318 4817 0¹⁰.
354 4764 382 4816 h¹
396 4764 426 4817 h²
443 4777 519 4833 atque
537 4770 667 4825 ecelesiae,
686 4763 718 4816 B¹
732 4762 766 4816 E²
779 4783 881 4833 quomam
900 4773 924 4816 et
943 4769 1072 4826 eeclesiae,
1092 4763 1127 4817 ttl.
1140 4757 1280 4833 measquo·

101 4858 220 4908 ateriae.
254 4848 319 4903 Mox
337 4853 363 4904 c’
375 4852 413 4904 0¹⁰
430 4856 533 4903 molesta
551 4860 576 4902 et
593 4854 678 4918 iniqua
700 4853 910 4916 incompetenter,
937 4851 961 4902 a'
980 4854 1085 4904 retatesta
1106 4860 1132 4902 et
1152 4853 1280 4918 incompe-
