3204 5506
542 117 737 168 ar1sr0tin
760 108 906 167 61-63,
1299 103 1381 199 855,

80 275 166 340 tatis
189 275 365 340 revocastis
386 277 524 358 statum,
548 273 636 337 etin
658 293 757 337 unum
773 271 966 339 concordare
987 273 1038 340 vel
1056 272 1230 361 subjugare
1244 275 1361 340 vestris
1373 289 1465 341 aeta

81 376 361 463 praedicabilibus
388 381 421 442 et
448 375 618 442 adorandis
646 375 768 440 meritis
796 375 965 441 annuistis.
1020 375 1160 463 Ideoque
1188 375 1249 442 etsi
1280 377 1361 442 meis

84 479 224 544 obrutus
246 478 470 565 iniquitatibus
493 482 525 543 et
547 479 588 543 ab
611 477 656 542 eis
678 477 817 562 undique
839 499 1024 563 oppressus,
1050 499 1088 542 ex
1109 478 1222 563 ipsis³)
1238 499 1360 544 recrea-

83 585 140 646 tus
163 582 318 666 infernis,
347 583 531 646 recurrente
554 581 594 645 ad
621 579 760 666 gloriosa
782 581 920 667 vestigia
947 583 1054 645 vestra
1082 580 1264 645 confamula
1290 603 1361 646 meo

84 685 157 749 viro
180 683 331 770 religioso
352 683 515 767 Pullione,
546 682 698 768 usurpavi
725 704 777 746 me
803 686 871 747 tam
897 704 955 767 per
977 704 1049 747 eum
1071 704 1168 768 quam
1189 685 1287 748 etiam
1308 683 1359 749 his

85 786 232 872 parvulis
255 789 288 852 et
309 786 433 871 exiguis
441 787 478 872 ⁴),
502 786 617 850 vestris
639 785 861 870 praedicandis
884 787 917 849 et
932 784 1101 849 adorandis
1117 789 1359 871 repraesentare

86 889 250 974 vestigiis,
294 888 437 954 divinum
470 889 617 953 omnibus
650 886 770 951 viribus
808 908 977 951 exorans
1004 888 1162 972 favorem,
1203 891 1235 953 et
1273 888 1360 953 clara

85 1012 165 1056 voce
189 1013 261 1055 cum
283 991 429 1056 omuibus
452 991 583 1055 omnino
606 993 757 1055 cantans:
782 996 885 1055 Gloria
900 996 932 1054 r'n
946 997 1073 1055 excelsis
1087 995 1160 1073 Deo,
1183 1004 1212 1056 et
1225 998 1257 1057 in
1273 1003 1359 1056 terro
1376 999 1441 1055 Luc.

82 1115 153 1174 pax
174 1098 344 1159 bominibus
365 1098 462 1158 bonae
484 1099 661 1159 voluntatis:
685 1093 740 1176 qui
761 1114 820 1177 pro
835 1114 892 1157 sua
907 1091 1222 1177 incomprehensibili
1236 1095 1358 1178 pietate
1370 1075 1395 1136 ‘²‘
1403 1075 1442 1124 14.

85 1195 204 1261 vestris
225 1195 369 1261 mirificis
391 1195 538 1281 precibus
561 1195 669 1258 omnia
697 1195 892 1259 illuminavit
914 1196 947 1258 et
975 1195 1135 1280 liberavit,
1165 1199 1197 1260 et
1216 1195 1358 1260 lucidum

86 1301 120 1362 et
141 1297 242 1363 totius
263 1298 450 1363 festivitatis
473 1297 629 1382 repletum
652 1296 736 1360 diem
765 1297 800 1361 in
827 1300 895 1361 toto
918 1297 994 1362 orbe
1016 1296 1130 1361 vestris
1152 1297 1221 1362 Deo
1249 1297 1357 1383 dignis

81 1400 236 1486 precibus
257 1400 435 1485 praestitit,
460 1403 493 1464 ct
515 1400 555 1463 ab
577 1398 665 1463 omni
686 1398 858 1484 iniquitate
879 1399 1012 1484 eripuit,
1037 1402 1069 1463 et
1091 1420 1219 1464 omnem
1240 1400 1358 1464 nodum

82 1502 306 1588 colligationis
328 1501 465 1567 absolvit
471 1553 479 1585 ,
505 1506 537 1566 et
559 1522 686 1566 omnem
707 1500 855 1565 semitam
877 1502 1012 1585 apennt.
1051 1498 1146 1566 Hanc
1160 1502 1269 1587 itaque
1285 1523 1357 1586 gra·

78 1604 256 1670 iulationis
277 1605 433 1689 repletam
454 1605 508 1688 pio
523 1606 630 1668 vestro
651 1624 764 1687 pacem
772 1605 797 1690 ὁ)
814 1602 950 1667 offerens
966 1603 1169 1687 apostolatui,
1194 1602 1356 1689 deprecor,

76 1707 133 1773 uti
164 1728 224 1791 pro
250 1728 340 1770 meae
367 1706 544 1771 flebilitatis
572 1705 748 1790 exiguitate
779 1705 891 1769 vestris
925 1704 987 1788 piis
1020 1705 1168 1789 precibus
1202 1727 1357 1771 memores

75 1831 154 1874 esse
172 1808 362 1894 dignemini,
386 1808 504 1873 domini
529 1807 633 1871 sancti
656 1806 742 1871 beati
759 1807 926 1891 apostolici
941 1809 1065 1891 patres!
1110 1809 1254 1893 Accepta
1276 1806 1357 1873 XIII

72 1910 248 1980 Calendas
269 1910 387 1995 Julius,
412 1910 539 1976 domino
560 1908 737 1975 Eutharico
759 1909 828 1974 viro
852 1907 1028 1974 clarissimo
1051 1909 1191 1974 consule.

593 2095 773 2200 Epistola
799 2096 847 2180 63

701 2248 749 2286 seu

213 2348 417 2415 Exemplum
438 2345 614 2403 relationis
636 2345 794 2400 Andreae
816 2341 967 2412 episcopi
987 2341 1226 2400 Praevalitani.
1369 2311 1507 2450 (ξρΞέἶέ

13 2498 45 2547 2,
108 2480 232 2530 Fmtatra
255 2479 376 2543 quosdam
398 2476 477 2541 Epiri
497 2478 555 2526 novi
577 2477 726 2540 episcopor,
754 2474 861 2525 maxime
883 2475 950 2524 illiue
971 2475 1201 2539 archiepiscopum,
1231 2482 1322 2525 contra
1378 2447 1497 2583 lsscffl,

107 2566 240 2615 unitatem
256 2564 399 2618 simulante:
418 2561 577 2626 Seompinum
595 2567 621 2611 et
634 2561 847 2626 Ltpnldoaeneem
865 2561 1000 2623 episcopos
1017 2574 1063 2608 nec
1080 2575 1131 2609 non
1144 2559 1321 2614 Constantino
1478 2558 1484 2569 '

242 2648 371 2712 potituros
389 2649 425 2697 ad
438 2662 528 2711 pacem
545 2647 669 2704 reditas&
687 2646 810 2709 epistolas
828 2646 925 2694 illorum
942 2658 970 2693 ee
987 2643 1028 2693 lic
1045 2645 1196 2707 adjunpere.

238 2778 404 2844 Domino
426 2800 577 2863 semper
597 2798 679 2842 meo
702 2777 937 2841 beatissimo
959 2779 997 2840 et
1019 2777 1243 2859 apostolica
1265 2779 1356 2843 sede

332 2881 471 2945 intima
494 2880 755 2943 veneratione
777 2877 1043 2962 praeferendo
1065 2880 1182 2961 atque
1201 2881 1356 2964 angeli·

332 2984 388 3047 cis
415 2982 568 3046 meritis
598 2979 851 3064 coaequando
880 2980 986 3062 patri
1019 2982 1193 3063 patrum,
1231 3004 1355 3065 papae

332 3083 567 3148 Hormisdae
589 3082 782 3146 Andreas.

170 3204 406 3271 Commendans
439 3224 489 3266 mc
517 3201 693 3266 humillime
721 3200 866 3285 vestigiis
896 3198 1011 3264 vestris
1040 3199 1210 3285 piissimis,
1249 3201 1356 3267 indico

64 3311 218 3398 propter
248 3306 404 3391 synodum
436 3303 528 3389 Epiri
560 3303 651 3385 novi,
689 3302 840 3387 quoniam
879 3301 1042 3366 finxerunt
1082 3302 1356 3369 anathematizare

65 3410 206 3497 intra¹)
229 3408 416 3492 semetipsos
439 3406 562 3491 aliquas
585 3426 748 3489 personas.
793 3402 864 3467 Hoc
891 3403 1112 3468 tantummodo
1142 3405 1274 3489 ingenio
1302 3407 1351 3470 usi

153 3664 299 3734 ³)01taG1.
334 3663 384 3716 Ed.
402 3668 490 3731 ipsius.
525 3661 589 3714 Mox
608 3660 641 3714 G¹
656 3662 682 3714 a¹
700 3664 928 3737 pluriora...cum
942 3663 1037 3726 famulo
1056 3678 1122 3722 meo,
1141 3658 1208 3713 bec
1226 3666 1354 3729 religiosa,

72 3751 178 3809 omitt.
197 3749 296 3804 deinde
314 3769 375 3802 cum.
410 3748 466 3803 Ubi
488 3745 564 3801 haud
586 3743 773 3800 dubitavimus
792 3744 932 3814 corrigere
950 3749 1091 3810 conformia
1108 3763 1174 3806 meo,
1198 3761 1232 3798 ex
1254 3762 1355 3813 graeco

73 3829 249 3906 συνδούλῳ,
275 3833 415 3902 quomodo
437 3831 559 3899 antiquis
581 3830 718 3885 familiare
736 3830 779 3884 est
803 3845 862 3883 sese
880 3845 980 3884 vocare
1003 3848 1149 3895 conservos,
1175 3835 1354 3893 condiaconos,

75 3926 284 3978 consacerdotes
301 3920 330 3974 et
348 3925 538 3973 comministros.

153 4007 176 4074 ⁴)
194 4003 298 4074 Supple
313 4009 426 4073 popinis,
450 4001 526 4072 quod
543 4001 709 4056 vocabulum
726 4001 770 4054 vel
792 3999 907 4055 librario
926 3999 1028 4054 excidit
1045 3999 1090 4055 vel
1107 4014 1184 4054 more
1202 3997 1355 4054 etiamnum

75 4092 198 4149 noemae
222 4090 333 4160 linguae
357 4088 458 4145 usitato
480 4085 652 4142 subaudItur.
698 4084 779 4140 Certe
800 4084 880 4139 initio
903 4084 984 4153 hujus
1007 4083 1141 4155 epistolae
1168 4083 1355 4139 Theodoritus

77 4200 111 4234 se
139 4182 262 4248 parvulas
287 4175 427 4230 destinare
452 4180 562 4243 popinas
585 4170 660 4226 dicit.
700 4172 777 4226 bcc
799 4170 862 4225 add.
887 4175 990 4225 storeis.
1034 4169 1099 4223 Mox
1121 4170 1163 4224 ed.
1183 4181 1354 4239 praesentare

79 4263 131 4334 (ίῖί
150 4283 189 4317 me
205 4262 415 4331 repraesentare)
483 4264 595 4326 mirificis
612 4262 739 4325 operibus.
773 4255 881 4311 Ibidem
899 4256 930 4309 ut
947 4272 1032 4324 supra
1049 4274 1163 4310 exorans
1178 4254 1241 4309 loco
1259 4259 1356 4310 extor-

79 4346 337 4405 [cucurrerimus.

153 4431 299 4501 ⁵)1taG1.
328 4433 355 4484 αἱ
372 4449 476 4499 preces,
495 4429 562 4483 bac
577 4434 693 4498 pronius.
727 4427 823 4482 Malim
838 4447 949 4497 precem.

80 4527 117 4575 63
154 4521 174 4588 ¹)
193 4516 228 4571 G¹
242 4519 268 4570 a¹
285 4520 369 4583 infra,
388 4515 464 4584 quod
480 4515 555 4569 recte
580 4515 759 4569 correxerunt
776 4514 794 4567 b
810 4530 846 4567 cc
862 4519 938 4567 intra.
968 4511 1110 4581 Epistulae
1122 4510 1201 4582 Epiri
1212 4528 1301 4566 novae
1318 4512 1355 4566 ad

79 4607 207 4660 Leonem
223 4601 381 4670 Augustum
402 4600 579 4655 subscribunt
599 4598 830 4668 metropolitanus
848 4597 1047 4666 Dyrrachinus,
1071 4599 1099 4651 et
1120 4596 1243 4667 episcopi
1262 4595 1353 4651 Scam-

78 4689 180 4765 pinus,
198 4685 323 4757 Lignidi,
345 4685 448 4741 Vallidi
465 4685 668 4756 Apolloniadis,
690 4684 827 4752 Aulonac‚
851 4683 880 4738 et
902 4687 1051 4737 secundum
1069 4680 1241 4754 superiorem
1259 4682 1352 4736 obser-
