3204 5506
650 125 820 174 nrisrona
844 116 873 174 6.
1331 107 1392 172 637

692 278 772 343 ΟΑΡ.
796 277 835 342 V.
1263 266 1272 294 ⁸
1407 300 1431 337 a.
1441 288 1499 338 498.

214 383 245 446 8.
281 382 327 446 Et
340 403 381 446 ne
396 403 511 466 parum
532 381 633 463 vobis,
657 402 738 465 quae
759 380 896 444 strictim
912 379 1058 462 diximus,
1083 377 1321 463 Scripturamm
1343 379 1395 443 do-

131 487 279 549 cumenta
303 485 482 565 videantur,
507 484 663 566 seriptum
685 482 836 566 legimus:
860 504 958 547 nortae
981 503 1093 546 omnem
1107 491 1212 560 fiotum
1236 503 1291 559 ceo
1310 480 1398 557 feci?
1409 455 1496 576 gfff„

128 584 294 660 Quomado
315 584 370 649 isti
399 589 470 649 novi
494 585 647 649 haeretici
677 607 695 646 a
723 584 911 667 parentibus
940 584 1052 646 dieunt
1079 582 1200 645 factum
1229 585 1262 645 et
1288 604 1354 646 non
1377 605 1396 644 a
1443 565 1449 590 ’

127 686 212 769 lieo,
248 687 331 749 sicut
359 688 427 769 ipse
455 686 617 750 testatur?
661 687 713 748 An
741 685 802 748 sibi
831 685 941 748 volunt
968 685 1073 768 potius
1103 684 1187 747 credi
1210 706 1305 767 quam
1327 683 1396 748 Deo

126 788 369 872 omnipotenti?
412 788 455 850 Et
477 789 545 872 ipse
568 789 673 851 Adam
695 787 863 870 profitetur
885 786 993 850 dicens
1015 786 1176 849 hominem
1198 785 1267 849 fieri
1289 808 1353 850 non
1378 810 1396 849 a

125 912 161 954 se
185 891 242 954 sed
266 914 284 953 a
305 889 392 972 Deo,
417 889 491 952 dum
514 889 608 953 dicit:
627 896 729 969 posuit
750 894 825 952 milii
837 893 918 952 deus
935 911 1047 964 semen,
1072 894 1128 952 icoc
1150 901 1194 952 cst
1213 895 1319 970 lilium,
1342 897 1546 964 ato-Gentes.

125 1001 209 1056 mine
231 997 303 1057 Seii
324 1013 381 1071 pro
404 997 483 1068 Abel,
509 1014 594 1070 quem
618 998 728 1056 occidit
750 996 857 1055 Clinia.
891 989 966 1054 Non
990 1011 1066 1074 ergo
1088 989 1183 1053 dixit:
1205 997 1294 1070 posui
1313 992 1394 1069 miii,

125 1094 200 1158 sed:
219 1103 324 1174 posuit
339 1100 425 1157 Beue.
460 1092 622 1167 Quomodo
644 1094 698 1157 isti
715 1114 731 1155 e
749 1092 943 1155 contrarios
958 1092 1144 1175 parentibus
1167 1091 1289 1175 dicunt,
1314 1093 1396 1178 quod

125 1196 241 1259 divina
265 1194 430 1278 Scriptura
453 1195 621 1258 confutat?
658 1197 712 1257 An
735 1193 811 1276 illic,
835 1194 952 1257 fratres
976 1194 1141 1276 carissimi,
1166 1193 1285 1277 aliquid
1308 1194 1397 1258 dubi-

124 1298 264 1361 tationis
288 1298 406 1380 existit,
436 1297 556 1380 inquo
579 1296 704 1380 possint
726 1295 863 1379 aliquem
887 1296 1000 1359 saltem
1024 1295 1160 1358 colorem
1182 1295 1307 1359 adferre
1329 1318 1398 1379 per·

123 1399 227 1462 fidiae
255 1421 344 1481 suae,
374 1421 445 1462 cum
475 1398 553 1462 dicit
575 1398 661 1461 Deus
684 1399 724 1461 ad
747 1397 903 1482 Moysem:
941 1405 1006 1477 quis
1024 1401 1105 1474 fecit
1126 1419 1158 1461 os
1179 1403 1320 1477 bominis,
1346 1413 1400 1464 out

124 1509 199 1581 quis
211 1506 384 1578 fabricatus
405 1512 450 1564 cst
469 1513 580 1563 mutium
603 1512 632 1562 ct
645 1506 780 1576 surdum,
806 1507 952 1563 uidentem
974 1513 1003 1563 et
1017 1508 1161 1564 coccum?
1193 1505 1300 1564 Nonne
1321 1508 1399 1579 ceo?

218 1603 247 1666 9.
293 1603 464 1665 Innumero
497 1601 624 1685 quidem
658 1604 734 1664 sunt
768 1601 912 1684 exempla
941 1601 1121 1664 divinarum
1148 1600 1396 1686 Scripturarum,

123 1726 214 1790 quae
236 1704 301 1767 sive
323 1705 357 1767 in
380 1703 546 1788 prophetis
569 1704 635 1766 sive
657 1703 691 1766 in
714 1703 846 1766 diversis
869 1703 958 1767 libris
981 1703 1054 1785 Job,
1078 1702 1167 1766 Ruth
1190 1704 1323 1789 aliisque
1346 1728 1398 1768 au-

126 1806 284 1887 ctoribuS,
309 1806 362 1889 qui
384 1806 419 1868 in
441 1805 587 1868 Ecclesia
610 1805 796 1868 canonicam
819 1805 968 1868 obtinent
991 1806 1223 1888 anctoritatem,
1254 1805 1398 1870 invenire

125 1908 290 1992 poteritis,
315 1906 429 1990 quibus
451 1906 502 1969 his
524 1906 660 1970 fortasse
682 1907 912 1990 praedicationi
936 1911 1060 1970 vestrae
1075 1907 1309 1971 reluctantibus
1331 1910 1398 1972 vin·

127 2013 244 2074 center
264 2009 394 2093 possitis
417 2009 530 2072 obniti.
568 2008 635 2072 Nos
657 2031 731 2072 vcro
753 2009 839 2072 inter
861 2010 977 2072 multas
1001 2009 1203 2092 diversasque
1218 2011 1399 2094 occupatio-

127 2133 191 2176 nes
213 2110 292 2174 haec
313 2111 444 2174 interim
467 2133 524 2194 per
546 2110 684 2174 indicem
705 2111 835 2174 titulum
864 2111 1063 2196 significasse
1082 2111 1247 2195 sufficiat,
1279 2116 1316 2175 ut
1343 2134 1399 2176 vos

128 2212 221 2276 velut
243 2212 443 2276 conministri
466 2234 575 2276 vocem
598 2217 766 2296 sequentes
795 2234 900 2276 meam
926 2214 961 2276 in
990 2213 1049 2276 hoc
1077 2234 1223 2297 pugnare
1246 2214 1397 2297 debeatis,

128 2336 175 2381 ne
202 2315 277 2398 quid
307 2314 482 2378 catholicae
504 2313 668 2378 Ecclesiae
697 2336 755 2398 per
782 2315 913 2377 miseras
942 2315 1043 2399 adque
1071 2315 1271 2379 inventicias'
1291 2338 1398 2399 supcr-

128 2417 280 2481 stitiones
304 2414 582 2500 reprehendendae
611 2416 755 2480 maculae
785 2420 841 2479 aut
861 2417 998 2481 foeditas
1020 2417 1086 2480 ulla
1108 2421 1269 2501 nascatur,
1299 2419 1400 2503 regali

128 2522 164 2582 et
185 2516 344 2581 Dauidica
366 2539 442 2581 voce
465 2518 654 2581 clamantes:
677 2526 791 2601 scitote,
816 2526 896 2598 quod
904 2526 1049 2584 liominus
1070 2527 1133 2599 ipse
1154 2533 1197 2584 cst
1214 2526 1304 2598 Deus,
1329 2542 1398 2598 quo·
1412 2499 1511 2623 pggl}

127 2628 212 2685 nium
235 2627 302 2700 ipse
319 2623 398 2696 feeit
420 2641 473 2683 nos
495 2628 749 2699 eteonipsinos.
789 2620 963 2703 Credimus,
989 2622 1063 2706 quia
1085 2622 1120 2685 in
1141 2621 1202 2685 hac
1226 2622 1401 2685 clarissima
1465 2611 1499 2635 ’'

125 2724 208 2787 tuba
231 2722 337 2786 omnis
369 2721 556 2804 improbitas
585 2723 796 2806 conquiescet.
848 2722 934 2786 Deus
957 2746 1011 2786 vos
1034 2723 1208 2787 incolumes
1231 2724 1399 2818 custodiat,

1411 1374 1497 1427 Exod.

1416 1449 1486 1509 4‚11.

123 2825 247 2888 fratres
272 2823 445 2887 carissimi!
484 2823 570 2888 Data
593 2824 622 2887 X
645 2825 717 2887 Kal.
742 2823 937 2909 Septembris
1037 2825 1116 2918 fill)
1140 2825 1276 2889 Paulino
1291 2849 1320 2889 v.
1339 2832 1398 2890 cs‘s.

673 3035 865 3043 ——-·-—

647 3168 682 3240 N
700 3194 721 3241 o
740 3173 757 3241 t
775 3172 787 3242 i
806 3175 823 3242 t
841 3172 853 3241 i
872 3196 896 3242 a

130 3316 352 3389 epistolarum
369 3330 429 3369 non
448 3317 653 3386 exstantium,
672 3333 748 3385 quoe
768 3320 805 3372 ad
824 3333 849 3373 s.
862 3319 1053 3373 anastasium
1066 3321 1096 3372 ll
1116 3334 1223 3387 papam
1242 3321 1388 3376 ottlnent.

753 3455 778 3519 Ῑ·
1272 3497 1280 3532 i

116 3583 206 3623 anno
222 3562 287 3618 497
305 3567 374 3618 circ.
392 3566 451 3618 init.
488 3564 639 3620 Laurentii
652 3565 830 3636 Lipetidensis
850 3568 889 3621 uti
903 3568 1086 3622 Aitcstusium
1106 3569 1141 3622 de
1161 3575 1239 3624 stetu
1261 3571 1401 3624 ecciesiae

288 3648 430 3720 Illyricae
446 3651 558 3705 relatio.

218 3750 307 3804 Prima
323 3767 353 3804 se
369 3751 446 3805 ollert
463 3750 597 3806 Laurentii
614 3751 783 3824 Lignidensis
800 3754 918 3826 episcopi
940 3754 970 3808 ad
988 3756 1156 3810 anastasium
1169 3773 1262 3829 papam
1279 3756 1401 3829 epistola,

118 3854 181 3912 qua
206 3832 313 3889 debitae
334 3835 501 3891 salutationis
524 3836 613 3891 «illicio
630 3838 797 3909 picesuuctus,
815 3856 875 3893 cirin
891 3838 924 3892 ile
939 3839 1019 3893 rebus
1036 3840 1147 3912 lllyriois
1164 3842 1306 3895 certiorem
1322 3841 1402 3895 sacie-

119 3923 184 3980 bat.
225 3920 442 3993 Nomiuatimque
465 3921 616 3984 nuntiabat,
645 3925 763 3994 epistole
784 3926 946 3980 decessoris
966 3928 1043 3980 iilius
1062 3928 1097 3980 de
1119 3928 1287 3982 excessibus
1301 3929 1404 3981 Aeacii

119 4024 222 4083 quum
237 4008 266 4059 ia
283 4008 406 4060 ccclesia
426 4007 673 4063 Thessalonicensi
688 4016 744 4063 tuin
766 4012 794 4063 in
811 4011 875 4064 aliis
891 4013 1024 4077 recitata,
1048 4019 1168 4066 euticies
1189 4014 1277 4068 cidem
1293 4012 1401 4066 Aeecio

120 4091 292 4150 anatliema
308 4092 432 4154 dicias&
461 4091 580 4146 simulet
599 4094 782 4154 Aiiastasium
806 4103 835 4147 ut
852 4099 993 4165 episcopis
1008 4096 1122 4167 Illyrici
1136 4099 1234 4151 aliisae
1250 4099 1402 4167 quamdam

118 4180 204 4252 fidei
218 4177 387 4230 medicinam
409 4180 599 4246 ministraret,
624 4177 791 4232 admonebat.
835 4178 939 4251 Scripta
963 4189 1003 4233 est
1025 4181 1089 4234 hacc
1110 4181 1222 4253 epistola
1244 4183 1349 4244 statim,
1374 4188 1402 4234 ut

120 4261 315 4319 ordinationis
331 4261 461 4317 Airastasii
479 4264 588 4317 ruritius
604 4264 630 4316 in
646 4263 780 4336 lllyrieunr
796 4265 931 4335 pervenit,
955 4273 981 4318 ct
1003 4272 1064 4318 aitte
1086 4264 1116 4319 ab
1133 4267 1273 4320 Anastasio
1294 4266 1344 4320 luit
1361 4284 1402 4320 ac·

120 4354 222 4421 cepta,
244 4362 322 4417 quam
343 4346 441 4418 legatio
458 4347 489 4401 ab
505 4348 609 4402 Andrca
625 4348 855 4403 'lliossalonicensi
878 4351 1005 4422 episcopo
1030 4350 1161 4405 destinata
1182 4352 1209 4405 in
1234 4351 1326 4405 urbem
1343 4369 1403 4424 pei·-

120 4433 265 4489 venisset.

203 4598 225 4662 ⁷)
245 4591 372 4663 Suspicio
391 4594 458 4648 mihi
476 4598 525 4663 est,
544 4596 571 4649 in
585 4614 634 4650 ms.
648 4596 755 4650 litteras
771 4602 790 4664 si
808 4596 913 4665 positas
931 4596 1022 4663 fuisse,
1041 4613 1114 4666 quae
1133 4600 1162 4652 et
1178 4604 1293 4667 prosilio
1312 4603 1403 4670 cipro

121 4685 224 4738 Flauio
244 4678 420 4733 abbreviatio
438 4689 508 4735 sunt.
