3204 5506
265 355 327 420 616
693 368 721 416 s.
739 365 924 416 nuasrnsn
947 367 973 414 11
996 364 1109 414 caran

266 525 389 589 nuntio.
435 521 707 606 Coruscquenterl)
734 542 793 604 pro
815 520 876 584 fitlc
900 518 1057 583 catholica
1079 519 1210 584 humilis
1232 519 1344 604 pietati
1363 522 1425 583 tuae
1439 541 1488 603 pre

268 630 356 691 cator
377 646 524 688 occurro:
556 624 590 686 in
619 646 680 707 quo
707 623 845 707 primum
872 620 952 685 mihi
974 621 1117 686 ditinum
1138 622 1284 687 favorem
1304 621 1492 707 propinquasse

268 727 407 809 confido,
440 725 522 809 qnod
553 726 764 788 consonantia
792 724 826 787 in
849 746 899 788 me
922 723 1139 809 angustissimi
1160 723 1302 789 nominis
1323 723 1369 788 tui
1388 744 1444 787 non
1457 720 1497 784 ‹lu-

267 830 355 892 bium
377 831 522 911 praestat
544 826 708 908 auxilium,
733 830 768 889 ut
791 826 874 890 sicut
895 825 1094 908 praecelsum
1109 826 1301 891 vocabulum
1315 825 1439 910 pietatis
1447 828 1503 888 tuae
1590 856 1596 867 ·

267 952 325 1016 per
347 930 511 993 universas
534 932 648 1012 gentes
669 932 739 992 toto
761 929 836 992 orbe
857 927 1049 1013 praefulget,
1073 929 1119 993 ita
1133 951 1192 1013 per
1206 928 1422 993 ministerium
1431 926 1509 991 hum-
1594 974 1596 979 .

267 1031 368 1096 litatis
391 1052 497 1113 meac,
527 1032 609 1093 sicut
637 1051 761 1113 semper
784 1034 847 1111 cst,
882 1031 972 1094 sedes
996 1030 1172 1094 beatissimi
1195 1029 1286 1094 Petri
1309 1030 1345 1094 in
1366 1028 1517 1093 uniuersali

268 1132 415 1197 Ecclesia
443 1134 644 1216 assignatam
672 1132 732 1194 sibi
761 1154 780 1194 a
808 1131 935 1195 domino
955 1131 1031 1196 ‘Deo
1058 1135 1168 1196 teneat
1196 1132 1431 1216 principatum.
1467 1128 1524 1195 llcc

269 1239 400 1321 propter
422 1257 521 1298 unum
543 1237 703 1297 mortuum
726 1233 842 1296 diutius
865 1234 975 1297 tunica
990 1234 1046 1297 illa
1061 1216 1286 1318 Saluatoris⁴),
1311 1233 1451 1318 desuper
1470 1254 1529 1297 eon·

269 1341 358 1402 texta
381 1359 438 1420 per
460 1339 574 1418 totum,
598 1335 702 1399 malac
724 1335 818 1399 sortis
841 1336 984 1419 patiatur
1006 1336 1176 1418 incertum,
1200 1357 1285 1420 quae
1300 1334 1375 1400 sola
1389 1334 1428 1400 in
1441 1335 1537 1400 discis

269 1440 393 1504 sionem
414 1460 472 1521 pro
499 1438 651 1501 firmitate
679 1437 727 1500 sni
757 1437 865 1501 venire
893 1460 959 1500 non
981 1438 1103 1522 potuit,
1137 1437 1356 1523 screnitatel)
1380 1440 1442 1502 tua
1463 1459 1541 1521 prae

271 1542 363 1624 cipue
390 1539 621 1622 rempublicam
649 1539 867 1623 gubernante,
906 1540 956 1603 cni
985 1540 1082 1604 etiam
1110 1539 1144 1602 in
1170 1540 1306 1623 privata
1328 1539 1406 1605 vita
1426 1543 1547 1604 tantum

271 1643 356 1707 circa
378 1642 521 1704 sincerae
544 1640 708 1725 religionis
731 1641 871 1704 studium
893 1641 965 1722 fnit,
989 1645 1035 1724 ut,
1059 1641 1142 1705 sicut
1156 1641 1247 1705 fama
1270 1641 1466 1707 certissima
1480 1643 1549 1707 cele

271 1744 387 1826 brevit,
411 1764 505 1806 nemo
527 1742 632 1826 magis
654 1743 703 1805 vcl
726 1743 811 1806 inter
833 1743 1021 1826 praecipuos
1043 1742 1224 1807 sacerdotes
1247 1744 1425 1828 praefixas
1448 1767 1469 1808 a
1489 1766 1553 1809 san·

273 1846 332 1911 ctis
360 1844 506 1930 patribus
534 1844 662 1928 regulas
689 1843 854 1909 Ecclesiae
883 1845 1056 1909 custodisse
1084 1845 1220 1909 dicatur.
1279 1844 1382 1922 Quod
1412 1851 1554 1912 sanctum

272 1948 412 2012 studium
435 1968 507 2010 cum
528 1946 697 2029 majestate
720 1946 845 2030 imperii
869 1948 1005 2011 crevisse
1028 1946 1227 2011 confidimus.

839 2100 919 2165 Car.
943 2101 968 2164 Ι.

356 2203 386 2266 2.
425 2203 601 2287 Legatione
629 2202 736 2286 itaque
767 2203 933 2286 fungimur
963 2225 1020 2287 pro
1044 2201 1187 2285 Christo,
1223 2204 1308 2289 Ποῦ)
1340 2226 1403 2270 eos
1434 2209 1558 2292 propter
1594 2276 1596 2285 ¹

272 2305 480 2369 offensionem
495 2306 545 2367 vel
560 2304 745 2368 scandalum
760 2304 928 2387 patiamini
944 2303 1070 2389 publice
1084 2304 1261 2389 nominari,
1284 2329 1437 2391 quornm
1452 2307 1558 2373 merita

272 2407 322 2470 vel
345 2410 435 2471 actus
458 2406 547 2469 illum
566 2407 707 2489 judicem
722 2406 822 2469 latere
839 2428 904 2469 non
919 2410 1064 2490 possunt,
1088 2405 1122 2468 in
1138 2405 1228 2490 cujus
1248 2408 1327 2492 jam
1345 2414 1434 2474 sunt
1444 2411 1558 2495 judicio

275 2509 450 2574 constituti.
495 2507 564 2571 Ncc
585 2508 652 2572 illic
674 2530 707 2571 se
729 2511 837 2590 potest
858 2507 1048 2572 interserere
1075 2508 1110 2572 in
1133 2529 1269 2592 corpore
1294 2511 1440 2576 mortali
1464 2512 1557 2576 adhuc

274 2610 444 2675 temeraria
477 2610 709 2693 praesumptio,
743 2610 778 2672 in
812 2630 873 2692 quo
901 2631 965 2673 non
996 2609 1097 2674 solnm
1130 2608 1297 2676 confessio
1332 2612 1427 2678 facit
1455 2618 1558 2699 operta

274 2713 389 2776 merita
412 2711 621 2795 singulorum,
650 2711 704 2774 sed
728 2710 824 2774 etiam
847 2711 1001 2796 silentiil)
1030 2711 1130 2796 ipsius
1152 2733 1218 2775 non
1243 2717 1365 2796 potest
1390 2715 1496 2781 latere
1516 2736 1557 2779 se

276 2819 408 2879 cretum.
453 2812 599 2896 Namque
622 2816 655 2875 et
676 2812 900 2895 praedecessor
927 2815 1037 2877 noster
1058 2834 1143 2897 papa
1164 2811 1259 2877 Felix
1290 2820 1327 2880 et
1353 2817 1461 2882 etiam
1482 2821 1557 2882 Aca·

276 2917 343 2981 cius
371 2916 437 2979 illic
465 2914 576 2998 procul
604 2914 700 2978 dubio
722 2917 812 2996 sunt,
838 2914 893 2978 ubi
914 2914 1129 2998 unusquisque
1150 2915 1210 2979 sub
1232 2919 1336 2982 tanto
1357 2918 1477 3003 jndice
1499 2941 1558 2983 non

276 3021 382 3103 potest
402 3017 534 3101 perdere
558 3017 606 3079 sni
628 3017 734 3080 meriti
758 3017 956 3101 qualitatem.

835 3168 916 3235 Car.
940 3169 982 3233 H.

360 3275 391 3338 3.
429 3273 541 3357 ltaque
564 3277 715 3336 monente
738 3294 796 3335 nos
818 3271 1002 3336 beatissimo
1025 3237 1134 3336 Pano'
1146 3274 1309 3358 apost010,
1340 3298 1388 3343 ne
1411 3278 1500 3363 qnod
1520 3278 1559 3342 sit

275 3377 310 3440 in
332 3377 392 3439 hoc
415 3375 640 3438 offendiculum
662 3374 696 3436 in
718 3373 880 3454 Ecclesia,
910 3374 1000 3451 dnm,
1030 3374 1112 3457 qnod
1140 3374 1249 3439 facere
1277 3398 1351 3442 non
1375 3401 1558 3464 possumus,

276 3477 402 3559 (lobia,
431 3477 484 3559 qui
509 3477 577 3559 jam
604 3475 820 3558 transierunt,
848 3475 992 3558 judicare
1016 3497 1182 3558 conemur,
1210 3476 1466 3546 observandum
1495 3504 1558 3547 esse

276 3579 492 3662 tranquillitas
514 3582 571 3641 tua
595 3580 777 3661 cognoscat.
810 3578 867 3640 Ait
882 3577 968 3640 enim
990 3577 1029 3640 de
1051 3577 1112 3660 his,
1137 3578 1190 3661 qni
1212 3576 1253 3641 de
1275 3579 1382 3645 rebus
1397 3582 1443 3647 ad
1459 3582 1558 3647 Deum

137 3674 265 3795 Rffigb
278 3680 378 3744 solum
406 3680 642 3763 pertinentibus
667 3679 811 3762 judicare
844 3683 1065 3762 pracsumrmt:
1100 3684 1192 3744 rl'emo
1217 3687 1300 3744 enim
1332 3696 1481 3750 nostrum
1508 3690 1560 3750 sabi

246 3783 251 3793 ’
277 3789 363 3859 vivit,
394 3794 423 3845 et
445 3804 529 3845 ocrim
551 3787 609 3845 sibi
628 3788 765 3844 moritur.
810 3788 881 3845 Sive
902 3788 980 3844 etaim
1003 3788 1141 3864 vitamus,
1164 3786 1296 3846 Domt'rro
1321 3791 1473 3864 vicimum,
1503 3796 1558 3852 aar

277 3891 431 3961 morimur,
457 3889 583 3947 Borrine
605 3890 764 3954 marimum
797 3890 858 3946 sire
880 3890 958 3947 enim
966 3884 992 3968 ⁸)
1018 3889 1141 3948 vivimus
1161 3890 1223 3947 sire
1244 3892 1415 3966 morimur,
1444 3895 1560 3955 Domim

277 4007 386 4050 samus.
434 3991 470 4049 Ia
498 3990 555 4049 boc
577 3992 655 4048 caim
678 3989 811 4048 Claterna
833 3992 1002 4049 ressurexit
1030 3991 1208 4063 emortua,
1240 3998 1273 4050 ut
1301 3999 1335 4053 et
1365 3996 1510 4057 virorem
1533 4002 1559 4055 et

344 4241 365 4306 ³)
385 4239 427 4292 lta
444 4239 478 4291 E²
490 4239 526 4291 11⁶
539 4239 575 4290 Η8
587 4238 635 4290 Ηιο
647 4239 665 4291 b
678 4239 705 4290 h'
719 4239 747 4291 i2.
770 4245 927 4302 confidenter
945 4240 984 4304 c',
1003 4241 1031 4293 a³
1048 4239 1198 4292 occandum
1216 4255 1283 4293 suros
1297 4257 1368 4297 mss.
1388 4256 1418 4299 et
1436 4252 1558 4314 confide*

278 4336 329 4389 ter,
351 4327 426 4377 οθο10
444 4336 469 4377 et
486 4334 677 4392 consequenter.
713 4323 776 4375 Mox
795 4323 831 4375 pp
853 4330 968 4391 pr'ctntts,
993 4324 1022 4376 ct
1045 4341 1107 4376 cum
1124 4323 1199 4377 E²h¹
1217 4329 1246 4377 ἐκ
1268 4345 1385 4394 quom
1461 4337 1488 4385 tn
1508 4348 1559 4383 m

278 4408 316 4474 (h¹
330 4414 396 4473 mei).
433 4408 539 4461 Deinde
557 4407 591 4459 Εε
609 4419 722 4475 prostat,
742 4410 771 4461 ct
788 4411 816 4461 {2³
834 4415 859 4461 in
877 4414 993 4462 uniuerso
1014 4411 1137 4462 Ecclesia.

345 4496 366 4559 ⁴)
384 4492 432 4545 ΗΙο
444 4493 472 4544 h¹
491 4498 621 4548 solutoris.
653 4493 716 4545 Mox
735 4493 783 4545 ll¹⁰
800 4499 926 4546 incestum.

385 4748 419 4800 Ε2
436 4753 542 4801 silentiis
560 4748 589 4800 ct
607 4764 670 4800 mon
688 4765 749 4800 cnm
767 4748 804 4799 Η8
820 4754 969 4816 persedere.

384 4833 428 4884 Ita
445 4849 507 4884 mss.
527 4848 629 4898 magno
655 4847 804 4885 consensu..
841 4834 878 4885 m
900 4832 968 4886 editi
991 4832 1142 4887 secundum
1160 4831 1324 4903 vulgatum
1346 4844 1405 4894 eive
1422 4860 1488 4911 erpo
1502 4846 1559 4896 ted·

279 4935 338 4968 rans.
374 4916 405 4968 ln
423 4916 456 4967 E*
473 4914 542 4968 hacc
561 4914 672 4967 omnino
691 4915 795 4970 desunt.
