3204 5506
10 1424 31 1474 p.
42 1410 68 1458 ἵ.

600 365 792 412 sersrouas
815 355 845 413 8.
870 358 899 413 9.
1323 352 1385 416 195

91 518 306 600 imperatore
330 515 408 599 et¹⁰)
431 538 488 600 pro
510 517 712 601 nobisipsis.
747 516 837 581 Nihil
861 519 946 581 enim
970 521 1238 602 praetermittitur
1261 493 1490 604 comnmissis.

91 640 183 701 quae
208 618 254 681 ad
279 618 454 682 custodiam
482 619 718 683 ecclesiastieae
746 621 923 703 respiciunt
945 620 1144 703 disciplinae.
1192 608 1383 687 Univeisam

90 719 361 804 fraternitatem,
384 721 512 805 quae¹⁷)
528 721 691 785 vobiscum
715 724 773 802 est,
798 721 832 783 in
848 721 975 786 Christo
998 727 1031 786 et
1053 745 1113 807 ego
1136 725 1237 806 etqui
1258 747 1383 789 mecum

90 824 176 884 sunt
200 822 393 886 salutamus,
433 828 477 887 Et
498 830 579 887 alia
600 845 721 888 aranu.
760 823 797 886 ln
816 823 1000 909 nominor)
1017 825 1224 907 conserveris,
1248 829 1384 891 sanctis-

89 922 181 986 sime
205 928 243 986 et
267 923 451 988 beatissime
473 926 581 1008 pater!

628 1111 811 1214 Epistola
838 1115 872 1195 9.

216 1259 403 1346 Simplicii
426 1281 537 1346 papae
560 1263 603 1330 ad
626 1262 794 1330 Acacium
819 1265 1268 1350 Constantinopolitanum.
1395 1244 1524 1367 {lpffi

125 1402 296 1452 Gratulatus
309 1403 458 1468 Simplicius.
478 1406 547 1470 quod
562 1405 704 1456 Timotheus
716 1406 854 1455 catholicus
868 1406 1064 1457 Alexandrinae
1083 1410 1205 1456 ecelesiae
1222 1410 1257 1456 sit
1273 1410 1350 1456 resti-

123 1495 214 1539 tutus.
236 1504 271 1538 ae
288 1490 386 1538 moneri
397 1490 506 1538 euatdem
518 1493 576 1549 orell,
595 1498 622 1539 ut
634 1493 767 1541 admissam
785 1492 910 1555 quondam
923 1493 1031 1540 recitato
1044 1495 1111 1541 inter
1123 1494 1218 1541 altaria
1232 1493 1351 1541 Dioscuri

596 1576 694 1625 aerariae
712 1576 790 1625 labem
808 1578 897 1625 diluat.

263 1703 494 1790 Simplicius
522 1707 731 1791 episcopus
761 1708 908 1771 Aeaeio
937 1708 1125 1791 episeopo
1148 1709 1382 1774 Constanti-

357 1808 605 1892 napolitano

148 1936 154 1942 “
186 1926 299 2002 Quam
325 1912 367 1988 sit
395 1927 509 1991 efficax
538 1929 789 2013 supplicantium
812 1927 950 1991 Domino
978 1930 1217 2012 perseverantia
1240 1932 1383 1995 sacerde-

80 2034 181 2111 tnm,
208 2031 246 2090 et
270 2050 365 2112 qpam
384 2024 527 2112 judundo
549 2031 729 2115 gratuletur
752 2031 900 2115 effectu')
924 2031 1073 2112 studium,
1098 2033 1180 2115 quod
1204 2033 1382 2097 defensioni

80 2131 173 2194 fidei
200 2131 342 2193 sinceris
364 2132 524 2195 mentibus
547 2132 726 2215 exhibetur,
752 2133 867 2196 litteris
890 2136 964 2195 tuae
986 2133 1167 2197 dilectionis
1184 2135 1381 2217 agnoscitur,

82 2231 235 2317 quando
260 2236 334 2315 post
355 2237 448 2297 tanta
472 2235 659 2317 certamina,
683 2235 798 2328 quibus
822 2233 881 2297 Dei
905 2235 1121 2298 misericordia
1143 2237 1177 2299 in
1201 2259 1296 2299 eausa
1311 2259 1382 2320 pro-

84 2336 192 2418 priae
217 2332 388 2416 religionis
411 2336 547 2399 farnulos
571 2340 603 2399 ct
622 2333 786 2399 ministros
802 2357 878 2399 suae
890 2338 1092 2400 'constituens
1108 2339 1287 2421 potestatis
1311 2360 1382 2422 pro-

83 2437 294 2499 batissimos
320 2436 380 2499 sibi
408 2437 486 2501 feeit
515 2433 582 2501 e'sse
611 2437 759 2502 victores.
808 2438 970 2521 Siquidem
998 2439 1219 2503 Alexandrina
1248 2442 1382 2504 eeclesia

85 2539 215 2602 divino
249 2535 381 2600 tandem
405 2539 526 2621 judicio
555 2538 702 2623 liberata,
733 2543 765 2603 in
793 2541 986 2603 consortium
1011 2542 1224 2605 communium
1248 2566 1305 2605 nes
1328 2543 1382 2606 ad·

87 2661 230 2703 vocans
260 2639 459 2724 gaudiorum,
489 2663 571 2725 eum,
600 2642 653 2726 qui
682 2642 723 2705 ab
750 2641 913 2704 haeretico
941 2644 1073 2727 fugatus
1101 2645 1217 2727 fuerat,
1251 2647 1290 2708 ad
1314 2646 1382 2727 ejus

86 2743 213 2806 sedern
244 2740 376 2804 rediisse
403 2743 542 2806 testaris
593 2743 686 2807 Unde
715 2744 830 2807 animis
859 2744 1093 2808 exsultantibus
1124 2746 1163 2808 ad
1192 2747 1381 2811 universalis

87 2842 274 2908 Ecclesiae
297 2844 435 2926 quietem
458 2843 585 2909 Christo
607 2845 675 2908 Deo
699 2848 807 2908 nostro
831 2867 888 2928 pro
916 2846 1019 2909 salute
1045 2848 1183 2930 prinnnn
1206 2848 1402 2929 fidelissimi,

88 2944 266 3031 principis
288 2945 516 3028 supplicamus,
540 2947 589 3009 cui
612 2969 670 3030 pro
693 2945 872 3025 devotione,
902 2970 964 3031 qna
990 2952 1121 3011 erinetos
1144 2952 1310 3013 antevenit
1332 2974 1380 3015 sa-

90 3047 265 3128 cerdotes,
294 3046 398 3128 pietas
425 3047 505 3111 haee
533 3047 642 3111 divina
666 3047 822 3130 concedit,
854 3070 934 3131 quae
958 3072 1015 3112 nos
1039 3050 1153 3113 liberos
1176 3073 1234 3132 pro
1256 3053 1381 3135 populis

91 3147 306 3214 Christianis
329 3148 412 3232 apml
435 3150 702 3233 omnipotentiam
718 3151 889 3214 coelestem
904 3155 1048 3235 praestat
1064 3152 1266 3233 interpretes
1292 3152 1381 3217 Sicut

91 3273 183 3337 ergo
206 3250 246 3314 in
267 3249 372 3313 reditu
394 3251 503 3315 fratris
532 3253 564 3313 et
586 3252 765 3335 coepiscopi
787 3253 887 3315 nostri
912 3252 1069 3316 'l'irnotlrei
1094 3254 1304 3336 gratulamur,
1334 3256 1381 3319 ita

91 3374 176 3416 enm
192 3356 420 3416 commonente
438 3352 608 3416 dilectione
623 3357 679 3416 tua
696 3355 842 3436 cupimus
862 3353 1173 3437 irreprehensibilem
1197 3357 1380 3442 reperiri²):

88 3456 154 3539 qui
186 3452 367 3516 meministi
395 3453 470 3536 hoe,
500 3476 571 3517 eum
596 3455 783 3538 jamdudum
817 3455 919 3518 fidelis
952 3457 1108 3539 praesulis
1138 3480 1203 3520 non
1233 3458 1381 3521 habuisse

93 3554 338 3637 constantiam,
367 3556 494 3638 quando
522 3556 567 3637 ei,
598 3560 634 3618 ut
660 3556 803 3620 damnati
833 3556 976 3620 Dioscuri
1007 3580 1121 3621 nomen
1151 3560 1236 3622 inter
1265 3560 1381 3624 altaria

93 3657 310 3736 recitaretur,
334 3660 493 3720 extortum
516 3660 573 3720 est.
619 3657 704 3720 Data
724 3660 820 3721 tertio
844 3659 916 3722 [elus
935 3660 1042 3722 llartii
1067 3661 1157 3743 lllo³)
1182 3663 1249 3725 viro
1274 3663 1380 3725 elaris-

93 3760 186 3823 simo
210 3757 354 3822 consule.

173 3981 207 4046 ¹⁶)
227 3975 265 4030 D⁹
281 3977 407 4032 secundis
426 3978 497 4034 curis
515 3991 541 4033 et
558 4000 608 4049 pro
626 3987 690 4050 ipsis
708 3991 736 4034 et
751 4002 800 4050 pro
820 3986 981 4051 nobisipsis.

172 4066 205 4130 ¹¹)
225 4062 272 4116 Ita
293 4062 325 4115 11Ι
339 4062 522 4119 E²F²H⁸10
536 4067 564 4119 (ι’
577 4083 614 4119 cc.
655 4067 692 4119 at
714 4065 741 4118 (1Ι
757 4065 786 4117 d²
809 4084 871 4119 euni
895 4084 957 4120 mss.
978 4067 1001 4119 D
1026 4069 1121 4133 (etiarn
1140 4070 1232 4138 2th
1246 4068 1291 4136 pr,
1315 4090 1379 4139 pirae

93 4153 173 4203 eodm
192 4159 244 4201 est.
279 4147 366 4200 Paulo
385 4150 450 4201 ante
468 4149 495 4201 (1Ι
513 4155 706 4216 fraternitatem
724 4164 840 4206 uestram.

172 4235 206 4299 ¹⁸)
225 4231 292 4286 Mea
312 4231 441 4286 10i²1n
460 4239 565 4288 Ilemiao
583 4255 631 4287 ora
647 4255 697 4303 pro
716 4240 787 4289 uobis
799 4242 940 4303 justissime
958 4248 1042 4304 pater.

171 4319 192 4384 ¹)
211 4315 294 4369 Editi
311 4322 406 4385 affeetu
476 4324 631 4373 constituens
647 4327 777 4387 potestati.
814 4320 847 4373 G*
868 4320 1017 4387 sequimur.

168 4404 193 4469 2)
212 4399 372 4454 Johannem
378 4400 505 4470 Talajam
518 4404 777 4458 mortno'limotheo
788 4407 947 4458 accusatum
955 4405 1196 4475 Constantinopoli
1210 4424 1270 4460 esse
1282 4409 1378 4463 scribit

93 4487 254 4542 Liberatus
272 4485 291 4538 1.
305 4502 328 4538 c.
348 4502 408 4555 cap.
422 4493 459 4552 17,
478 4486 554 4554 quod
565 4488 610 4542 hic
622 4489 675 4557 ipsi
688 4492 785 4542 auctor
797 4488 901 4554 suisset,
920 4492 951 4542 ut
968 4489 996 4542 id
1015 4491 1067 4543 sibi
1087 4492 1245 4558 extorqueri
1264 4494 1376 4549 sineret.

168 4574 192 4640 ⁸)
212 4571 241 4623 a¹
261 4576 308 4634 m,
327 4570 359 4622 ut
375 4586 537 4638 pronomen,
555 4573 630 4639 quod
648 4573 817 4626 substituere
836 4573 963 4626 solebant
981 4575 1088 4641 aritiqrii
1107 4577 1167 4627 loeo
1184 4577 1303 4629 nominis
1316 4596 1378 4647 pro·

93 4654 167 4727 prii,
192 4653 273 4722 quod
291 4652 336 4706 vel
353 4653 522 4721 ignorabunt
540 4657 583 4710 vel
601 4657 825 4721 dissimulabant,
849 4660 981 4727 cujusque
1006 4661 1066 4713 loco
1090 4661 1257 4714 recentiores
1276 4663 1311 4716 ab
1330 4663 1378 4716 ali·

93 4741 170 4808 quot
188 4736 312 4793 saeculis
329 4737 452 4792 litteram
466 4745 498 4793 N.
517 4741 643 4810 pingrmt.
680 4742 734 4795 Pro
755 4747 803 4795 Illo
822 4746 924 4808 autem,
943 4744 1017 4809 quod
1036 4745 1180 4812 proprium
1198 4749 1240 4800 est
1259 4747 1377 4800 consulis

93 4825 164 4879 anni
183 4828 239 4877 478
258 4837 371 4888 nomen,
388 4822 417 4876 iu
435 4825 553 4894 vulgatis
572 4826 695 4880 Liberati
714 4827 846 4894 exemplis
863 4832 933 4879 Etrus
951 4828 1062 4895 legitur,
1081 4831 1206 4896 qiramris
1219 4831 1246 4883 in
1260 4832 1378 4900 scriptis,

94 4907 347 4965 consentientibus
365 4906 479 4962 Graecis
496 4910 686 4980 scriptoribus,
707 4915 768 4963 illus
787 4911 889 4977 ubique
909 4916 1043 4967 occurrat.

1114 4994 1176 5066 13*
