3204 5506
249 341 314 408 424
722 357 749 405 s.
767 355 908 406 causari
930 356 1045 403 rarus

121 528 238 593 (ales)
252 513 454 579 videbantur:
476 512 601 577 nullum
622 510 793 576 discrimen
814 512 981 599 rerum¹¹),
1005 510 1096 576 nulla
1119 511 1315 577 examinatio
1335 513 1441 598 postnl

182 704 185 712 Ι
250 621 303 683 tur
323 615 501 700 Ecclesiae3
535 615 590 679 sed
616 618 712 699 prout
739 613 824 706 de¹²)
851 636 1041 700 unoquoque
1068 614 1210 680 venisset
1231 615 1267 680 in
1289 619 1441 702 mentem,

145 724 148 730 ⁴
249 720 315 785 suis
337 718 469 784 urbibus
491 717 667 783 catholicus
694 717 874 801 pellebatur
896 718 1079 802 episcopus,
1109 739 1176 782 non
1203 717 1309 783 solum
1336 721 1441 804 metro]

249 827 360 907 tanus,
390 822 445 886 sed
467 821 564 885 etiam
585 819 700 885 tertiae
723 821 940 884 etsecundae
967 820 1051 884 sedis
1074 819 1248 884 antistites.
1292 819 1334 887 In
1356 821 1408 886 liis
1427 845 1441 888 ι

249 947 355 990 rerum
376 923 548 1009 vestigatio
556 923 594 1009 ¹³)
617 922 840 1007 quaerebatur,
863 923 953 987 nulla
974 923 1124 988 facienda
1139 923 1276 988 concilia
1295 923 1441 1008 jactabar

250 1019 515 1113 subrogabantur
536 1025 701 1108 haeretici,
724 1047 818 1090 nemo
840 1026 1033 1090 resultabat:
1057 1026 1113 1090 sed
1133 1025 1223 1091 velut
1243 1029 1336 1091 muta
1350 1048 1441 1112 pecor

251 1131 433 1216 captionem
455 1129 567 1212 ducta,
594 1128 730 1193 subditis
751 1127 970 1193 voluntatibus
992 1127 1159 1212 perfidiam
1180 1129 1400 1196 sectabantur.
1439 1189 1441 1196 .

250 1233 366 1298 mirum
388 1232 531 1317 quidem,
560 1230 587 1294 si
608 1252 695 1295 nunc
717 1251 770 1295 eos
792 1230 963 1296 defendere
984 1230 1175 1314 moliantur,
1204 1252 1343 1316 quorum
1364 1231 1441 1298 indis

251 1358 320 1400 sam
348 1334 499 1420 caecis¹⁴)
526 1333 688 1398 mentibus
715 1334 815 1399 secuti
844 1336 921 1398 sunt
948 1333 1116 1398 vilitatem.
1167 1332 1231 1400 Sed
1257 1333 1424 1420 miramur,

251 1459 304 1502 eos
326 1458 392 1502 non
414 1437 534 1520 pudeat
554 1437 590 1500 in
611 1435 746 1524 istorum
767 1435 973 1501 damnatione
995 1436 1034 1501 de
1056 1435 1178 1520 synodo
1194 1458 1261 1502 non
1277 1436 1367 1502 facta
1381 1459 1441 1503 cau

216 1590 218 1594 Α
251 1560 348 1625 quum
375 1539 481 1604 sciant
502 1542 553 1603 tot
579 1542 749 1623 tantosque
776 1537 945 1622 pontifices
973 1537 1063 1603 nulla
1090 1538 1212 1624 synodo
1233 1537 1337 1604 fuisse
1358 1539 1441 1625 depul

251 1643 338 1728 inu)
361 1643 495 1706 istorum
516 1639 690 1727 rejectione
712 1640 751 1704 de
772 1662 838 1705 non
859 1640 942 1704 inito
964 1640 1100 1705 concilio
1117 1644 1372 1726 conqueruntur:
1401 1663 1441 1728 oq

251 1748 345 1809 scant
366 1767 417 1829 se,
447 1766 503 1809 cur
524 1766 591 1809 non
613 1747 645 1809 et
666 1743 727 1808 hoc
748 1745 783 1808 in
806 1744 940 1809 aliorum
968 1743 1142 1828 rejectione
1164 1743 1397 1829 quaesiverint,
1423 1767 1441 1809 a

252 1847 326 1912 sari.
372 1846 452 1930 siu)
480 1868 555 1912 vero
587 1846 621 1911 in
657 1849 835 1911 ceterorum
866 1846 1041 1931 rejectione
1074 1845 1210 1911 concilia
1242 1846 1422 1912 necessaria

251 1949 393 2033 fuerunt,
415 1971 475 2015 nec
496 1950 532 2015 in
553 1949 624 2014 istis
645 1949 826 2014 necessaria
846 1948 946 2013 fuisse
968 1951 1176 2035 cognoscant.
1214 1948 1270 2013 An
1291 1949 1328 2013 in
1350 1948 1441 2014 catho

251 2074 322 2116 rum
344 2051 522 2137 dejectione
549 2074 616 2117 non
643 2052 707 2117 luit
733 2073 812 2136 opus
835 2052 971 2136 synodo,
1010 2055 1042 2117 et
1069 2051 1132 2116 fuit
1163 2071 1360 2136 magnopere
1387 2072 1441 2118 con

252 2154 361 2241 ganda
382 2155 417 2219 in
439 2154 703 2240 praevaricatoris
725 2154 931 2219 damnatione
954 2153 1118 2219 confessi?

336 2259 367 2324 3.
405 2257 487 2334 Quid
520 2258 619 2342 igitur
641 2260 766 2341 restat,
800 2256 864 2321 nisi
893 2260 929 2321 ut
956 2256 1066 2322 dicant
1099 2256 1278 2321 haereticos
1304 2276 1375 2319 non
1400 2255 1441 2321 fui

252 2360 328 2426 Non
355 2382 431 2445 ergo
458 2360 497 2425 de
525 2359 646 2444 synodo
669 2367 905 2444 conquerantur
914 2358 953 2443 ¹⁷)
960 2410 969 2443 ,
1008 2359 1061 2444 qui
1090 2380 1123 2423 se
1151 2358 1260 2443 palam
1281 2358 1441 2443 {communi

254 2466 405 2528 externae
427 2461 599 2547 perhibent
621 2465 803 2527 sectatores.
838 2460 902 2527 our
916 2481 994 2546 ergo
1009 2461 1055 2525 eis
1070 2461 1210 2545 synodus
1225 2460 1441 2526 necessariat

252 2565 408 2648 videatur,
432 2563 486 2648 qui
509 2585 543 2628 se
565 2567 677 2629 eontra
693 2563 985 2629 Calchedonensem
1006 2563 1163 2647 synodum
1183 2563 1294 2629 venire
1309 2585 1441 2650 cognosc

253 2690 317 2753 qua
339 2666 561 2751 Eutychianus
583 2686 671 2730 error
693 2688 765 2730 cum
787 2667 852 2730 suis
876 2665 1058 2730 auctoribus
1080 2665 1242 2751 generalis
1257 2663 1425 2732 Ecclesiae

254 2770 425 2835 danmatus
447 2767 520 2833 est?
562 2767 631 2833 Nec
653 2768 793 2851 dubium,
823 2768 917 2852 quod,
948 2767 1079 2854 sicut¹⁸)
1107 2767 1141 2832 iu
1169 2789 1364 2854 unaquaque
1385 2768 1441 2834 bar

255 2873 353 2958 (quod
374 2870 608 2936 incessabiliter
629 2871 838 2955 repetendum
854 2872 913 2952 est,
937 2860 1012 2954 quia
1027 2870 1154 2935 firmum
1176 2891 1246 2934 esse
1261 2869 1371 2935 nullus
1385 2872 1441 2936 am

254 2973 482 3059 Christianus),
506 2995 616 3038 omnes
637 2972 817 3056 compliceS,
841 2976 1025 3055 sectatores,
1049 2973 1336 3037 communicatores
1352 2974 1441 3039 damr

254 3078 351 3143 semel
377 3077 546 3161 pravitatis
573 3076 644 3160 pari
671 3078 757 3140 sorte
786 3076 968 3140 censentur.
1012 3075 1150 3160 Ideoque
1172 3074 1216 3139 sit
1243 3096 1441 3160 consequens

253 3181 336 3245 sicut
350 3179 535 3244 timotheus
558 3182 653 3264 atque
668 3177 782 3242 Petrus
804 3177 917 3241 talium
936 3181 1110 3242 sectatores
1125 3177 1302 3242 secundum
1323 3177 1414 3244 illius
1434 3184 1441 3240 l

254 3304 321 3347 rem
354 3281 466 3368 synodi
494 3281 584 3345 nulla
612 3280 734 3345 recenti
760 3280 849 3344 facta
877 3280 1066 3364 pontificum
1093 3279 1348 3366 congregatione
1380 3281 1441 3347 dan

325 3488 356 3554 ¹¹)
374 3487 410 3540 D⁶
423 3486 451 3539 d¹
468 3491 519 3546 rei,
543 3483 590 3552 qui
612 3485 707 3540 tamen
729 3502 793 3540 mox
815 3505 899 3539 reram
916 3489 1048 3551 vestigatio
1072 3483 1256 3539 retinuerunt.
1290 3484 1441 3554 Utrobiqm

255 3571 382 3626 constant
399 3588 477 3636 mss.;
495 3586 586 3639 neque
602 3586 669 3625 varo
688 3571 723 3626 de
740 3587 795 3625 uno
812 3571 923 3624 tantum
941 3570 1085 3640 episcopo,
1107 3569 1156 3624 aed
1174 3569 1209 3625 de
1227 3570 1357 3641 pluribus
1374 3587 1390 3627 e
1408 3589 1441 3627 ru

255 3657 337 3711 bibus
355 3654 474 3726 expulsis
492 3654 679 3725 expostulatio
697 3657 746 3710 est.

323 3743 354 3808 ¹²)
373 3741 406 3794 0¹
420 3740 455 3795 Ο*
467 3743 491 3794 c¹
511 3746 642 3811 unicuique
660 3742 689 3795 et
706 3758 768 3795 cum
786 3742 812 3794 c⁵
826 3743 852 3795 c'
864 3743 889 3794 0⁹
903 3743 941 3794 c¹⁰
958 3744 1028 3793 sedis
1045 3744 1160 3794 anderes.

324 3827 354 3892 ¹³)
373 3825 407 3880 Ο*
421 3827 445 3879 0¹
463 3831 634 3895 investigatio,
652 3842 772 3894 moxque
790 3826 827 3879 Ι)δ
843 3828 1009 3880 conciliabula
1027 3825 1056 3878 et
1073 3826 1112 3878 0¹⁰
1127 3828 1308 3895 satrapeam.

325 3912 354 3978 ¹⁴)
373 3911 418 3965 lta
432 3911 468 3964 D¹
480 3911 517 3965 D⁴
528 3910 564 3964 m
575 3910 616 3964 l*m
628 3911 676 3977 Νὴ
695 3911 728 3966 0¹
742 3911 778 3966 0²
791 3913 815 3966 c¹
833 3932 850 3965 a
867 3901 918 3966 sels
935 3913 1064 3974 mentibus,
1081 3925 1202 3979 moxque
1221 3913 1247 3966 c⁵
1257 3915 1283 3966 c'
1294 3914 1322 3967 ο·
1334 3916 1373 3968 cl·
1384 3920 1441 3969 atili

255 3998 284 4051 d'
302 4004 451 4052 cometem
523 4002 598 4051 ettam
614 4017 669 4052 cam
685 4002 775 4050 sciant.

324 4083 354 4149 ¹⁵)
373 4082 398 4135 c⁵
411 4085 436 4136 cl
449 4084 486 4136 0¹⁰
503 4080 610 4136 addunt
631 4088 655 4136 ιι·
671 4082 706 4149 (0¹
725 4087 751 4136 ia
768 4087 871 4136 {sacrun
894 4086 1061 4148 dejectionem
1077 4086 1101 4135 ei
1117 4083 1169 4149 de).
1204 4082 1313 4137 Deinde
1332 4085 1359 4137 οι
1376 4089 1441 4152 dqp'e

304 4179 457 4236 copnooeanr
475 4187 544 4237 erqo.
573 4165 712 4222 Orationis
729 4165 877 4235 integritas
895 4181 951 4220 nou
963 4166 1063 4233 deerit,
1082 4164 1106 4218 si
1122 4183 1174 4236 pro
1187 4180 1379 4238 conqueruntur
1397 4170 1441 4241 lag

255 4263 531 4406 cumiiieilu⁴md1r1iittit
548 4337 656 4406 reliqua
673 4336 756 4406 hujus
774 4354 847 4391 num.
867 4343 890 4396 2.
926 4337 958 4391 ln
975 4336 1154 4404 sequentibus
1172 4336 1312 4394 D10²00
1331 4339 1441 4396 omittu

257 4430 332 4480 nodo.

325 4511 356 4578 ¹¹)
373 4510 402 4563 d¹
420 4519 609 4580 conqueruntur
679 4513 794 4567 videtur,-
812 4512 838 4561 c⁵
850 4511 875 4561 c⁰
889 4509 926 4561 c¹⁰
944 4508 1038 4562 autem
1054 4507 1161 4562 ibidem
1174 4512 1226 4562 Car
1236 4515 1314 4572 emm,
1333 4511 1363 4565 ct
1374 4508 1441 4566 dein

256 4595 286 4648 d¹
298 4595 328 4648 d*
345 4605 436 4650 contra
454 4599 680 4649 caletedcaemm
697 4599 802 4649 veniere.
832 4592 979 4661 Sequimur
996 4592 1025 4646 in
1041 4591 1181 4663 prioribus
1198 4611 1254 4649 mss
1270 4594 1309 4661 D,
1329 4595 1358 4649 in
1376 4594 1420 4650 bis
1435 4593 1441 4649 l

257 4679 339 4733 N³0¹
353 4678 395 4733 0¹.
433 4681 552 4749 Moxque
570 4678 689 4733 01ΟόΙ
708 4689 869 4748 repererant.
907 4683 973 4744 Quid
989 4682 1177 4747 Eurycliam,
1200 4696 1233 4735 ac
1251 4678 1351 4734 deiude
1370 4682 1435 4735 etc*

257 4783 312 4816 cam
328 4767 472 4819 emtoribus
489 4771 604 4833 generali
620 4769 753 4819 Ecclesiae
770 4785 830 4820 voce
848 4767 895 4833 (D⁵
912 4768 1051 4832 vocabulo).

328 4851 357 4915 18)
375 4846 427 4903 Hic
448 4849 600 4905 subticetur
617 4854 776 4919 Eutychiana
794 4870 885 4905 errore
902 4870 955 4904 cum
976 4856 1029 4904 suis
1051 4854 1197 4906 auctoribus
1220 4855 1348 4906 dame.
1380 4850 1441 4912 (1¹⁸

258 4935 384 4989 removet
399 4940 478 4996 sicar,
497 4936 525 4988 ct
542 4950 606 4988 mcx
624 4936 652 4989 οὓ
667 4951 744 5004 seqq.
775 4938 889 5005 Ideoque
904 4944 944 5003 fit.
