3204 5506
435 388 631 438 nrrsroasa
654 378 704 438 35.
729 379 780 438 36.
1178 375 1241 440 811

112 541 273 627 apostolus
288 541 403 606 Petras
424 542 537 607 melius
559 543 623 607 illis
646 563 714 608 esse
728 543 970 628 praedicaverit,
994 547 1111 609 utnon
1127 567 1242 631 cogno-
1255 573 1280 611 a.
1291 562 1349 611 517.

100 644 203 708 rviam
221 644 378 728 justitiae,
403 668 498 730 quam
515 650 743 731 cognoscentes
757 649 930 710 retrorsum
945 646 1069 711 reflecti
1090 669 1109 711 a
1124 647 1244 714 tradito
1256 625 1355 747 ²21³{lf‘

100 749 178 811 ncto
206 747 368 811 mandato.
418 748 458 812 In
486 752 597 831 aperto
626 752 689 831 est,
718 771 780 834 qua
802 749 983 833 pertinacia
1003 749 1142 813 traditae
1170 750 1244 815 fidei
1290 735 1296 760 '

114 848 296 913 constantia
319 850 486 933 custodiri,
522 852 547 913 si
576 850 772 914 tolerabilius
800 854 850 914 est
875 850 911 915 in
934 873 1039 916 errore
1061 852 1242 936 persistere,

100 949 407 1035 coinquinationibus
428 972 553 1016 rursum
560 955 672 1036 ,quas
694 952 765 1036 quis
787 953 919 1037 fugerit,
943 953 1111 1038 implicari.
1157 953 1243 1018 Data

100 1050 169 1116 [dus
183 1053 316 1137 Aprilis,
341 1055 484 1140 Agapito
499 1055 568 1119 viro
589 1054 764 1119 clarissimo
786 1055 926 1139 consule,
949 1057 1040 1142 perl)
1062 1055 1244 1122 Pullionem

100 1174 217 1220 conum.

477 1327 658 1431 Epistola
684 1329 744 1412 36.

100 1479 187 1547 ledae
210 1495 321 1564 papae
343 1478 387 1546 ad
408 1480 634 1546 Borotheum
656 1480 859 1566 episcopum
880 1482 1240 1551 Thessalonicensem.
1254 1513 1278 1551 a.
1293 1504 1342 1552 arr
1356 1497 1381 1550 d.

196 1621 236 1671 Ne
253 1621 392 1672 lahantem
408 1619 612 1686 Nicopolitanum
629 1624 697 1671 ultra
712 1622 844 1686 facessere
859 1630 1017 1688 praesumat,
1255 1573 1285 1621 ¹2
1296 1566 1382 1636 Alffll·

103 1795 105 1799 ,
128 1752 338 1818 Hormisda
362 1756 570 1839 episcopus
592 1754 793 1819 Dorothco
823 1757 1009 1842 episcopo
1031 1756 1243 1823 Thessalo.

221 1877 389 1920 ulcensu

135 1973 301 2040 Johannes
327 1975 429 2040 frater
462 1980 494 2041 ct
523 1977 727 2061 coepiscopus
759 1998 847 2042 meus
879 1976 1123 2061 Nicopolitanae
1155 1980 1243 2044 urbis

100 2098 113 2140 s
142 2098 213 2140 curn
236 2077 356 2161 synodo
383 2100 441 2141 sua
462 2076 565 2143 vuariis
594 2100 628 2143 se
657 2079 917 2144 concussionibus
946 2083 1041 2165 atque
1069 2081 1244 2166 dispendiis

100 2202 119 2242 r
146 2181 296 2243 causatur
324 2179 443 2265 affligi,
475 2181 559 2265 quod
587 2204 606 2244 a
635 2184 908 2266 transgressorum
936 2183 1089 2247 societate
1112 2182 1241 2266 divisus,

100 2303 146 2345 arn
169 2281 424 2346 communionem
446 2283 738 2367 sedisapostolicae
758 2284 902 2368 emeruit,
926 2285 967 2348 ad
981 2283 1244 2349 Thessalonicen·

100 2383 255 2448 ecclesiam
282 2383 492 2448 ordinationis
520 2406 596 2449 suae
624 2385 743 2450 indicia
752 2386 776 2471 ¹)
805 2408 872 2450 non
904 2386 1029 2451 direxit.
1084 2386 1245 2452 Potuisset

100 2507 143 2550 us
165 2484 218 2549 hic
241 2507 309 2550 esse
332 2486 499 2570 culpabilis
506 2487 571 2569 ,·si
594 2509 692 2551 unum
715 2491 798 2552 esset
819 2489 905 2552 inter
926 2509 1035 2553 omnes
1057 2490 1244 2572 mysterium

100 2589 132 2652 is.
170 2589 217 2651 At
238 2611 335 2672 quum
357 2589 451 2653 multi
476 2610 509 2652 se
532 2612 551 2652 a
572 2593 681 2672 petrae
703 2589 799 2673 illius,
824 2612 906 2674 quae
921 2590 1066 2656 Christus
1089 2594 1148 2674 est,
1172 2592 1244 2656 soli-

100 2689 285 2772 diviserint,
308 2691 379 2775 quis
401 2712 466 2754 uon
489 2690 568 2756 velit
590 2691 630 2754 ab
654 2693 830 2756 errantium
853 2692 1079 2776 conjunctione
1094 2693 1243 2777 discerni,

100 2795 194 2856 eatur
217 2792 360 2857 cumbis
383 2793 437 2877 qui
459 2793 640 2857 consistunt
661 2794 696 2857 in
718 2795 854 2858 veritate
877 2794 1056 2879 conjungi?
1088 2794 1163 2859 Non
1184 2796 1244 2880 igi-

100 2895 246 2957 1suetudo
268 2897 317 2958 est
338 2895 498 2979 neglecta,
522 2894 576 2957 sed
599 2895 701 2958 vitata
717 2897 878 2981 contagia.
917 2896 1006 2982 Ergo
1020 2897 1158 2979 objicere
1174 2897 1244 2981 quis

100 3016 255 3079 errorem,
293 2997 347 3061 ubi
370 2997 546 3081 cogitatam
573 2997 744 3061 salubriter
770 2998 926 3083 intelligit
952 2999 1157 3062 cautionem?
1199 2999 1246 3064 At

101 3099 164 3162 uod
188 3098 341 3163 debueras
363 3099 485 3183 primus
515 3120 690 3181 assumere,
722 3100 926 3164 credebamus
954 3104 986 3164 te
1013 3101 1104 3183 sequi
1131 3101 1245 3164 saltem

100 3202 177 3265 iana
200 3201 345 3285 exempla
368 3201 518 3284 potuisse.
562 3200 637 3264 Non
666 3201 786 3265 sufficit
812 3203 848 3266 in
875 3203 1018 3286 lapsibus
1045 3223 1150 3284 mora,
1182 3203 1246 3267 uisi

100 3301 297 3368 rehensionis
322 3303 481 3367 cumulum
505 3304 589 3367 circa
611 3324 666 3366 eos
688 3325 829 3387 quoque,
853 3304 906 3387 qui
929 3304 970 3367 ad
992 3304 1076 3367 viam
1098 3304 1243 3389 redeunt,

100 3404 279 3469 tinvidia?
315 3404 396 3480 Quid
418 3405 516 3488 aliud,
539 3428 635 3489 quam
657 3405 743 3468 beati
759 3404 857 3488 Petri,
881 3406 966 3489 quod
988 3407 1057 3469 sine
1079 3406 1246 3490 impietate

100 3529 127 3570 ui
149 3509 270 3591 potest,
295 3508 401 3589 ipsum
423 3507 506 3591 quod
535 3530 553 3570 a
576 3506 713 3570 Domino
742 3507 852 3570 datum
879 3510 928 3571 est
957 3530 1075 3572 nomen
1097 3509 1243 3591 odenmt,

100 3630 105 3672 ι
128 3609 183 3692 qui
205 3608 246 3672 ad
268 3609 352 3673 sedis
374 3609 475 3694 ipsius
499 3609 615 3672 altaria
638 3609 830 3692 confugiunt
850 3609 1087 3693 insequuntur?

127 3709 198 3786 Quo
220 3710 350 3794 pudore,
374 3732 463 3795 rogo,
486 3710 655 3796 privilegia
678 3711 762 3775 circa
784 3715 817 3774 tc
838 3711 966 3775 illorum
980 3734 1110 3777 manere
1126 3713 1245 3778 deside-

100 3834 203 3876 rorum
224 3813 377 3877 mandata
399 3836 465 3877 non
487 3835 609 3895 servas,
639 3817 672 3878 et
690 3813 902 3877 reverentiam
922 3825 1018 3898 quam
1032 3836 1099 3878 non
1115 3815 1245 3879 exhibes

100 3914 187 3998 cupis
214 3915 275 3978 tibi
302 3915 362 3978 sub
390 3915 607 3979 ecclesiastica
634 3917 794 3999 potestate
822 3915 962 3979 deferri?
1005 3915 1039 3980 si
1069 3917 1104 3980 in
1132 3916 1245 3980 iisdem

100 4017 137 4100 is,
161 4016 275 4102 quibus
299 4016 450 4081 catholici
472 4018 635 4099 nituntur,
659 4017 840 4098 insisteres,
869 4016 1113 4081 insectationem
1134 4020 1245 4081 tamen

100 4119 114 4182 i
134 4118 237 4183 vitare
260 4119 401 4202 deberes,
426 4119 529 4182 sciens
551 4118 724 4183 secundum
739 4116 872 4181 Domini·
892 4121 994 4182 nostri
1010 4122 1042 4183 et
1057 4118 1242 4202 Salvatoris,

100 4220 236 4303 colimuS,
261 4221 411 4285 instituta
434 4244 515 4302 eum,
544 4221 598 4304 qui
621 4220 887 4284 scandalizaverit
908 4243 1008 4284 unum
1030 4222 1069 4285 de
1091 4220 1242 4304 minimis,
1255 4238 1356 4296 matth,

100 4345 150 4387 um
171 4323 299 4407 magnis
322 4345 391 4387 esse
413 4323 563 4407 peccatis.
609 4321 673 4387 Ubi
696 4326 753 4404 est,
778 4321 923 4404 Domine,
947 4320 1121 4403 humilitas,
1149 4345 1245 4407 quam
1258 4314 1340 4428 1¹3³&

100 4425 240 4490 ccasione
276 4425 503 4509 discipulorum
535 4428 664 4488 tuorum
697 4423 889 4488 certantium
922 4424 960 4486 de
992 4423 1051 4486 loci
1089 4424 1244 4508 qualitate
1291 4416 1297 4440 ’
1342 4392 1368 4442 q.

100 4612 127 4664 ta
145 4609 189 4665 (3¹.
224 4611 280 4664 Alii
299 4611 387 4664 omitt.
406 4632 455 4680 per
475 4617 610 4666 Pollionem
627 4615 813 4666 subdiaconum.

100 4694 135 4749 ld.
153 4701 235 4749 initia.
271 4695 335 4749 Mox
353 4696 371 4749 b
391 4704 517 4763 aeplectus
533 4702 571 4750 sic
589 4716 652 4755 esse,
671 4695 705 4748 al.
726 4694 815 4748 omitt.
829 4700 876 4750 dic.
906 4695 972 4750 Ideo
990 4696 1083 4749 autem
1098 4693 1244 4764 culpabilis

100 4780 286 4850 sncglectus‚
305 4779 383 4848 quia,
403 4784 434 4834 ut
452 4781 597 4835 constituit
612 4780 669 4834 Leo
688 4781 767 4849 epist.
784 4786 815 4832 14
833 4797 854 4834 c.
869 4787 897 4843 ὓ,
919 4779 1125 4849 provinciarum
1142 4778 1244 4848 lllyrici

100 4864 187 4918 ›litani
210 4865 319 4919 nonnisi
342 4883 404 4919 cum
423 4864 674 4920 Thessalonicensis
697 4864 828 4919 antistitis
850 4864 952 4921 notitia
969 4867 998 4919 et
1019 4881 1154 4918 consensu
1172 4864 1244 4918 ordi·

100 4951 167 5005 rant.
