3204 5506
219 325 284 390 470
368 302 383 344 ⁸
692 336 1013 386 sensissemus

392 446 399 469 .

122 501 208 552 atos
221 500 254 560 et
276 494 432 577 Bonosus,
456 493 511 578 qui
533 493 628 558 simili
652 513 757 556 errore
780 491 977 573 tlcfccerunt,
1001 490 1176 556 Montanus
1199 513 1324 576 qnoque
1340 514 1408 557 cum
1437 524 1497 571 su

115 570 206 621 496.

221 596 477 662 obscoenissimis
494 595 693 680 sequacibus,
710 593 920 678 Apollinaris,
929 593 1134 677 Valentinus,
1151 593 1219 658 sive
1226 595 1267 679 81)
1283 595 1497 670 Manichaen

222 701 359 764 Faustus
382 698 569 780 Africanus,
594 696 764 778 Sabellius,
788 696 897 778 Arius,
920 695 1140 778 Macedonius,
1165 695 1405 783 eunomiane),
1431 704 1497 770 No

222 806 325 884 vatus,
350 800 582 886 sabbatiae),
607 798 842 884 caelestiae),
867 799 1024 881 Donatus,
1041 798 1272 884 Eustasius⁸⁸),
1289 799 1496 880 Jovinianus,

222 903 389 988 Pelagius,
418 902 569 967 Julianus
595 901 851 987 Eetanensisssl),
889 901 1130 985 (palestinae),
1162 901 1393 986 Maximianus,
1418 901 1494 970 Pn'·

290 1077 322 1142 84)
340 1073 377 1127 ΗΒ
396 1077 491 1127 Arrius
508 1079 560 1127 sive
578 1076 753 1125 Manichacus.
788 1071 909 1139 Moxque
931 1071 1000 1126 duas
1018 1087 1099 1125 voces
1118 1075 1229 1126 Faustus
1247 1075 1397 1139 Africanus,
1411 1077 1494 1142 (111³le

222 1161 250 1213 in
267 1159 345 1229 prius
362 1157 484 1227 vulgatis
502 1157 612 1227 virgula
628 1157 778 1225 interjecta
799 1158 977 1226 separantur,
1000 1156 1211 1225 conjungendas
1234 1159 1376 1227 putamus,
1398 1157 1496 1222 coelue

222 1246 306 1315 pacto
324 1244 458 1298 Faustum
476 1242 647 1297 haereticum
659 1241 853 1296 Manichaeum
871 1241 1033 1295 distinctum
1052 1259 1118 1307 esse,
1137 1241 1185 1311 qui
1204 1260 1237 1296 ex
1249 1243 1345 1298 Africa
1361 1233 1497 1297 orinrulm

223 1331 296 1395 crat,
319 1346 337 1383 a
353 1328 457 1382 Fausto
476 1327 569 1393 Gallo,
599 1328 647 1396 qni
674 1326 727 1381 etsi
745 1325 1034 1395 Semipelagianorum
1061 1325 1116 1380 dux
1139 1328 1169 1381 et
1190 1327 1396 1396 antesignanus,
1413 1325 1497 1383 nu]

223 1432 307 1485 quam
325 1416 420 1468 tamen
438 1413 596 1468 haereticus
615 1411 728 1465 audivit.

290 1502 323 1568 85)
343 1503 369 1554 Γ
385 1503 529 1560 Conoaias,
553 1497 681 1577 exempla
697 1496 862 1551 Hormisdac
881 1501 1018 1551 Eunonsius
1038 1501 1183 1565 Conantur,
1212 1499 1360 1555 oscitantia
1375 1497 1497 1554 librat

224 1585 271 1653 qui
289 1584 430 1654 duplicem
448 1583 527 1637 unius
545 1582 640 1637 vocius
657 1582 806 1636 lectionem
824 1581 905 1636 simul
919 1582 1070 1660 usuqaavit,
1089 1600 1175 1650 quum
1189 1602 1274 1638 unum
1286 1589 1399 1640 Eunoni
1408 1584 1497 1638 soc

175 1657 177 1665 ἱ
223 1669 320 1724 bulum
337 1668 515 1723 retinendum
532 1667 637 1722 fuisset.
651 1698 683 1705 --
701 1666 808 1721 Deinde
820 1667 849 1721 in
860 1667 958 1721 iisdem
971 1667 1104 1738 exemplis
1114 1673 1246 1724 Nanneius.
1269 1670 1360 1739 Magis
1370 1670 1497 1740 place!

225 1760 390 1818 Noratianas,
410 1753 491 1822 hiijus
509 1752 583 1808 enim
601 1756 669 1807 ncta
686 1754 751 1806 sunt
768 1751 880 1822 scripta,
899 1769 956 1807 non
973 1752 1089 1819 Novati;
1107 1753 1156 1807 scd
1173 1753 1278 1808 Novati
1290 1755 1497 1825 Novatiauisp

224 1838 347 1894 nomima
368 1855 452 1907 saepo
474 1839 548 1908 apud
573 1837 701 1905 antiquos
723 1837 890 1907 praesertim
909 1838 1030 1892 Graecos
1057 1838 1188 1892 confundi
1211 1839 1417 1895 usitatimimum
1435 1854 1497 1896 (Ξ

225 1927 250 1979 Is
269 1926 344 1978 certe
363 1923 407 1978 hic
424 1924 548 1990 notatur,
568 1940 651 1992 quem
663 1922 849 1990 Hieronymus
868 1923 947 1992 epist.
962 1930 995 1977 t‘l
1014 1923 1050 1978 ad
1065 1924 1289 2002 Tranquillinum
1307 1925 1431 1995 designat
1444 1914 1497 1978 Ι

224 2009 329 2064 verbis:
350 2013 405 2078 Epo
419 2011 551 2075 Oripenens
566 2021 678 2078 propter
690 2013 856 2061 eruditionem
874 2014 998 2063 interdum
1010 2015 1140 2077 tepentium
1152 2013 1275 2072 arbiter,
1294 2018 1414 2081 quomodo
1429 2007 1497 2065 ΓΕ

224 2101 360 2158 tullianam,
380 2098 405 2148 N
409 2104 545 2151 enataret
563 2093 611 2147 ubl
630 2093 716 2147 etiam
735 2098 901 2147 tt'coatianum
919 2093 1070 2148 memorari
1088 2093 1288 2149 existimamus.

291 2183 324 2247 ⁸⁶)
343 2178 375 2233 Οι
387 2180 546 2245 Santtactus,
564 2179 601 2232 Ηι
613 2178 647 2232 F'
666 2181 694 2232 et
712 2178 759 2232 alii
777 2180 883 2248 septem
897 2181 1031 2232 Sabostius
1053 2181 1103 2234 aut
1115 2183 1273 2235 Sattaatius.
1310 2181 1497 2236 Retinend-

225 2284 288 2320 cum
305 2265 339 2319 F<¹
351 2264 392 2318 Fe
403 2264 437 2317 F*
448 2265 486 2318 Η8
497 2265 536 2319 X*
555 2266 584 2318 ct
602 2263 683 2318 editis
696 2268 838 2324 Sabostius,
859 2263 961 2330 dequo
975 2262 1104 2318 Socrates
1115 2264 1189 2318 lin.
1198 2265 1271 2331 V,21
1290 2267 1320 2320 ct
1331 2265 1427 2332 VIth
1442 2279 1497 2320 ι

225 2368 281 2404 non
299 2350 466 2404 Sozomcnus
484 2349 518 2402 H.
531 2349 562 2402 E.
582 2349 643 2415 vll,
659 2354 689 2402 18
712 2349 794 2418 plura
812 2347 936 2401 narrant.
976 2348 1002 2401 ls
1025 2364 1059 2402 ex
1076 2348 1185 2403 Judaeo
1207 2351 1298 2404 iactare
1317 2349 1497 2405 Christian-

226 2439 255 2490 et
266 2454 284 2491 a
294 2434 436 2490 Marciano
448 2434 670 2489 Novatianorum
687 2434 716 2487 in
728 2433 807 2502 regia
822 2433 890 2487 urbe
903 2432 1035 2503 episcopo
1047 2435 1196 2503 presbyter
1208 2435 1362 2503 ordinatus,
1379 2435 1497 2490 Juda-

226 2539 287 2575 rum
309 2519 486 2574 nihilominus
508 2519 632 2589 opinioni
654 2518 778 2572 studiose
800 2519 978 2574 inserviebat.
1023 2518 1114 2584 Qumn
1142 2521 1292 2589 praeterea
1322 2520 1497 2591 episcopas-

227 2604 379 2675 cupiditato
397 2604 526 2658 incensus
544 2606 625 2669 esset,
641 2603 779 2673 paschalis
798 2604 861 2658 festi
880 2622 963 2658 causa
981 2622 998 2658 a
1014 2604 1179 2658 Novatianis
1198 2605 1319 2673 secessit,
1339 2621 1497 2673 eorum(-

227 2689 274 2759 qui
292 2690 410 2744 schisma
427 2688 513 2759 ipsius
531 2689 727 2756 sequebantur,
745 2689 892 2759 episcopus
911 2693 953 2743 est
971 2689 1146 2744 constitutus.
1174 2690 1263 2744 Addit
1274 2690 1406 2746 Socrates
1417 2691 1491 2745 tt-

226 2775 285 2842 Vll,
295 2781 336 2841 25,
354 2791 418 2829 eum
435 2775 464 2828 in
476 2775 595 2829 insulam
608 2774 737 2829 Rhodum
756 2774 919 2843 relegatum,
937 2774 978 2829 ibi
993 2776 1112 2849 mortem
1125 2775 1239 2842 obiisse3
1257 2776 1308 2831 sed
1320 2759 1408 2845 quani
1416 2774 1497 2831 se]

227 2859 321 2915 matici
339 2858 425 2929 ipsius
445 2861 537 2913 sectae
555 2859 660 2913 addicti
683 2859 803 2913 cadaimr
827 2859 886 2928 ejus
909 2859 973 2913 inde
992 2858 1262 2930 Constantinopolim
1284 2861 1497 2916 &malisse

226 2962 260 2999 ac
277 2961 360 3014 super
377 2944 514 2998 tumulum
533 2944 592 3013 ejus
611 2961 691 2998 orare
709 2944 844 3009 solerent,
871 2944 994 2998 Atticum
1013 2961 1128 3014 operam
1146 2945 1268 3012 dedisse,
1290 2947 1371 3002 utin
1387 2947 1452 3002 alio

227 3029 323 3099 pulcro
341 3030 424 3083 noctu
443 3029 669 3084 absconderetur.

295 3117 326 3181 87)
346 3113 377 3168 0¹
390 3114 474 3167 H⁸cl⁰
492 3132 554 3168 cum
573 3114 705 3184 exemplis
723 3100 888 3168 Hormisdac
906 3119 1034 3176 Cattisau,
1056 3114 1091 3167 lu
1104 3115 1145 3168 Fm
1157 3115 1196 3169 X*t
1219 3121 1339 3175 catatu.
1378 3118 1414 3195 Jn
1429 3131 1497 3170 aa

227 3213 283 3268 quo
301 3198 414 3267 quidem
432 3197 678 3252 Pseudo-silvestri
699 3216 791 3268 papae
815 3199 978 3265 constituto,
1002 3201 1077 3267 quod
1095 3200 1274 3256 Constantius
1295 3202 1325 3257 in
1347 3198 1497 3275 append

227 3284 320 3339 tomI
339 3284 419 3354 epist.
434 3285 550 3338 Roman.
564 3282 663 3353 pontif.
677 3283 773 3350 edidit,
791 3291 845 3337 nh
862 3284 978 3352 legitur:
1000 3289 1107 3338 Calistua
1125 3292 1161 3339 ita
1179 3293 1265 3342 decim
1278 3291 1497 3346 Salelttansn,

228 3374 336 3423 architria
357 3389 404 3424 suo
424 3381 506 3423 suniat
528 3390 601 3422 atram
618 3389 754 3437 personam
780 3389 836 3424 esse
859 3373 1000 3426 Trinitatis.
1037 3369 1092 3424 Sed
1110 3371 1267 3440 subjectum
1286 3379 1385 3429 Donati
1400 3385 1497 3428 nott

229 3471 292 3507 eum
315 3454 360 3508 hic
381 3453 474 3525 potius
497 3453 637 3522 designari
654 3454 817 3523 persuadet,
844 3453 892 3523 qui
915 3472 971 3508 una
995 3472 1058 3508 cum
1080 3455 1167 3509 Botro
1185 3456 1398 3514 Donatistarum
1418 3451 1497 3513 acl

229 3539 300 3593 mati
324 3538 461 3608 originem
479 3538 569 3605 dedit,
600 3538 634 3592 dc
653 3554 708 3606 quo
727 3539 847 3609 Optatus
865 3539 899 3592 de
918 3539 1026 3594 schism.
1045 3541 1212 3595 DonatistI
1229 3543 1340 3598 scribit:
1364 3548 1497 3600 satra

231 3628 351 3687 celestus,
369 3636 397 3677 ut
415 3630 514 3685 dicitnr,
534 3630 605 3692 apud
616 3629 794 3691 Cartdapinern
806 3631 925 3679 ordinari
935 3633 1074 3694 eripientes,
1091 3645 1197 3696 operam
1215 3633 1350 3698 dederunt,
1370 3641 1398 3684 st
1412 3629 1497 3683 au

230 3713 295 3762 tibus
308 3713 423 3762 ll'utaidis
440 3714 490 3762 soli
506 3713 582 3762 uicini
599 3715 714 3778 episcopi
730 3714 887 3779 peterentur,
907 3717 950 3780 qui
962 3716 1147 3766 ordinationem
1159 3719 1230 3781 apud
1242 3718 1420 3782 Cartbapinen
1449 3727 1497 3763 ed

230 3797 344 3847 tranent.
378 3797 438 3846 ihm
455 3798 580 3862 suffrcpio
598 3800 675 3848 totius
692 3802 782 3864 populi
800 3800 958 3850 Caecilianus
975 3800 1084 3865 stipitur.
1114 3800 1214 3853 Botrus
1231 3810 1257 3853 et
1270 3804 1384 3855 Celusius
1399 3812 1464 3869 spa
1476 3827 1497 3851 a

230 3884 361 3946 rtejectus,·
384 3878 456 3932 unde
474 3877 631 3933 schismatis
649 3896 732 3934 causa
755 3881 887 3948 conflata,
911 3899 996 3949 quam
1017 3880 1123 3936 ibidem
1141 3881 1262 3953 Optatus
1285 3884 1414 3956 explicat.
1475 3872 1497 3920 ⁴

230 3965 324 4019 autem
348 3964 383 4019 ab
403 3963 507 4033 Optato
528 3968 650 4024 Celesias,
681 3965 717 4019 ab
735 3966 890 4035 Augustino
913 3967 942 4020 in
964 3967 1072 4037 psalmo
1095 3968 1270 4023 Abeeedaric
1294 3972 1393 4025 contre
1412 3967 1495 4024 Do

230 4049 312 4104 tisias
332 4054 453 4104 Cetestita
475 4051 659 4119 nuncupatur.
708 4049 841 4104 Similiter
863 4052 961 4122 legunt
983 4055 1008 4106 ο1
1027 4056 1161 4114 Celcsttaa,
1192 4054 1219 4106 a¹
1234 4056 1260 4107 c²
1277 4071 1336 4124 seq.
1357 4050 1495 4110 caelest

231 4133 625 4200 &tarentasiensis
644 4134 691 4190 alii
711 4141 831 4198 Celestns,
849 4155 913 4190 mss.
933 4138 955 4192 0
976 4143 1098 4200 Celertas,
1117 4138 1155 4192 H⁸
1166 4137 1200 4191 F²
1217 4141 1312 4194 totum
1328 4130 1497 4195 omittunt

298 4222 331 4288 εἐ)
349 4221 393 4274 ia
414 4219 538 4288 potiores
561 4238 625 4274 ma.
645 4220 740 4288 (enam
759 4221 810 4290 a).
853 4221 885 4275 c²
896 4223 930 4275 su
943 4223 977 4276 nv
989 4223 1025 4276 ic
1037 4223 1060 4276 1c
1072 4223 1109 4277 a·
1133 4228 1280 4281 aalma.
1321 4225 1413 4280 onum
1440 4208 1497 4271 Β

231 4304 337 4359 mistiae
356 4321 418 4358 cum
435 4305 691 4369 recenseantur,
709 4306 778 4362 Fet*
794 4312 934 4371 Eustatias,
953 4308 1033 4361 F²¹0¹
1045 4308 1162 4363 O’Xla'
1177 4326 1208 4363 cc
1225 4314 1385 4365 Eustattias.
1419 4303 1497 4360 1¹0

231 4389 277 4443 hic
294 4392 407 4444 notatur
425 4389 594 4444 Sebastenus
611 4390 657 4444 ille
681 4391 838 4462 episcopus,
858 4394 935 4462 cujus
952 4410 1054 4447 nomen
1073 4394 1278 4449 ecclesiasticae
1296 4395 1429 4450 historiae
1451 4394 1497 4436 ¹³

231 4473 361 4529 nimcutis
380 4475 600 4545 nominatimque
617 4476 646 4529 in
665 4477 788 4546 epistolis
806 4477 901 4533 Basilii
919 4479 1014 4549 magni
1032 4479 1099 4534 satis
1118 4479 1228 4534 celebre
1246 4484 1299 4534 cst

300 4563 332 4629 ⁸⁰)
350 4560 384 4614 F'
397 4564 489 4626 Elone,
508 4561 545 4614 Κ*
557 4561 592 4615 0⁰
605 4564 632 4616 a¹
646 4579 676 4616 cc
695 4567 848 4629 Celarensis,
866 4563 898 4617 θ’
913 4569 1078 4626 Celurnensist
1096 4565 1282 4620 emcndantur
1295 4583 1329 4621 cx
1341 4565 1400 4620 aliis
1410 4559 1497 4616 ab]

235 4644 313 4699 Hunc
329 4645 471 4699 lulianum
487 4647 591 4701 Marius
603 4647 742 4702 Mercator
761 4649 826 4702 edit.
841 4649 934 4703 Baluz.
953 4668 1018 4720 pag.
1033 4657 1067 4705 40
1084 4652 1166 4705 vocat
1184 4656 1365 4720 exepiscopus
1376 4650 1497 4703 tiela-⁴

230 4735 269 4784 sie
280 4736 379 4799 oppidi,
397 4736 549 4786 laaeocam
561 4739 725 4801 Pelopianum
736 4754 781 4789 seu
794 4738 985 4796 Caelestianunr,
1006 4737 1035 4790 et
1045 4753 1110 4805 pag.
1123 4742 1172 4790 119
1184 4741 1352 4805 exepiscopo
1363 4735 1497 4788 Μεθ’

233 4819 310 4882 tuitus
326 4820 441 4870 haeresis
458 4823 606 4886 alpaiserum
623 4829 649 4872 et
666 4826 864 4888 antesipnanum.
900 4820 1048 4889 Augustini
1066 4820 1176 4891 scriptis
1193 4819 1352 4876 nafisdmus
1367 4819 1408 4873 est
1464 4888 1476 4894 Α

302 4900 530 4970 ⁹⁰)10a1c2scq.
552 4907 716 4961 Caelestinus.
752 4904 852 4959 Verius
870 4905 917 4960 ulii
935 4923 999 4960 mss.
1018 4909 1048 4960 et
1065 4909 1090 4961 c¹
1109 4912 1260 4970 Caelestius,
1285 4902 1419 4976 primarius
1447 4899 1497 4945 θα
