3204 5506
228 347 292 410 264
373 359 379 373 ⁴
684 362 711 407 a.
731 360 864 436 varicis¹
889 360 913 406 ιι
937 359 1049 407 aaran
1095 413 1098 420 ¹

124 539 209 588 arar
228 517 425 598 submittere,
450 516 503 599 qui
526 536 598 578 curn
622 536 687 578 non
709 514 886 578 timuerunt
910 514 1081 597 abnegare.
1133 512 1264 596 Quodsi,
1289 515 1399 597 utpote
1418 483 1538 576 snos

119 604 330 700 et'um-tales,
352 618 437 681 intra
465 620 567 680 metas
595 616 786 699 praescripti
814 616 966 698 temporis
994 615 1135 699 coeperit
1162 615 1249 679 vitae
1275 615 1352 679 finis
1375 591 1524 700 urgctffs

228 719 480 784 subveniendum
504 722 552 781 est
575 718 771 801 imploranti,
802 721 834 781 et
862 739 918 781 seu
941 718 981 782 ab
1004 718 1163 802 episcope,
1191 718 1247 801 qui
1268 710 1499 802 poenitentiali

228 822 361 904 dederit,
386 844 441 885 sen
464 821 504 883 ab
527 821 600 902 aliu,
628 821 681 904 qui
704 823 813 883 tamen
837 820 945 882 dictam
968 841 1036 882 esse
1058 819 1251 903 probaverit,
1276 822 1334 883 aut
1356 817 1486 883 similiter

228 948 247 988 a
269 924 455 1008 presbytero
478 923 630 987 viaticum
653 922 783 986 abeunti
806 922 844 985 de
867 922 993 985 saeculo
1015 907 1081 985 noir
1103 925 1251 1006 negetur.

783 1092 864 1157 car.
888 1091 945 1155 iv.

316 1217 344 1278 i.
383 1215 495 1278 Pueris
519 1217 636 1294 autern,
666 1212 791 1296 quibus,
821 1211 903 1295 quod
927 1211 1030 1274 adhuc
1052 1211 1192 1275 investes
1201 1211 1241 1297 ³⁰)
1264 1214 1354 1294 suut,
1381 1233 1401 1274 a
1423 1210 1507 1296 puri·

222 1321 296 1382 tate
320 1317 507 1381 vocabulum
532 1319 590 1397 est,
616 1337 670 1377 seu
687 1314 810 1378 clericis
826 1336 880 1377 seu
896 1314 998 1396 laicis,
1017 1317 1073 1377 aut
1091 1313 1188 1377 etiam
1203 1313 1364 1377 similibus
1381 1313 1508 1398 puellis,

231 1420 344 1503 quibus
375 1418 561 1503 ignorantia
587 1414 782 1500 suffragatur
810 1416 937 1497 aetalia,
967 1415 1161 1500 aliquamdiu
1185 1417 1243 1480 sub
1265 1437 1387 1480 manus
1410 1415 1513 1501 impe

229 1522 345 1585 sitione
376 1519 513 1583 detentis
543 1518 704 1582 reddenda
736 1518 914 1583 communio
943 1522 1001 1582 est.
1053 1518 1122 1581 Nec
1150 1539 1258 1582 eorum
1287 1516 1515 1602 exspectanda

230 1621 441 1707 poenitentia,
471 1643 548 1705 qnos
578 1620 698 1703 excipit
725 1643 744 1682 a
773 1619 964 1683 coercitione
988 1642 1132 1684 censura.
1179 1619 1269 1694 Quod
1299 1622 1350 1684 est
1375 1641 1397 1684 a
1419 1619 1518 1685 nobis

231 1724 361 1808 provide
385 1723 604 1803 constitutum,
629 1744 669 1785 ne
685 1722 729 1803 hi,
753 1722 868 1806 quibus
891 1722 924 1784 in
946 1722 1069 1785 terreni
1092 1723 1164 1786 labe
1187 1722 1331 1807 contagii
1356 1721 1435 1806 plns
1458 1721 1518 1787 mi·

231 1847 331 1890 nosve
361 1828 462 1889 restat
490 1825 663 1906 advitam,
693 1824 766 1887 dum
790 1823 892 1886 adhuc
917 1824 949 1886 in
972 1809 1173 1907 poenitentia
1195 1826 1281 1906 sunt,
1309 1822 1528 1907 poenitenda

231 1929 314 1991 forte
338 1927 551 1991 committant.
595 1925 713 2007 Quodsi
737 1928 812 1988 ante
834 1924 1040 2008 praefinitum
1062 1926 1281 2008 poenitentiae
1303 1929 1441 2011 tempus
1464 1924 1518 1991 de·

232 2030 409 2114 spectns³¹)
433 2052 451 2091 a
474 2028 605 2092 medicis
629 2030 684 2090 aut
706 2028 905 2090 evidentibus
928 2027 1039 2090 mortis
1061 2049 1189 2111 pressus
1211 2027 1357 2111 indiciis,-
1381 2016 1519 2113 recepta

232 2133 398 2216 quisquam
422 2130 654 2194 communionis
677 2129 783 2213 gratia
807 2129 1010 2211 convalescit,
1036 2151 1196 2193 servemus
1218 2130 1253 2193 in
1277 2152 1326 2212 ec,
1352 2129 1444 2214 quod
1460 2113 1518 2195 Νι-Ι

233 2234 324 2297 caeni
353 2254 492 2297 canones
515 2232 758 2296 ordinaverunt:
786 2234 822 2292 ut
845 2231 1001 2294 habeatur
1023 2231 1107 2295 inter
1131 2253 1194 2314 eos,
1222 2231 1277 2314 qui
1304 2232 1342 2295 in
1366 2233 1517 2297 oratioue

234 2336 301 2399 sola
326 2334 574 2415 communicant,
599 2333 700 2395 donec
723 2332 893 2416 impleatur
916 2333 1055 2417 spatium
1077 2333 1230 2416 temporis
1253 2332 1363 2397 eidem
1378 2334 1518 2418 praesti·

233 2440 346 2500 tutum.
392 2435 460 2500 Nec
491 2435 734 2499 catechumenos
764 2436 899 2514 nostros,
929 2435 982 2518 qui
1011 2434 1070 2497 sub
1099 2435 1155 2498 tali
1180 2434 1387 2518 professione
1412 2436 1518 2521 bapti·

233 2538 297 2601 zati
325 2542 411 2621 sunt,
440 2538 666 2620 praeterimus,
699 2535 774 2619 quia
802 2557 867 2599 non
896 2539 944 2599 cst
972 2559 1068 2600 causa
1095 2536 1269 2618 dissimilis,
1300 2536 1391 2602 sieut
1418 2537 1517 2604 iidem

233 2640 338 2704 sancti
354 2658 496 2702 canones
508 2638 745 2719 ordinaverunt,
770 2638 848 2721 ejus,
866 2638 918 2721 qui
942 2638 1084 2721 quolibet
1105 2638 1197 2701 modo
1213 2636 1397 2723 Christum,
1421 2661 1518 2725 quem

234 2741 331 2805 semel
361 2741 523 2803 confessus
547 2743 604 2820 est,
636 2739 806 2823 abjurarit:
835 2739 936 2802 tribus
960 2739 1054 2803 annis
1077 2740 1161 2803 inter
1183 2738 1355 2804 audientes
1379 2741 1461 2824 sint,
1484 2744 1519 2806 et

234 2845 345 2927 postea
369 2864 439 2905 cum
468 2840 704 2906 catechumenis
727 2841 1004 2924 permittantur³²)
1028 2863 1128 2924 orare,
1159 2862 1217 2924 per
1239 2863 1360 2907 manus
1384 2842 1518 2928 imposi-

233 2945 354 3009 tionem
378 2943 609 3007 communionis
632 2943 808 3006 catholicae
831 2943 971 3026 gratiam
993 2943 1163 3027 recepturi.
1225 3006 1236 3024 ‚

319 3048 348 3111 8.
394 3045 547 3129 Exceptis
576 3067 653 3108 sane
680 3044 902 3108 tantummodo
931 3045 1100 3129 episcopis,
1130 3045 1339 3129 presbyteris,
1372 3045 1518 3112 diaconi·

161 3173 164 3176 ·
234 3150 304 3232 bus,
334 3148 460 3234 quos³³)
487 3148 553 3211 solo
576 3147 688 3210 mortis
711 3168 787 3209 suae
809 3149 953 3229 ternpore
975 3146 1227 3210 reconciliandos
1250 3167 1319 3210 esse
1339 3147 1414 3231 jam
1438 3149 1518 3214 dixi·

233 3319 338 3371 laribus
356 3317 405 3370 l.V
425 3317 614 3380 c.134etl35‚
634 3333 705 3384 quac
724 3333 757 3369 cx
775 3315 874 3369 Felicis
893 3316 984 3369 verbis
1003 3316 1122 3389 conflata
1140 3316 1211 3380 sunt,
1228 3314 1337 3383 legitur
1354 3325 1473 3387 populis,
1489 3317 1517 3373 in

235 3418 310 3455 conc.
329 3401 387 3454 Nic.
409 3420 430 3455 c.
448 3408 475 3454 11
501 3406 596 3456 derebus
618 3407 691 3454 uanis
712 3404 912 3455 associatione
937 3400 1028 3466 (Corb.
1046 3412 1154 3469 prueoer
1176 3403 1339 3470 oblationem)
1368 3409 1471 3472 populo
1492 3410 1519 3458 ιἰι

235 3493 352 3540 erutione
371 3492 539 3540 corninunicel.

303 3574 336 3637 ⁸⁰)
353 3570 416 3623 Mss.
437 3569 558 3622 OH¹⁰c²
581 3574 715 3631 auberius,
738 3572 764 3623 c⁸
782 3574 938 3638 impuberes,
966 3586 998 3623 ac
1017 3569 1116 3623 deinde
1134 3569 1198 3623 Oce
1216 3590 1232 3623 a
1248 3574 1401 3638 pubertate.
1439 3571 1518 3638 Quae

234 3654 318 3709 lectio
336 3656 444 3723 pugnat
462 3671 523 3707 cunr
542 3655 730 3708 antecedente.
761 3655 865 3708 Nostra
883 3657 925 3708 est
943 3655 1069 3708 veterum
1087 3654 1277 3723 exemplorum
1295 3655 1374 3710 ΗΙΤ
1394 3659 1426 3710 et
1438 3655 1519 3728 (ἶφι·

235 3739 367 3793 talariam
390 3738 407 3792 l.
425 3758 446 3792 c.
492 3740 532 3791 Ao
555 3738 666 3806 quidem
695 3757 746 3792 vox
768 3747 876 3793 investes
905 3741 1028 3793 aetatem
1052 3743 1202 3807 irupuberrmr
1225 3741 1321 3794 aetate
1349 3738 1518 3797 inferiorem

236 3827 329 3888 sonat,
354 3823 479 3893 quamvis
499 3824 583 3891 vulgo
602 3825 719 3891 utraque
742 3826 774 3876 ut
792 3840 945 3892 synonyma
968 3823 1129 3892 accipiatur.
1165 3824 1296 3877 Irenaeus
1315 3841 1437 3894 qnoque
1454 3826 1518 3881 adv.

235 3910 311 3963 haer.
331 3909 365 3976 II,
376 3915 407 3961 ‘32
426 3916 481 3963 n.3
498 3925 599 3977 pueros
617 3915 725 3962 investes
743 3910 887 3961 memorat.
917 3908 974 3961 Nee
993 3907 1137 3976 negotium
1154 3908 1247 3962 facere
1266 3907 1404 3977 cuiqam
1424 3910 1521 3978 debet,

236 3994 311 4062 quod
330 3993 363 4047 de
380 3999 469 4062 pueris
487 3998 622 4047 incestibus
639 3993 755 4061 loquens
773 3992 850 4045 Felix
870 3992 1007 4061 adjungat
1024 4013 1068 4046 seu
1085 3998 1186 4045 clericas
1202 4011 1247 4044 seu
1266 3999 1351 4056 isdem,
1379 3995 1452 4064 quin
1468 4012 1520 4051 un

237 4080 302 4132 tunc
320 4079 462 4146 receptum
482 4081 555 4142 erat,
579 4079 609 4130 ut
626 4075 784 4145 hujusmodi
801 4076 880 4145 pueri
904 4076 931 4129 in
954 4076 1090 4130 lectorum
1113 4093 1260 4129 numerum
1278 4075 1520 4136 adsciscerentur.

237 4164 372 4227 Quocirca
390 4162 503 4216 Siricins
523 4161 601 4231 epist.
618 4168 630 4213 l
650 4180 675 4213 n.
694 4167 722 4214 13
741 4160 877 4214 decernit:
903 4167 1048 4231 Quicunque
1065 4181 1093 4215 se
1112 4164 1246 4215 Ecclesiae
1265 4167 1335 4217 uouit
1354 4167 1491 4236 obsequiis
1504 4184 1523 4220 ι

236 4270 282 4303 auu
300 4254 417 4315 infautia,
437 4259 496 4301 anie
514 4251 655 4315 paraecialis
673 4266 754 4301 uanus
772 4250 900 4314 baptizari
918 4257 942 4298 el
961 4253 1081 4300 lectorum
1099 4250 1172 4300 dedet
1185 4266 1289 4300 numero
1300 4254 1414 4305 socrui.
1443 4248 1522 4306 Ocni.

237 4333 322 4387 etiam
341 4335 398 4386 not.
419 4331 510 4386 Const.
531 4331 560 4384 in
576 4331 595 4384 h
617 4332 633 4384 l.
857 4323 860 4328 ’

306 4420 336 4484 ³¹)
354 4417 417 4470 Mes.
437 4433 539 4484 magno
559 4432 700 4474 consensu.
719 4419 750 4470 nt
768 4420 796 4472 et
812 4418 841 4470 in
855 4415 1006 4486 Capitular.
1020 4416 1036 4469 l.
1052 4433 1084 4482 c,
1104 4420 1232 4484 dispectus
1249 4415 1296 4469 vel
1313 4421 1472 4490 despectus,
1489 4436 1523 4476 οἱ

236 4502 468 4571 interpretatione
491 4500 569 4554 verbi
592 4495 837 4570 ἆπογνωσθείς
861 4503 899 4571 (in
922 4499 981 4554 Nic.
1002 4517 1023 4554 c.
1041 4507 1090 4568 13).
1137 4500 1160 4553 T
1184 4505 1343 4569 desperatus
1371 4525 1390 4558 α
1417 4511 1524 4562 medicis

238 4590 268 4639 ob
287 4592 411 4639 euidentia
429 4592 516 4640 risoriis
534 4591 637 4639 indicia.
1143 4630 1152 4639 .

305 4656 337 4719 ³²)
356 4654 399 4706 Ita
423 4671 485 4706 mss.
508 4652 598 4706 HIh¹
613 4653 645 4719 i²;
669 4655 717 4708 alii
734 4653 802 4708 editi
826 4653 926 4707 omisso
946 4659 1129 4721 penuiiiuuiur
1152 4673 1230 4708 orare
1254 4653 1362 4711 deinde
1386 4673 1455 4713 cum
1475 4658 1526 4714 H*

259 4757 317 4791 erce
338 4743 395 4792 irari.

238 4758 257 4806 p
307 4758 338 4889 Βζ1)
356 4822 484 4890 Plerique
497 4840 560 4874 mss.
575 4823 670 4887 (etiam
683 4824 718 4875 H,
729 4823 776 4891 Hs)
796 4828 883 4893 quibus
945 4827 1126 4878 conciliandum
1140 4824 1164 4889 (1
1174 4822 1213 4876 Η8
1221 4823 1260 4877 Ηε
1273 4822 1530 4899 νισοιιοίὶὶωιᾰιιιι);’

239 4909 295 4959 nori
313 4904 473 4976 displiceret
490 4912 723 4961 corumum‘eundum.
1250 4903 1252 4907 ’
