3204 5506
278 319 339 382 uo
484 322 498 342 ⁸
758 336 785 381 s.
802 331 924 378 sinam
947 331 1060 377 aaran

167 513 191 549 a.
205 500 261 549 isa.
276 488 422 552 lectionis
444 487 583 553 ordinati
606 491 683 551 sunt
702 486 892 568 sacerdotes,
917 506 987 548 cum
1009 483 1074 547 suis
1089 483 1258 548 debuerint
1273 484 1471 549 auctoribus
1486 485 1557 551 sub·

275 590 404 671 moveri,
435 612 475 653 ne
503 589 577 673 quid
605 593 712 653 tumen
743 590 776 652 iu
805 591 897 651 tanta
920 586 1111 651 necessitate
1138 587 1349 652 decernamus
1377 591 1555 673 austerum,

275 714 328 754 eos
351 691 403 774 qui
427 691 566 774 episcopi
589 691 667 754 fricti
684 695 768 772 sunt,
793 690 839 752 ita
854 689 997 753 volumus
1013 710 1209 773 permanere,
1232 689 1294 773 si⁶)
1309 689 1347 753 in
1363 689 1557 773 apostolicis

275 793 554 876 praeceptionibus
582 797 614 856 et
627 792 771 855 ‘statutis
799 794 982 855 sanctornm
1009 793 1137 874 patrum
1163 813 1230 855 non
1256 790 1474 874 reperiuntur
1503 791 1555 855 ob

275 895 378 976 noxii,
418 917 455 958 ae
483 895 633 978 deinceps
661 893 760 977 nihil,
801 893 884 978 quod
912 896 1024 959 eontra
1056 891 1260 976 disciplinam
1294 893 1554 961 ecclesiasticam
1588 924 1595 981 ,-

274 997 394 1079 reniat,
419 997 502 1060 sieut
524 995 678 1060 hactenus
701 995 822 1059 factrmr
842 999 901 1077 est,
925 996 1136 1077 perpetretur.

359 1099 389 1163 3.
435 1098 522 1162 Tuae
544 1097 769 1162 sollicitudinis
791 1101 850 1180 est,
878 1095 980 1160 frater
1002 1096 1187 1183 carissime„
1207 1095 1389 1181 debitam⁷)
1413 1095 1479 1161 tibi
1502 1119 1552 1163 au·
1591 1106 1595 1115 '

276 1201 457 1264 ctoritatem
478 1199 571 1281 tueri,
601 1203 633 1262 et
661 1199 782 1264 illicitis
809 1221 874 1262 non
902 1198 995 1262 modo
1021 1219 1088 1262 non
1110 1197 1262 1281 praebere
1285 1188 1472 1282 assensum,
1499 1198 1553 1264 sed

276 1302 372 1366 etiam
396 1306 522 1383 eiurata,
550 1322 630 1384 quae
654 1304 765 1364 contra
787 1300 931 1385 regulam
953 1299 1041 1363 facta
1064 1299 1235 1382 repereris,
1260 1320 1427 1383 coercere3
1457 1304 1553 1386 atque

275 1403 484 1485 alticomum,
508 1424 589 1486 qum
612 1403 679 1466 sola
701 1401 936 1486 humanitate)
959 1400 1169 1483 decernimus,
1192 1401 1363 1465 Irenaeum
1386 1400 1430 1465 ad
1454 1402 1553 1468 eccle·

275 1505 355 1568 siam
377 1527 466 1569 suam
489 1505 591 1568 redire
616 1504 782 1593 compelle,
813 1504 864 1566 Ad
887 1526 981 1587 quam
997 1506 1111 1586 sponte
1126 1503 1231 1587 potius
1247 1523 1391 1568 remeare
1406 1502 1552 1587 debebit,

276 1607 301 1670 si
325 1630 344 1670 a
366 1606 554 1671 sacerdotali
579 1606 738 1670 consortio
760 1606 859 1688 noni)
883 1605 997 1669 metuit
1018 1606 1168 1687 separari.
1198 1604 1266 1670 Nec
1281 1605 1378 1668 unius
1393 1605 1553 1671 eccloeise

174 1755 179 1765 .
275 1709 337 1771 (luo
364 1731 432 1772 esse
461 1709 689 1791 permittantur
716 1707 888 1788 antistites,
917 1706 999 1789 quiid
1027 1707 1236 1790 opportunius
1264 1705 1447 1790 supradicti
1480 1708 1553 1773 sub-

275 1810 399 1873 diaconi
424 1811 491 1892 tieri
508 1810 691 1894 delegamus
707 1809 873 1891 instantia,
897 1829 990 1892 quem
1006 1808 1103 1871 etiam
1120 1831 1177 1892 pro
1198 1808 1423 1877 conservanda
1439 1809 1552 1876 Eccle

275 1911 341 1974 siae
370 1911 539 1994 disciplina
574 1933 749 1976 commeare
784 1910 823 1973 ad
852 1909 1027 1993 Hispanias
1061 1909 1278 1994 dispositionis
1312 1913 1448 1977 nostras
1475 1912 1555 1989 fecit

275 2014 460 2077 auctoritas.
499 2013 586 2077 Deus
608 2015 715 2077 autem
731 2002 922 2076 incolumem
944 2016 976 2075 te
1000 2011 1167 2095 custodiat,
1196 2012 1298 2076 frater
1320 2012 1509 2079 carissime!
1543 2066 1547 2072 .

783 2407 1036 2480 Notitia

339 2537 541 2608 epistolarum
560 2553 620 2594 non
639 2537 826 2594 exstantium
844 2553 922 2607 (luae
941 2539 979 2594 ad
998 2553 1023 2594 s.
1042 2538 1184 2594 Hilarum
1201 2554 1310 2608 papam
1327 2539 1486 2599 attinent·

898 2675 924 2739 Ι.

276 2798 305 2841 a.
329 2783 390 2842 isa
414 2792 482 2840 ante
504 2800 591 2839 araris.
616 2784 686 2840 Nau
733 2785 891 2841 Fritlrerici
911 2788 1056 2858 rurrpaificr'
1077 2788 1132 2842 oiri
1159 2787 1198 2841 acl
1219 2786 1358 2843 Hilarum
1380 2804 1498 2862 papam
1518 2788 1570 2849 de.

417 2873 564 2925 iaoasiaae
587 2870 715 2926 Iteratae
738 2874 870 2942 episcopi
894 2871 1079 2925 Biterrensis.

362 2953 466 3009 llilarus
490 2962 605 3008 exeunte
629 2956 714 3027 prium
738 2954 910 3027 pontificatus
935 2957 975 3009 sui
999 2972 1068 3010 antro
1093 2955 1195 3009 litteras
1218 2957 1321 3028 aceepit
1345 2956 1554 3030 uraguificirirt

278 3039 431 3100 Fritlrerici,
456 3038 552 3112 quibus
581 3039 693 3094 llermes
723 3040 785 3094 olim
813 3039 1010 3095 bitemeosilms
1039 3039 1177 3094 ‹triliaatus
1206 3041 1352 3113 episeopus
1381 3049 1410 3097 et
1446 3042 1481 3098 air
1515 3044 1554 3101 eis

276 3123 392 3194 rejectus
415 3123 614 3180 Narbonensem
642 3124 734 3179 sellem
757 3126 935 3181 easeerabr'li
962 3129 1120 3180 teracrr'tate
1149 3125 1277 3179 invasisse
1306 3124 1460 3184 terebatur.
1506 3127 1553 3185 its

276 3210 372 3264 litteris
402 3227 506 3265 necnon
537 3216 563 3263 et
591 3209 727 3267 lithrume.
756 3212 801 3282 qui
830 3228 873 3264 eas
903 3209 1034 3269 reddidit.
1065 3210 1211 3283 instigante
1239 3216 1394 3265 conuuotus
1426 3212 1552 3285 pontiiei

276 3294 343 3348 datis
367 3294 464 3349 litteris
487 3295 518 3348 ad
535 3294 677 3349 Ltumtium
694 3293 875 3349 Arelatensem
892 3295 1061 3367 episcopum,
1087 3296 1132 3367 qui
1156 3311 1210 3349 rem
1228 3302 1280 3348 tatu
1304 3312 1417 3367 grarcm
1442 3305 1553 3371 tamque

276 3378 432 3439 inauditam.
458 3396 536 3451 qutun
559 3381 672 3452 ipsemet
695 3380 833 3452 corrigere
856 3378 1007 3441 (latuisset,
1032 3379 1147 3434 imlicare
1163 3378 1334 3451 neglexerat,
1359 3379 1551 3439 vehementius

275 3464 363 3536 ipsum
379 3463 561 3536 reprehendit.
593 3464 732 3537 Sitonique
748 3463 877 3534 inimisit,
901 3472 931 3518 ut
946 3465 1063 3536 seposita
1079 3465 1251 3518 excusatione
1266 3470 1412 3536 gestorum
1430 3467 1552 3523 omnium

278 3547 436 3602 relationem
460 3564 542 3620 qutun
565 3565 613 3602 sua
638 3556 694 3624 tutu
714 3550 827 3604 fratrum
850 3565 962 3603 suorum
986 3565 1064 3603 ruanu
1087 3549 1212 3621 scriptam
1241 3549 1454 3606 transmitteret.
1500 3549 1550 3624 (Gi.

277 3631 358 3686 lliiar.
383 3632 461 3705 epist.
487 3632 505 3688 'l
529 3631 584 3686 dat.
609 3632 635 3687 il.
660 3634 688 3688 3.
712 3634 778 3689 Nor.
804 3632 865 3690 462
889 3641 916 3688 ot
938 3635 1018 3707 epist.
1043 3631 1083 3704 8.)

883 3760 925 3825 ΙΙ.
1204 3830 1222 3865 υ

276 3888 304 3924 a.
327 3867 388 3926 463
410 3872 499 3925 initia.
531 3870 643 3926 Leontii
658 3872 838 3927 Arelatensis
857 3873 985 3943 episcopi
1005 3871 1044 3925 ad
1063 3870 1199 3927 Hilarum
1217 3886 1327 3943 papam
1352 3873 1390 3928 ‹te
1412 3876 1553 3933 incusata

428 3955 556 4010 Hermae
574 3960 721 4012 trecasinae
737 3959 848 4012 relatio.

360 4038 489 4095 Leontius
516 4039 584 4095 liutici
607 4040 687 4095 ‹luitic
707 4039 827 4113 pontiliei
851 4042 947 4112 paruit.
970 4041 1103 4113 urissaque
1125 4057 1154 4095 ea
1181 4057 1260 4113 quam
1281 4039 1394 4114 petebat
1417 4043 1554 4101 relatione

276 4125 391 4180 llermeu
417 4124 449 4178 ab
476 4123 579 4194 objecta
602 4143 670 4180 nora
703 4125 779 4181 tacite
804 4124 953 4180 vimiicarit.
992 4123 1074 4180 Forte
1100 4125 1201 4180 directa
1223 4125 1288 4181 baec
1309 4125 1410 4183 relatio
1428 4128 1483 4185 luit
1504 4144 1555 4205 per

276 4210 402 4266 Faustum
419 4217 446 4264 et
465 4210 620 4271 duranium.
643 4212 687 4283 qui
704 4227 717 4264 a
734 4210 885 4282 provinciae
903 4209 1068 4269 Viennensis.
1090 4209 1270 4265 Narbonensis
1287 4211 1391 4283 primae
1409 4221 1440 4269 et
1455 4230 1555 4271 secun·

275 4295 324 4351 dae
351 4304 378 4350 et
412 4294 523 4367 Alpinae
548 4296 682 4368 episeopis
708 4294 824 4368 delegati
844 4293 976 4350 Romame
1002 4294 1107 4368 synodo
1136 4294 1206 4350 haud
1233 4294 1319 4350 multo
1340 4305 1408 4370 post
1430 4301 1556 4357 anniver-
1585 4338 1593 4357 .

342 4459 363 4523 ⁸)
382 4456 456 4510 Ediii
475 4467 501 4510 at
562 4463 733 4524 reperiuntur.
769 4456 863 4510 Lectio
882 4474 944 4509 iuss.
964 4455 1129 4510 concinnior.
1166 4455 1275 4526 Quippe
1297 4458 1475 4516 antecedens
1491 4476 1556 4533 ptr·

275 4540 360 4595 ticule
376 4548 413 4594 ita
431 4541 545 4611 perinde
565 4542 645 4595 sonat
664 4544 748 4609 atquc
766 4547 791 4594 ia
809 4562 839 4595 ea
857 4553 925 4595 stata
944 4553 968 4594 et
983 4548 1074 4610 prada,
1094 4563 1165 4610 quem
1181 4548 1311 4596 consecuti
1325 4553 1397 4601 suat.

342 4628 363 4691 ⁷)
382 4626 426 4679 lta
442 4643 506 4679 mss.
527 4628 555 4679 et
573 4626 600 4678 i².
637 4625 691 4679 Alii
710 4626 777 4679 editi
795 4632 877 4679 ortana
895 4631 980 4680 debita
998 4632 1044 4680 tilii
1059 4633 1211 4682 arrrtoritate
1230 4632 1304 4681 tueri.

343 4714 364 4777 ὃ)
382 4711 426 4763 Ita
444 4714 468 4764 0⁹
480 4711 501 4764 i*
520 4711 699 4781 reserastis
718 4729 743 4764 n.
754 4715 793 4776 6);
813 4715 850 4765 e¹⁰
868 4719 970 4775 irritare,
990 4712 1065 4780 quod
1078 4717 1106 4765 ct
1118 4713 1146 4766 a⁸
1158 4712 1259 4766 tuctur.
1289 4710 1356 4765 Mox
1375 4713 1556 4772 detti-ease

275 4797 303 4848 et
321 4795 358 4849 ad
376 4812 463 4863 marg.
484 4813 546 4849 cum
563 4795 585 4848 it
602 4816 725 4850 reamare.

342 4884 363 4946 ⁹)
381 4879 502 4946 Negatio
521 4881 661 4946 superflua
678 4880 788 4935 videtur
807 4882 835 4935 et
853 4881 932 4936 deest
948 4881 976 4935 in
994 4882 1042 4935 H¹²
1055 4885 1081 4935 o⁹
1092 4881 1122 4936 1².
1152 4880 1277 4950 Denique
1295 4898 1361 4937 mss.
1376 4888 1416 4941 ad
1427 4888 1555 4957 Spania,
