3224 5506
552 375 751 424 PRAEFATIO
774 374 949 424 EDITORIS.
1314 376 1379 424 xm

101 545 174 617 quid
188 546 220 599 in
234 542 399 615 praeclara
415 555 532 610 operum
547 541 605 596 diui
616 539 767 612 Arrqustini
781 540 910 594 editionis
923 539 1111 608 praestiterit,
1136 543 1164 594 et
1178 545 1288 612 quantu
1303 542 1380 596 illius

100 646 179 700 pars
199 629 306 700 fuerit.
352 627 437 682 Haec
457 643 512 696 pro
535 633 662 696 tempore
684 625 718 678 de
742 627 801 679 uiro
824 626 928 695 insiqni
945 626 1055 694 pietate
1078 633 1105 678 et
1126 628 1248 680 scientia
1270 628 1380 684 dixisse

104 723 151 770 sat
176 722 239 776 est,·
263 716 318 768 erit
337 713 453 783 forsan,
478 717 508 766 ut
528 713 616 766 liceat
635 711 724 780 plura
747 711 844 764 dicere
866 710 906 763 od
924 708 1119 781 praefationis
1142 713 1260 766 calcem.

194 791 225 856 8.
258 800 410 853 Exstincto
425 797 526 851 domno
537 796 625 851 Petro
639 795 803 851 Constantio
817 795 912 855 labori
925 798 1065 850 successit
1082 795 1176 851 Simon
1193 797 1377 867 Mopinotius,

105 889 158 958 qui
173 888 243 956 jam
267 890 353 938 ardea
376 883 471 937 socius
493 884 549 952 ipsi
562 883 676 936 additus
691 896 772 935 suom
788 883 817 935 in
833 881 928 935 eodem
945 882 1093 936 curriculo
1108 883 1278 938 industrium
1293 899 1379 940 exer·

107 976 224 1036 cuerot,
247 969 419 1040 felicemque
441 967 555 1021 dicendi
573 967 755 1038 facilitatem,
780 980 855 1038 qrrae
878 971 956 1019 certe
979 968 1007 1019 in
1032 980 1064 1020 eo
1080 971 1244 1038 praecipua
1258 968 1325 1039 ferit,
1350 973 1378 1024 in

108 1055 291 1111 elaboranda
313 1067 364 1108 seu
385 1053 511 1107 limanda
533 1054 651 1122 politius
668 1050 858 1122 praefatione
871 1053 966 1121 priori
980 1057 1052 1106 torno
1066 1056 1187 1121 praeuia
1204 1054 1378 1109 ostenderat.

111 1142 177 1196 Hoc
201 1140 330 1211 equidem
353 1139 475 1191 alterius
491 1139 644 1209 jacturam
667 1138 841 1202 solabamur,
866 1137 926 1190 rati
946 1136 1023 1190 brine
1039 1138 1161 1192 alterum
1179 1156 1196 1191 o
1214 1137 1379 1195 Constantio

107 1227 254 1297 futurum,
277 1240 362 1295 quum
385 1237 454 1277 ecce
476 1226 578 1277 iterum
601 1224 688 1278 aelecti
709 1240 726 1275 a
750 1227 916 1277 transuerso
938 1223 1093 1276 incurrens
1114 1222 1169 1277 beu
1185 1225 1299 1279 nimium
1322 1227 1379 1279 cita

111 1319 137 1366 et
160 1314 317 1364 immatura
339 1324 416 1363 mors
437 1322 503 1377 spes
526 1323 630 1375 omnes,
655 1322 729 1378 quas
751 1315 808 1361 tum
831 1324 934 1379 maqna
958 1307 1123 1362 eruditionis
1141 1310 1296 1378 suppellex
1318 1311 1379 1365 exi-

111 1401 226 1468 miaque
249 1393 363 1448 dicendi
385 1395 485 1462 copia,
515 1399 572 1447 tum
600 1395 663 1463 ipsa
693 1394 747 1447 oiri
773 1398 856 1446 netas
882 1394 993 1463 florens
1021 1399 1048 1446 et
1076 1395 1188 1466 intepra
1212 1401 1296 1449 ratas
1318 1409 1380 1450 esse

106 1482 262 1552 jubebant,
287 1479 411 1546 rescidit,
437 1481 510 1533 uitae
532 1481 623 1549 ipsius
645 1480 688 1534 uel
711 1484 778 1532 ante
799 1479 878 1548 filum
902 1491 1048 1544 resecans,
1073 1495 1158 1549 quam
1174 1480 1329 1550 quidquam
1350 1481 1380 1534 in

112 1570 203 1621 lucem
229 1566 375 1618 arrisisset.
422 1563 467 1618 lta
492 1570 586 1617 tamen
607 1562 671 1633 foto
691 1568 931 1632 praeoccupatus
953 1576 1012 1616 rem
1036 1562 1174 1633 infertam
1197 1565 1320 1636 reliquit,
1350 1571 1381 1620 nt

113 1669 198 1723 quum
222 1651 331 1711 cuiuis
352 1649 483 1704 subtutus
505 1655 561 1710 est,
592 1651 617 1702 si
644 1648 765 1702 necdum
783 1651 901 1718 penitus
920 1648 1003 1716 prelo
1026 1654 1158 1703 moturus
1180 1650 1257 1704 atter
1279 1655 1378 1718 tomus,

113 1753 216 1808 maqna
241 1737 343 1788 saltem
364 1740 509 1803 exparte
531 1740 605 1788 esset
628 1733 787 1803 confectus,
812 1736 838 1789 si
857 1735 1021 1805 penerolem
1044 1736 1177 1803 excipias
1200 1741 1271 1789 tamo
1292 1751 1380 1805 prae-

114 1820 277 1874 mittendam
297 1819 520 1889 praefationem.
552 1817 633 1885 Quod
653 1833 706 1873 nos
727 1819 774 1873 liic
795 1819 903 1872 ideireo
919 1833 1063 1873 monemus
1079 1833 1168 1890 eoque
1182 1819 1286 1875 dietum
1304 1821 1380 1876 uolu-

113 1921 182 1967 mus,
208 1910 240 1958 ut
263 1918 317 1957 sua
341 1907 444 1975 cuique
464 1905 532 1958 laus
545 1909 686 1969 seruetur,
712 1919 765 1958 nec
781 1904 869 1969 uobis,
889 1906 939 1975 qui
953 1908 1051 1958 tantas
1064 1910 1130 1972 post
1144 1920 1241 1959 moros
1257 1905 1296 1959 ad
1310 1921 1382 1974 opus

83 2053 86 2056 ,
113 1991 190 2046 istud
211 1992 240 2042 in
265 1990 341 2042 olias
364 2005 402 2043 ex
424 1990 489 2043 aliis
510 1989 641 2044 monibus
663 1995 690 2042 et
712 1989 821 2044 demum
845 1991 872 2043 in
896 1995 1014 2043 nostras
1036 1992 1234 2044 transmissum
1250 1991 1380 2062 appredi-

112 2093 185 2143 mur,
211 2074 337 2128 indebita
361 2074 514 2129 tribuatur.
547 2074 633 2129 Haec
656 2076 739 2128 etiam
763 2073 878 2145 referre
896 2076 1143 2142 operaepretium
1158 2089 1221 2128 esse
1236 2075 1379 2143 duximus,
1415 2133 1424 2154 Ι

112 2168 141 2215 at
164 2160 272 2214 mirari
292 2159 423 2213 desinant
445 2161 495 2231 qui
506 2159 586 2229 forle
600 2159 791 2226 mirabantur,
816 2175 871 2214 cur
887 2161 993 2213 tamdiu
1009 2161 1194 2228 epistolarum
1210 2175 1382 2216 summarum

108 2247 280 2316 pontificum
310 2245 456 2299 editionem
482 2245 610 2314 pendere
637 2247 830 2314 interruptam
856 2251 1033 2313 pateremur.
1084 2244 1270 2316 Intelliqimus
1298 2247 1380 2312 enim,

105 2334 171 2402 jum
195 2330 245 2383 diu
268 2328 395 2383 laborem
417 2330 495 2385 baruc
517 2347 534 2383 a
557 2330 639 2385 nobis
661 2331 838 2399 exspectari,
863 2331 943 2384 immo
967 2344 1033 2384 uere
1048 2346 1104 2384 non
1119 2330 1228 2397 deesse,
1252 2332 1303 2401 qui
1314 2332 1382 2386 lieet

112 2418 210 2471 norint
234 2429 299 2469 esse
321 2430 393 2484 opus
414 2414 504 2486 bajus
523 2417 646 2487 pencris,
670 2415 746 2487 quod
766 2416 876 2470 institui
897 2417 952 2468 nisi
971 2421 1153 2484 praeparato
1177 2419 1231 2470 otio
1247 2432 1303 2470 non
1316 2431 1383 2485 pos·

112 2503 146 2555 sit
169 2515 226 2554 nec
250 2501 355 2571 exiquo
378 2507 504 2570 tempore
526 2499 648 2567 absolui,
683 2506 740 2554 tam
768 2501 871 2554 mullos
892 2506 987 2554 tamen
1011 2516 1103 2554 annos
1131 2500 1294 2555 desiderari
1313 2515 1381 2573 que·
1463 2527 1465 2531 ⁴

113 2593 230 2641 runtur.

198 2662 229 2725 9.
265 2669 331 2723 Jom
356 2685 422 2726 uero
450 2671 526 2741 quod
547 2673 669 2726 alterurn
690 2672 768 2726 bunc
792 2677 894 2725 tomum
918 2677 1043 2741 spectat,
1074 2671 1104 2725 id
1131 2686 1225 2739 omne,
1256 2672 1381 2742 quadiu

112 2757 206 2826 priori
226 2758 399 2825 praestitum
420 2766 463 2809 est
477 2756 573 2827 quoad
587 2757 721 2822 ordinem,
746 2755 914 2822 mellendum,
939 2762 1030 2823 notas,
1053 2758 1192 2825 praeoias
1207 2759 1382 2824 monitiones,
1456 2789 1458 2793 ν
1518 2766 1520 2770 ’

112 2847 272 2911 praestare
296 2841 470 2895 conabimur.
509 2840 599 2907 Quum
620 2843 835 2913 praeterqressi
853 2843 1020 2909 primaeuae
1046 2843 1227 2911 antiquitatis
1249 2838 1384 2896 tenebras

114 2928 223 2997 mafori
238 2926 307 2995 jam
329 2927 358 2978 in
379 2927 446 2982 luce
469 2929 614 2982 uersaturi
635 2928 730 2987 simus,
754 2929 782 2980 in
805 2928 880 2981 nolis
895 2928 1005 2980 criticis
1016 2928 1202 2997 praediisque
1217 2927 1382 2982 admonitio·

115 3012 198 3066 nibus
221 3010 400 3065 brevioribus
421 3011 502 3066 nobis
524 3027 585 3066 esse
606 3012 710 3080 licebit,
736 3013 864 3082 quamuis
876 3010 982 3081 forsan
999 3018 1091 3066 tamen
1113 3013 1188 3065 sicut
1202 3014 1383 3082 superiorum

114 3104 275 3166 temporum
299 3095 461 3150 obscuritas
471 3098 562 3166 pluro
578 3097 676 3151 dicere
692 3098 834 3165 corripulit,
859 3099 898 3149 ita
912 3099 1104 3165 posteriorum
1121 3095 1248 3164 ubertas,
1274 3098 1386 3151 tametsi

115 3182 250 3236 cnidiis
269 3196 369 3250 pauca
392 3181 560 3242 dixerimus,
582 3183 726 3255 lonqiores
747 3182 889 3236 interdum
912 3195 974 3236 esse
991 3188 1079 3253 copel.
1115 3180 1174 3236 Sua
1189 3181 1257 3236 buia
1273 3197 1385 3253 quoque

115 3275 188 3321 tomo
211 3280 276 3320 esse
299 3265 394 3320 debuit
416 3274 501 3338 atque
524 3269 608 3321 etiarn
632 3270 687 3321 erit
709 3274 736 3321 et
758 3266 868 3337 quidem
892 3268 988 3336 ampla
1009 3269 1081 3321 satis
1093 3266 1253 3336 praefatio.
1291 3266 1385 3322 Visum

115 3360 156 3406 est
180 3354 209 3404 in
235 3366 270 3404 eu
293 3352 429 3419 primum,
454 3353 479 3405 si
500 3352 569 3422 quid
589 3354 653 3407 omi
675 3357 701 3405 et
724 3351 866 3406 bactensis
888 3353 1062 3421 irrepertum
1085 3352 1269 3419 ediderimus,
1297 3353 1332 3406 de
1353 3367 1386 3407 eo

116 3436 204 3492 rerba
226 3434 347 3505 facere,
372 3436 473 3506 quibus
496 3439 703 3506 manuscriptis
725 3436 870 3491 codicibus
893 3440 940 3491 usi
957 3435 1110 3506 fuerimus,
1135 3451 1296 3506 exponere,
1320 3437 1386 3492 sub·

113 3524 174 3576 dita
198 3522 286 3574 etiam
309 3521 479 3576 ineditarum
502 3521 661 3576 substantia
690 3523 884 3592 epistolarum.
930 3521 1039 3576 Deinde
1057 3525 1221 3592 praecipua
1249 3523 1387 3577 historiae

114 3614 142 3661 et
165 3607 287 3661 critices
310 3606 422 3674 capita,
447 3613 564 3661 euentus
585 3621 681 3661 rerum
705 3606 916 3673 memorabiles,
938 3605 1024 3677 facta
1047 3607 1288 3679 splendidissima,
1312 3622 1387 3679 quae

113 3695 142 3745 in
167 3705 202 3744 eo
226 3695 299 3745 tomo
322 3690 389 3744 binc
404 3691 470 3745 inde
485 3692 618 3762 dispersa
634 3698 702 3746 sunt
718 3698 744 3746 et
758 3707 813 3761 per
828 3696 914 3745 totum
931 3693 1058 3746 uolumen
1075 3698 1226 3763 ooqantur,
1250 3695 1277 3746 in
1301 3708 1387 3747 unum

114 3777 241 3831 collecta
265 3775 399 3829 ordinate
420 3791 618 3847 annorumque
640 3782 668 3830 et
690 3792 787 3831 rerum
811 3779 924 3831 ratione
939 3783 1055 3832 seruata
1072 3778 1164 3832 oculis
1178 3776 1332 3847 subjicere,
1356 3782 1387 3832 ut

116 3879 174 3916 nno
199 3859 275 3914 veliet
298 3866 419 3929 aspectu
442 3863 579 3934 quidquid
600 3867 656 3917 tolo
680 3863 818 3917 uolumine
841 3865 1010 3921 continetur.
1024 3863 1117 3916 lector
1132 3864 1301 3931 conspiciat.
1330 3861 1386 3916 De-

115 3962 193 4000 mum
215 3946 242 3998 sr'
263 3961 321 4015 qua
345 3946 405 3999 uisu
433 3952 500 4000 suut
522 3945 599 4015 (sunt
622 3955 717 4000 aretem
745 3946 816 4001 bene
837 3943 936 4016 miella)
958 3948 1147 4018 prolixiorem
1171 3946 1386 4017 uberioremque

112 4031 270 4102 postulare
291 4029 521 4099 disputationem,
546 4048 631 4103 quam
655 4038 685 4085 ut
708 4031 849 4086 commode
872 4037 900 4085 et
923 4031 1035 4086 ubrmde
1058 4034 1129 4086 satis
1151 4033 1229 4085 intra
1253 4037 1385 4085 stolarum

116 4117 290 4171 critiearum
313 4121 365 4169 aul
386 4117 470 4169 etiam
490 4119 677 4186 praeviorum
700 4118 850 4188 anqustias
865 4117 1083 4172 admonitionum
1095 4121 1214 4186 possent
1234 4116 1386 4183 illustrari,

115 4205 152 4255 iis
174 4203 204 4252 in
226 4205 375 4269 postrema
394 4200 594 4271 praefationis
614 4208 700 4272 parte
716 4202 788 4256 dare
803 4203 894 4255 lucem
911 4208 1048 4272 quantum
1064 4208 1110 4256 sat
1126 4203 1188 4267 erit,
1213 4206 1243 4255 ut
1260 4205 1387 4254 tractata

113 4286 267 4355 prolixius
288 4284 441 4352 nitescant,
465 4286 641 4340 conabimur.
689 4284 831 4357 Quidquid
852 4293 946 4340 nutem
967 4288 1206 4356 praestiterimus,
1231 4301 1286 4339 non
1309 4285 1387 4339 dubi-

116 4377 222 4435 tamus,
248 4370 318 4440 quin
333 4385 464 4440 mapnum
480 4373 606 4426 virorum
622 4372 849 4427 doctissimorum
865 4369 1023 4426 Coustantii
1044 4377 1071 4425 et
1086 4369 1243 4439 Mopinotii,
1268 4386 1388 4441 quorum

115 4456 214 4510 labori
235 4456 437 4520 successimus,
461 4455 632 4511 desiderium
652 4455 768 4527 facturi
788 4459 883 4511 sinsus.
927 4455 1056 4512 Plurima
1079 4471 1201 4526 narisque
1222 4457 1250 4509 in
1272 4469 1388 4509 succes·

115 4539 235 4596 roribus
257 4538 471 4609 desiderabunt,
496 4555 570 4613 quae
592 4544 620 4596 in
644 4547 766 4613 utroque
788 4543 885 4595 mirati
906 4548 972 4595 sunt
993 4543 1126 4595 lectores.
1172 4540 1229 4594 Alii
1255 4541 1389 4594 eximiam

116 4626 243 4678 criticae
264 4624 401 4692 peritiam
424 4630 566 4695 repetent,
592 4629 742 4698 requirent
764 4628 815 4680 alii
835 4627 1014 4696 eloquentiae
1036 4626 1232 4695 splendorem,
1262 4627 1388 4695 quaein

113 4707 310 4780 praefatione
330 4710 426 4778 priori
451 4716 523 4766 torno
544 4715 667 4781 praeuia
690 4714 814 4768 manime
842 4713 925 4774 uitat,
955 4713 1071 4782 aliaque
1099 4712 1150 4764 ulii
1175 4709 1389 4764 desiderabunt.

115 4794 158 4850 Hi
183 4809 253 4848 cera
275 4794 438 4848 meminisse
460 4795 607 4864 debebunt,
632 4813 688 4851 non
711 4799 802 4851 omnia
826 4796 954 4850 omnibus
976 4811 1038 4850 esse
1062 4809 1208 4860 concessa,
1233 4801 1260 4848 et
1282 4800 1313 4848 ut
1335 4808 1388 4847 sua

114 4881 222 4951 entique
247 4882 294 4932 cst
318 4879 407 4931 animi
427 4881 568 4951 capitatio,
597 4883 639 4935 sic
662 4889 689 4936 et
712 4883 836 4936 colorem
859 4895 920 4934 esse
939 4883 1101 4951 proprium.
1126 4878 1255 4932 Ceterum
1278 4876 1387 4948 efficie-

114 4980 193 5033 mus,
225 4969 259 5019 nt
288 4975 347 5017 nee
373 4962 445 5032 fides
470 4980 524 5034 nec
550 4966 695 5038 dilipentia
726 4968 923 5037 requirantur.
970 4963 1102 5037 lpnoscet
1130 4970 1223 5018 autem
1252 4963 1389 5032 beniqnus
