3224 5506
126 334 190 397 572
601 347 628 395 s.
646 347 785 395 <assessu
808 347 921 392 mame

129 526 186 567 nee
210 503 249 567 de
277 502 435 587 perceptis
458 502 580 586 gratias
603 500 780 585 referendo,
810 522 869 564 nec
896 503 933 564 ut
955 501 1066 566 eadem
1089 502 1267 567 intemerata
1283 498 1396 566 [lura-

128 609 201 669 rent
223 604 409 688 suppliciter
433 603 643 686 implorando,
668 604 842 666 incolumes
859 605 1007 668 constare
1023 604 1246 689 nequivenmt:
1264 602 1400 689 quana

128 708 230 791 magis
252 711 326 790 post
347 705 630 788 pnmvuricationis
653 706 790 787 ruinam,
814 705 881 790 ini)
905 727 1000 790 quam
1023 706 1109 769 mala
1131 706 1179 770 sui
1199 706 1336 771 confide
1352 699 1404 765 alia

128 811 311 875 Creatorem
333 807 518 871 nullatcnus
540 807 730 890 inquirendo
752 806 914 871 lethaliter
937 807 1130 892 inciderunt,
1154 808 1311 893 absquedi
1328 802 1408 869 wine

128 933 258 976 munere
280 910 345 974 suis
374 909 493 972 viribus
522 909 572 973 vel
601 910 690 994 aegri
717 911 860 993 perstare
882 930 948 974 non
970 915 1126 994 possunt,
1156 911 1297 996 sineque
1368 928 1409 976 uer

129 1014 247 1098 integri
270 1013 440 1097 persistere
469 1012 646 1074 valuerunt.
693 1010 750 1075 Sin
785 1033 858 1074 vcro
887 1012 1056 1096 quisquam
1085 1036 1152 1077 non
1178 1012 1325 1097 possibili
1340 1011 1408 1079 tate

127 1115 292 1181 facultatis
320 1114 495 1196 humanae,
525 1112 579 1177 sed
602 1135 659 1197 per
687 1113 830 1176 divinam
852 1113 992 1198 gratiam
1014 1112 1076 1178 hoc
1099 1119 1221 1180 asserat
1240 1117 1270 1179 in
1287 1116 1318 1178 ln
1335 1119 1410 1204 zach

128 1219 194 1282 vita
216 1216 410 1301 quibuslibet
433 1216 559 1279 sanctis
576 1238 668 1298 posse
692 1216 841 1299 conferri,
866 1216 948 1280 bene
963 1216 1091 1300 quidem
1106 1216 1187 1282 iacit
1208 1218 1287 1303 (nam
1298 1216 1409 1287 dono

128 1320 188 1384 Dei
212 1322 328 1383 cuncta
350 1318 514 1402 possibilia
536 1320 625 1401 snut)
648 1317 727 1400 talia
750 1317 947 1380 confidenter
968 1319 1106 1403 opinari,
1132 1323 1165 1384 et
1179 1342 1294 1405 sperare
1334 1320 1406 1389 fide

128 1422 218 1485 liter:
247 1420 302 1484 sed
325 1424 431 1484 utrum
466 1419 564 1503 aliqui
591 1420 672 1483 tales
681 1421 706 1503 ⁵)
730 1420 924 1501 exstiterint,
953 1420 1008 1503 qui
1030 1442 1131 1505 usque
1159 1423 1197 1486 ad
1218 1422 1292 1487 hanc
1338 1446 1402 1507 per-

129 1523 300 1587 fectionem
337 1523 421 1586 uitae
457 1521 636 1604 praesentis
673 1521 882 1604 accederent,
921 1521 1004 1585 sicul
1039 1544 1198 1608 nusquam
1231 1524 1400 1595 evidenter

129 1625 303 1689 adstruitur
309 1674 318 1707 ,
348 1624 394 1687 sic
422 1646 480 1687 nos
501 1623 597 1687 facile
620 1623 670 1687 vel
692 1623 818 1686 finnare
843 1623 893 1686 vel
915 1624 1108 1708 impugnare
1135 1648 1201 1690 non
1228 1630 1395 1717 convenit

128 1729 294 1812 magisque
315 1726 455 1790 sobnam
478 1728 537 1807 est,
561 1747 599 1789 ex
615 1726 755 1809 ipsorum
771 1725 901 1809 vocibus
916 1726 1147 1809 prophetarum
1167 1727 1387 1812 apostolorum-

127 1852 189 1913 quc
222 1832 416 1910 sauctorum,
449 1830 606 1912 qirratenus
633 1827 728 1911 hujus
759 1828 843 1890 vitae
859 1829 1052 1912 profectum
1081 1830 1187 1894 metiri
1213 1829 1381 1917 debeamus,

128 1952 313 2015 agnoscere,
342 1930 456 2013 quibus
478 1930 588 2014 utiquc
612 1928 646 1992 in
668 1928 728 1992 hoc
751 1930 880 2012 inundo,
909 1933 1067 2015 quantum
1095 1931 1134 1994 ad
1157 1935 1279 1995 sanetae
1300 1931 1377 2000 vilae

127 2033 270 2116 pertinet
291 2032 487 2113 institutum,
512 2031 593 2094 nihil
609 2031 818 2095 excellentius
841 2031 890 2095 rel
906 2033 1004 2096 fuisse
1022 2032 1070 2096 vel
1092 2056 1161 2098 esse
1187 2032 1369 2099 marnfestun
1436 2056 1438 2061 ·

72 2178 77 2186 ·
127 2139 185 2199 est.
230 2134 292 2209 (lui
314 2134 439 2197 etiamsi
468 2133 642 2217 copiosiore
665 2134 725 2197 Dei
748 2156 879 2198 munere
902 2134 951 2198 vel
974 2134 1056 2198 raris
1078 2136 1209 2199 omnino
1230 2134 1271 2198 uel
1290 2132 1366 2197 iniui-

127 2238 187 2301 mis
210 2237 370 2300 humanae
398 2235 591 2299 conditionis
618 2236 820 2319 passionibus
848 2236 986 2319 impetiti
1016 2239 1103 2321 sunt,
1134 2240 1167 2302 et
1193 2234 1362 2301 affluentiore

128 2338 187 2403 llei
216 2338 323 2424 gratia
351 2337 557 2402 mortalitatis
586 2337 697 2422 vitiat)
725 2336 821 2401 facile
849 2341 1052 2423 superarunt,
1087 2361 1153 2404 non
1186 2360 1273 2425 usquc
1303 2335 1359 2398 adet

195 2612 215 2677 ³)
235 2610 269 2663 G'
289 2630 361 2678 picum
380 2608 438 2662 sine
463 2606 669 2677 praepositione
692 2614 735 2670 ia:
758 2608 832 2676 quod
854 2609 1046 2676 observamus,
1070 2610 1136 2679 quia
1157 2610 1223 2664 alibi
1240 2609 1265 2662 in
1278 2600 1354 2659 acad
1432 2620 1436 2625 ·

127 2695 279 2750 aliorumve
297 2694 460 2763 pontificum
479 2693 576 2747 cadem
595 2693 763 2747 constructio
778 2695 911 2747 servetur.
942 2694 1007 2746 Mox
1020 2696 1048 2748 a³
1060 2706 1180 2762 peratore
1196 2694 1252 2749 loeo
1266 2695 1353 2747 aetnae

127 2779 229 2850 posint.

195 2866 216 2932 ⁴)
235 2864 268 2917 0¹
288 2870 312 2917 ia
330 2868 379 2916 bec
396 2868 447 2917 vita
465 2870 496 2918 de
515 2867 671 2933 quibuslibet.
700 2863 818 2930 Moxque
837 2863 865 2916 in
884 2862 976 2917 Const.
991 2863 1118 2930 ‚‚Vatic.“
1136 2865 1214 2919 deest
1229 2882 1283 2918 aaa·
1306 2854 1353 2909 Tm·

127 2951 169 3003 dit
191 2953 220 3003 et
236 2947 406 3017 Augustinus
429 2948 475 3002 lib.
500 2949 534 3002 do
556 2947 728 3016 perfectione
746 2947 989 3016 justitificari.
1010 2956 1054 3015 12,
1076 2950 1233 3019 riegandnm
1251 2962 1295 3001 noa
1311 2952 1352 2993 0⁸⁵⁰
1432 2942 1434 2947 ’

127 3035 266 3089 homiuem
285 3039 423 3100 aetjicaaate
443 3039 493 3087 [tet
512 3033 674 3102 pretiosius
697 3034 813 3102 peccato
832 3050 890 3087 esse
910 3050 1004 3102 possm
1027 3034 1158 3103 idemque
1176 3038 1257 3105 capi
1271 3020 1350 3096 tapetii.
1425 3100 1428 3105 Ι

128 3126 192 3175 hum
209 3126 265 3189 qut,
288 3118 379 3186 inquit
401 3118 435 3171 de
458 3120 596 3187 peccator.
615 3119 706 3172 merit.
725 3119 762 3184 ll,
780 3124 809 3183 6,
828 3124 914 3171 dicuat
931 3138 987 3172 esse
1004 3138 1082 3187 posse
1100 3126 1126 3173 ia
1144 3125 1191 3173 lae
1207 3125 1252 3173 vita
1265 3116 1352 3169 boot*
1425 3185 1428 3195 Ι

125 3212 180 3259 sirie
196 3216 315 3273 peceato,
335 3225 385 3259 aaa
403 3209 507 3257 catillis
525 3210 642 3258 contiuuo
660 3209 761 3257 tricenta
774 3213 915 3257 teneritate
927 3208 1103 3261 resistendum.
1135 3208 1166 3258 Si
1176 3204 1351 3263 entaeaepost
1428 3194 1438 3213 '⁷

127 3295 310 3358 acprioerimus,
333 3298 358 3341 et
380 3293 485 3342 herniaria
507 3293 586 3342 libero
604 3291 727 3357 arbitrio,
751 3295 795 3357 qui
811 3293 858 3343 hoc
875 3294 980 3343 nolendo
1003 3294 1117 3357 appetit,
1143 3302 1170 3344 et
1188 3293 1234 3343 oet
1247 3274 1353 3341 saed
1426 3294 1433 3329 ι’

126 3380 329 3440 misericordiae,
349 3382 393 3443 qui
409 3378 456 3426 hoe
474 3378 620 3440 urijrraaudo
639 3378 731 3440 efficit,
750 3377 934 3442 der-epatium.
1432 3426 1438 3433 ,

195 3463 214 3526 ²¹)
234 3457 364 3523 Quamvis
383 3457 552 3526 August-inus
575 3458 655 3528 epist.
678 3466 724 3513 157
742 3477 769 3512 n.
786 3464 802 3511 4
820 3457 936 3511 scribat:
964 3462 1009 3511 tut
1031 3470 1157 3529 ulceraque
1178 3458 1291 3515 tolerandi
1305 3449 1352 3535 ml
1430 3506 1438 3536 a

127 3550 227 3614 quaerito
245 3549 343 3604 itti-unt,
363 3550 401 3597 uel
418 3564 473 3597 ease
492 3550 531 3597 oei
545 3549 626 3608 fuisse
644 3548 684 3597 tite
702 3550 808 3613 aliquem
823 3552 931 3612 praeter·
948 3563 1021 3596 uatem
1040 3548 1160 3597 Sanctum
1175 3554 1309 3599 sanctam,
1322 3542 1351 3595 i'¹
1429 3594 1435 3605 ,

128 3636 217 3682 territam
234 3633 339 3682 diriteret
357 3634 454 3683 omnino
472 3638 615 3696 peecatum,
638 3646 690 3682 nec
708 3627 792 3685 aliter,
809 3628 856 3681 lib.
876 3627 909 3681 de
928 3627 1100 3696 perfectione
1119 3628 1242 3698 jusiitias
1256 3644 1275 3681 a
1289 3624 1315 3673 ⁶³
1327 3610 1353 3699 ld
1435 3630 1438 3637 “

127 3716 240 3783 quatur:
259 3713 437 3782 postmodum
455 3715 549 3766 tamen
568 3714 666 3767 contra
684 3713 752 3766 (luas
771 3713 902 3783 epistolas
919 3711 1062 3780 Pelagian.
1082 3712 1161 3767 lios
1179 3732 1201 3769 e.
1216 3720 1244 3767 10
1257 3706 1313 3764 nli
1326 3692 1353 3745 dl
1435 3736 1438 3741 ’

127 3798 179 3851 xit:
207 3803 277 3852 Illud
288 3804 346 3865 jura
364 3804 464 3851 tertiam
482 3804 620 3857 uideamus,
640 3804 709 3867 praed
724 3818 774 3851 aoa
792 3804 871 3851 naimo
888 3803 944 3851 istis
961 3817 1033 3852 omne
1051 3802 1148 3853 Christi
1163 3801 1281 3855 aaran
1293 3796 1313 3841 tl
1324 3788 1352 3831 ’θ’
1428 3828 1435 3859 ·.

127 3896 176 3937 treta
194 3888 251 3950 ejus
269 3903 361 3951 corpus
379 3888 513 3944 exhorret,
539 3887 598 3951 qiria
616 3889 769 3937 couteadunt
787 3903 844 3936 esse
867 3887 892 3935 in
910 3886 958 3936 dae
975 3888 1027 3936 vita
1044 3890 1084 3937 oei
1101 3887 1184 3949 sitim
1199 3889 1277 3952 jaros
1289 3872 1354 3925 ΜΨ

126 3973 247 4022 irridentes
264 3973 362 4021 ‹irariiao
380 3979 517 4036 peccatam.
547 3966 605 4021 Ποῦ
618 3967 722 4036 qnippe
740 3966 844 4036 dogma
858 3967 894 4021 ab
907 3967 1057 4022 universali
1069 3968 1181 4023 Africae
1193 3956 1353 4022 eonclll⁰⁸¹¹⁵⁰
1433 4008 1438 4033 ,

126 4060 176 4107 tls
194 4051 363 4119 Carthagine
381 4051 478 4105 habito
497 4069 556 4105 oan.
571 4057 594 4116 ¹1,
611 4054 696 4105 8et9
715 4053 774 4105 tum
797 4052 960 4106 damnatum
984 4052 1085 4107 fuerat.
1115 4052 1187 4109 Vide
1205 4052 1232 4107 el
1245 4038 1353 4113 ,uptun
1428 4076 1438 4113 ᾗ,

126 4137 317 4192 hlilevitauum
335 4137 361 4189 11
378 4154 438 4190 ean.
452 4142 476 4201 6,
493 4142 507 4189 'l
525 4139 554 4190 ct
566 4142 590 4188 8.
625 4135 813 4191 Posteriorem
830 4136 907 4192 illam
919 4136 1068 4205 Augustini
1086 4139 1117 4192 st
1127 4130 1353 4193 Atriemenmffl

127 4223 252 4277 ciliorum
270 4220 437 4277 sententiam
456 4220 583 4275 Gelasius
600 4220 745 4289 ignorasse
760 4220 824 4289 jure
842 4220 981 4276 videatur:
1005 4221 1042 4277 ab
1061 4240 1096 4278 ea
1115 4224 1211 4279 maren
1225 4236 1251 4275 se
1264 4226 1308 4272 not
1319 4196 1353 4255 ψ
1430 4260 1438 4285 .·

128 4323 187 4360 esse
206 4307 274 4361 satis
293 4305 405 4359 indicat.
1313 4370 1319 4383 .
1433 4346 1438 4371 ·.

194 4394 215 4458 ⁸)
233 4390 323 4446 Aliter
340 4390 452 4458 quidem
470 4389 501 4457 ii,
520 4408 589 4458 quos
607 4390 732 4445 Gelenius
750 4389 910 4460 impugnat,
932 4393 961 4445 et
978 4390 1060 4447 aliter
1077 4390 1166 4447 Stoici
1182 4398 1238 4447 uitia
1251 4375 1352 4443 naht*
1396 4460 1399 4465 Ι
1430 4430 1438 4449 ,.

128 4476 204 4529 baut.
240 4475 313 4529 Nam
334 4474 377 4528 his
400 4474 489 4530 omnis
510 4476 601 4528 metus
619 4474 664 4529 vel
686 4475 823 4544 cirpiditas
848 4476 893 4530 vel
914 4475 1023 4531 laetitia
1046 4481 1097 4532 aut
1118 4477 1198 4533 dolor
1218 4480 1287 4531 aaa·
1302 4450 1351 4513 0¹st

128 4561 211 4627 atque
233 4559 336 4614 ideireo
357 4559 517 4630 hujusmodi
539 4558 699 4614 affectiones
717 4577 735 4614 a
751 4576 801 4615 sno
824 4559 949 4631 sapiente
972 4562 1162 4617 removebant.
1198 4559 1288 4617 mnan
1302 4544 1351 4609 Ψ
1430 4580 1433 4585 ·

128 4644 298 4713 ilirgustinus
316 4645 350 4697 dc
369 4643 442 4699 civit.
479 4644 530 4699 Dei
548 4645 565 4697 l.
587 4650 617 4698 14
635 4662 657 4699 c.
672 4652 687 4699 9
706 4648 855 4715 postquam
872 4648 907 4701 de
921 4646 1005 4716 justis
1021 4664 1049 4700 n.
1064 4653 1077 4701 1
1097 4646 1180 4701 dixit:
1198 4644 1297 4699 tiletum!
1306 4634 1349 4695 W
1427 4702 1430 4707 ,

129 4746 184 4780 aum
202 4740 343 4794 aeternam,
366 4738 469 4797 capiunt
490 4736 564 4784 altum
587 4742 729 4793 aeternam,
752 4737 839 4786 doleat
859 4738 885 4786 ia
902 4752 943 4795 re,
967 4740 1027 4803 qnia
1043 4736 1096 4801 ipsi
1112 4738 1139 4785 in
1154 4708 1350 4797 seueaptffl
1432 4788 1438 4795 ,

128 4815 290 4879 ingemiscunt
307 4817 481 4881 ardeptissimo,
500 4827 681 4883 exspectantes
693 4822 889 4885 redemptionem
900 4821 1020 4886 eorporis
1036 4821 1088 4883 ssi,
1105 4822 1218 4887 pandent
1231 4800 1349 4879 iamim
1430 4850 1438 4877 ·.

129 4912 155 4947 u.
175 4904 191 4950 3
208 4895 331 4964 subjicit:
354 4903 381 4951 lu·
401 4909 494 4964 erratus,
517 4903 544 4953 a·
564 4905 672 4967 affectas
694 4906 829 4955 deamata
851 4905 912 4955 bont
928 4912 953 4954 et
974 4906 1006 4956 de
1022 4912 1115 4955 sanda
1131 4906 1236 4957 artae
1250 4886 1347 4951 ff
