3204 5506
471 336 671 384 nascamus
696 337 732 383 11.
757 309 808 384 ni.
1212 321 1275 387 531

100 511 151 556 >ne
176 489 393 574 promendam.
440 488 641 574 Quapropter
675 491 771 553 nimis
805 490 940 555 sollicite
974 490 1196 574 praecavenda
1229 494 1278 554 est

115 592 268 657 insidiosa
288 592 492 677 perversitas,
516 614 598 675 quae
620 614 680 655 nec
695 592 769 655 fidei
785 593 919 656 veritate
941 615 1002 656 nec
1024 614 1130 656 rerum
1151 593 1276 656 ratione

100 694 170 777 stit,
195 699 228 758 et
249 695 346 758 noxia
368 693 548 757 subtilitate
570 695 702 758 molitur
723 695 758 758 in
780 693 1008 758 Restauratore
1024 698 1134 758 nostro
1150 694 1277 778 quibus-

100 818 138 860 ne
157 796 260 860 modis
282 798 377 860 unius
400 795 651 880 intelligentiam
673 796 805 860 definire
827 799 972 861 naturae.

100 899 125 962 2.
147 896 232 962 Nam
254 921 352 983 quum
374 900 442 982 pari
466 898 666 982 blasphemia
688 901 822 983 utraque
845 899 945 983 pestis
968 899 1121 981 insaniat,
1146 899 1180 962 in
1204 920 1277 963 con·

100 1002 139 1086 1²)
168 1000 291 1064 scilicet
313 1000 459 1086 Virginis
487 1023 596 1064 sacrae
624 1004 719 1085 atque
749 1001 819 1084 ipso
851 1000 1050 1084 primordiali
1080 1001 1129 1065 vel
1158 994 1277 1064 initiali

100 1103 142 1166 ini
165 1102 340 1183 Salvatoris
363 1107 486 1184 exortu,
511 1104 563 1187 qui
587 1104 622 1167 in
644 1102 819 1167 visceribus
834 1104 977 1166 intactae
997 1103 1110 1166 matris
1134 1106 1279 1166 cessante

100 1206 131 1269 ni
153 1205 254 1288 patris
277 1205 385 1269 officio
401 1206 510 1269 divina
525 1205 662 1288 sumpsit
676 1205 861 1289 operatione
882 1205 1087 1288 principium,
1111 1205 1280 1268 materiam

100 1308 204 1371 itionis
226 1310 385 1371 humanae
408 1308 447 1370 de
462 1307 644 1370 substantia
659 1307 827 1391 genitricis
843 1306 1026 1389 instituens,
1052 1310 1084 1369 et
1100 1307 1278 1370 unitionem

100 1432 141 1473 ae
162 1409 327 1493 potentiae
350 1408 538 1494 dignatione
561 1431 638 1472 suae
660 1408 840 1492 majestatis
863 1408 1069 1490 impertiens,
1100 1411 1137 1471 ut
1165 1409 1280 1472 utrius·

102 1515 234 1575 naturae
269 1510 476 1574 ineffabiliter
502 1509 606 1573 unitio
641 1511 681 1574 ab
713 1511 783 1593 ipso
812 1531 887 1573 suae
922 1510 1140 1593 conceptionis
1168 1513 1281 1573 exortu

100 1613 202 1677 biliter
232 1635 269 1676 ac
297 1616 446 1695 potenter
474 1613 657 1676 exsisteret:
689 1633 749 1675 nec
777 1613 812 1674 in
840 1615 972 1675 sanctae
1002 1611 1123 1675 Mariae
1151 1633 1280 1695 prorsus

100 1714 149 1778 nis
176 1715 270 1778 istius
299 1714 492 1778 sacramenti
519 1714 689 1797 quicquam
717 1714 766 1777 vel
789 1714 1000 1798 praecesserit
1020 1713 1071 1778 vel
1093 1716 1167 1796 post
1195 1735 1281 1777 secu-

103 1816 200 1879 snerit
223 1816 418 1898 institutum,
442 1815 497 1878 sed
519 1815 614 1898 hujus
637 1816 740 1899 magis
763 1815 857 1879 simul
880 1816 1028 1880 effectum
1044 1815 1186 1899 mysterii
1208 1837 1281 1879 con-

100 1940 125 1981 1s
162 1918 231 2001 ipse
264 1917 481 2001 praevenerit,
522 1940 582 1981 nec
615 1917 682 1981 illic
710 1917 816 2001 aliqua
844 1914 1071 2001 praeveniente
1099 1917 1282 1979 substantia

100 2019 167 2083 ictio
189 2019 345 2083 unitionis
368 2019 548 2102 accesserit,
573 2019 627 2082 sed
650 2019 690 2082 ab
713 2020 859 2083 unitione
881 2019 1025 2102 perfecta
1045 2019 1151 2103 potius
1166 2019 1281 2082 utrius·
1364 2024 1368 2030 '

100 2121 294 2185 substantiae
309 2103 413 2183 'fuerit
435 2122 631 2185 inchoatum.
656 2120 745 2185 Sicut
767 2121 913 2205 Angelus
936 2121 1056 2184 dicenti
1079 2121 1281 2184 venerandae

100 2222 159 2305 ini,
187 2244 285 2306 quum
315 2223 352 2286 de
375 2222 514 2306 gloriosa
541 2222 648 2285 sobole
669 2223 779 2286 futura
802 2226 1024 2306 cognosceret:
1055 2227 1208 2298 Quomodo
1227 2230 1280 2299 liet
1320 2228 1384 2280 Luc.

100 2332 109 2400 ¹,
130 2332 199 2402 quio
219 2332 316 2389 uirum
337 2346 396 2388 nou
410 2332 579 2404 cognosco?
601 2325 783 2409 respondit:
806 2330 938 2404 Spiritus
959 2336 1081 2389 sanctus
1095 2331 1283 2404 superveniet
1296 2303 1414 2361 ¹’34·3⁵·

100 2450 109 2500 ¹,
131 2436 158 2489 et
179 2433 273 2490 uirtus
295 2433 444 2490 Altissimi
465 2432 652 2491 obumbrabit
673 2433 744 2500 tibi,·
762 2440 939 2506 propterca,
965 2433 1045 2506 quod
1066 2449 1106 2490 ee
1127 2440 1156 2491 te
1178 2448 1281 2491 nusce-

100 2540 230 2609 runctum,
261 2533 417 2592 uocabitur
440 2535 535 2594 Filius
558 2534 622 2592 Dei.
658 2528 702 2592 Et
723 2551 763 2592 ca
785 2541 813 2591 te
835 2539 976 2593 uttscetur
998 2531 1053 2611 ait,
1083 2532 1120 2592 ut
1141 2529 1282 2613 proprie-

100 2627 174 2691 nde
196 2632 299 2693 matre
323 2629 508 2692 sumendam
537 2634 666 2692 nostrae
696 2630 888 2693 conditionis
918 2631 1125 2714 exprimerct3
1158 2633 1190 2694 ct
1212 2652 1282 2694 sun·

100 2749 112 2810 t,
136 2731 286 2814 quoniam
308 2731 377 2794 sine
401 2731 592 2815 contagione
615 2731 753 2795 carnalis
777 2733 1055 2815 concupiscentiae
1078 2732 1282 2816 gigneretur3

100 2838 224 2896 orabitur
247 2839 344 2895 Filius
366 2838 437 2915 Dei,
468 2836 504 2896 ut
531 2832 626 2897 simul
654 2832 813 2896 humanae
841 2833 1029 2918 divinaeque
1057 2837 1192 2898 naturae
1222 2833 1283 2896 hac
1330 2829 1333 2834 “

100 2934 233 3016 raptione,
257 2933 342 2998 sicut
364 2934 483 2997 dictum
506 2938 564 3017 est,
588 2934 778 2998 mirabiliter
805 2934 981 2998 uniendum
1007 2936 1156 3018 proderet
1178 2956 1281 2998 sacra·

100 3033 169 3118 ium,
197 3035 371 3099 secundum
399 3038 482 3119 quod
505 3038 675 3120 scripturn:
706 3043 745 3100 Et
775 3042 902 3101 Verbum
924 3059 1000 3101 curo
1023 3041 1143 3113 suetum
1171 3050 1223 3114 est,
1254 3049 1432 3114 ctich.1,1t.

100 3142 163 3201 teuit
175 3145 206 3200 in
217 3142 312 3202 nobis.
336 3136 461 3202 Maleus
469 3140 495 3225 ³)
508 3138 645 3223 Spiritus
660 3139 717 3202 Dei
734 3139 848 3221 dicere,
873 3144 1000 3202 Verbum
1015 3160 1137 3202 curnem
1148 3143 1281 3220 suctum,

100 3253 117 3296 11
137 3238 168 3303 in
192 3261 322 3302 carnem
344 3229 486 3304 Verbum
514 3264 580 3304 non
608 3242 707 3304 fuerit
729 3240 859 3303 omnino
886 3262 1082 3322 conversum,
1113 3240 1282 3304 dummodo

100 3337 202 3423 cipalis
225 3340 381 3405 unitionis
403 3343 596 3407 naturaliter
617 3344 651 3405 in
675 3342 784 3405 codem
806 3340 985 3405 divinitatis
1007 3341 1282 3424 humanitatisque

100 3433 213 3506 lficaret
235 3443 374 3526 pressius
396 3445 580 3527 veritatem3
609 3466 706 3528 quum
734 3443 857 3508 scilicet
883 3447 1054 3527 appareret
1075 3442 1181 3526 ipsum
1204 3441 1282 3505 Ver·

101 3698 176 3763 rent,
197 3696 238 3750 illi
260 3695 423 3751 dividerent.
458 3698 498 3751 Ex
519 3714 552 3752 eo
575 3715 653 3766 vero,
677 3698 751 3767 qnod
769 3696 905 3752 Catholici
927 3697 995 3752 duas
1017 3697 1118 3752 divisas
1139 3702 1284 3767 negarent,

100 3774 173 3834 cant
188 3780 367 3850 Eutychiani,
391 3798 438 3835 eos
459 3781 546 3850 igitur
564 3799 648 3835 unam
667 3782 780 3837 credere
799 3782 913 3848 deberc3
938 3782 1013 3851 qnod
1034 3799 1089 3836 non
1107 3782 1172 3837 inde
1191 3802 1283 3839 conse·

100 3875 126 3930 r,
143 3866 207 3934 quia
223 3866 292 3920 fides
309 3866 383 3919 inter
400 3869 530 3934 auosque
549 3866 642 3921 media
659 3867 727 3920 duas
740 3866 864 3935 quidem,
884 3867 934 3921 scd
950 3865 1066 3921 indivise
1079 3868 1171 3922 unitus
1185 3868 1282 3922 crodit.

100 3961 103 3994 t
126 3949 182 4015 Quo
200 3950 329 4005 nimirum
348 3951 433 4005 beata
449 3951 539 4005 Maria
557 3951 730 4006 Salvatorem
749 3950 888 4020 concepit,
907 3950 980 4005 circa
998 3968 1080 4020 quem
1099 3952 1218 4007 maxime
1231 3953 1283 4007 Nc-

100 4047 121 4085 s
136 4037 164 4089 et
179 4034 320 4104 Eutyches
338 4036 477 4089 errabant.
516 4041 580 4089 ⁴aiam
598 4045 651 4099 itte,
670 4036 761 4103 inquit
778 4037 834 4090 Leo
853 4052 933 4089 serm.
954 4042 970 4090 8
988 4035 1023 4089 do
1040 4039 1096 4090 nat.
1116 4037 1196 4091 Dum.
1217 4056 1238 4091 c.
1260 4045 1283 4103 b,

100 4123 244 4174 uMariam
260 4124 382 4189 uirginem
404 4125 508 4174 bortrinis
525 4127 696 4175 tantummodo
714 4141 790 4175 cresus
808 4134 847 4175 est
863 4127 1019 4189 praedicare
1034 4127 1195 4189 genitricem,
1214 4135 1241 4175 ut
1259 4129 1284 4175 in

100 4216 139 4259 otu
156 4212 213 4272 ejus
230 4216 255 4257 et
279 4218 356 4273 partu
375 4211 442 4258 rrrtilu
464 4209 544 4258 Verbi
562 4218 587 4259 ct
605 4213 691 4260 curnis
707 4211 780 4272 factu
797 4212 875 4260 unitio
894 4212 1055 4268 crederetur,
1075 4212 1135 4274 quio
1153 4211 1203 4259 Dei
1215 4212 1284 4273 fitius

100 4304 139 4343 ree
153 4294 240 4357 faetus
256 4294 292 4342 eit
308 4293 425 4349 bortrinis,
445 4295 492 4342 sed
503 4301 591 4344 creato
609 4294 702 4343 bantini
714 4297 770 4344 sote
781 4311 809 4344 se
822 4297 968 4359 dignatione
980 4298 1124 4344 sociaverit.
1155 4294 1284 4357 Eutyches

116 4375 145 4428 ut
164 4372 343 4443 prosequitur
364 4372 468 4426 ibidem
487 4373 555 4440 Leo,
578 4381 712 4428 unitionem
735 4381 833 4444 quidem
855 4381 881 4427 iu
901 4379 1000 4428 Christo
1024 4379 1129 4427 duarum
1152 4379 1284 4440 consessus

100 4468 232 4520 murorum,
254 4463 302 4511 sed
323 4463 381 4526 ipsu
399 4464 509 4512 unitione
528 4465 556 4512 iri
573 4464 634 4512 dicit
652 4464 779 4527 effectum,
803 4471 829 4512 ut
847 4479 883 4512 ea:
905 4463 1001 4513 duabus
1020 4463 1118 4511 rrntnris
1136 4479 1185 4511 una
1202 4477 1283 4511 rentu-

116 4550 257 4597 nuilutenus
274 4548 380 4595 ulterius
397 4549 536 4597 resistente
548 4547 697 4604 substantia,
717 4564 781 4612 quue
793 4548 882 4612 ubique
897 4549 976 4609 finiri,
995 4547 1046 4596 nisi
1060 4555 1104 4596 urit
1116 4550 1284 4598 corrsrmttioue

99 4635 241 4695 speratione
259 4647 308 4680 non
325 4639 420 4694 posset,
451 4626 522 4681 Vide
541 4627 665 4695 ejusdem
682 4627 781 4680 Leonis
801 4627 879 4696 epist.
894 4633 927 4681 36
944 4645 970 4680 n.
985 4635 1001 4682 3
1019 4629 1048 4680 et
1066 4627 1144 4697 epist.
1160 4634 1208 4681 lbi
1221 4646 1246 4681 n.
1260 4637 1284 4693 3,

100 4726 140 4765 ion
155 4710 282 4765 Flaviani
301 4710 447 4780 epistolam
464 4718 504 4765 26.

100 4800 106 4859 l
123 4796 328 4852 Grammaticus
345 4796 422 4865 leges
440 4799 582 4868 postulunt
599 4805 706 4852 trudente
719 4802 831 4867 Spiritu,-
850 4798 898 4852 sed
916 4797 984 4852 alibi
1002 4796 1088 4851 etium
1100 4796 1225 4852 Gelasius
1238 4814 1285 4851 cas

100 4881 196 4938 nihbns
213 4883 282 4936 locis
300 4882 412 4952 spernit.

1020 4969 1084 5034 34*
