3204 5506
622 375 792 426 ssrsnoan
815 365 866 424 42.
1314 359 1377 426 459
1411 442 1413 447 4

90 531 130 596 ui
174 533 415 618 conscripsere,
438 533 570 598 nomina
592 531 722 617 penitus
744 532 946 616 ignorantur,
971 533 1004 595 et
1019 532 1060 595 ab
1074 530 1256 596 infidelibus
1279 532 1378 617 rel²⁴)
1395 535 1481 587 n.495

90 631 222 701 iotis
242 635 402 720 superflua
428 638 484 700 aut
512 635 617 700 minus
640 637 727 719 apta,
756 656 852 719 quam
873 634 920 698 rei
942 633 1018 698 ordo
1040 632 1148 716 fuerit,
1172 655 1240 698 esse
1262 637 1378 718 putan-
1391 604 1509 655 'm‘

90 756 155 800 r:
207 739 285 803 sicut
307 737 472 821 cujusdam
494 737 664 823 aulacia)
687 741 720 801 et
741 735 893 818 iulittae,
917 737 1001 800 sient
1024 735 1154 821 Georgii
1181 734 1378 822 aliorumque
1407 803 1408 806 ,

90 836 289 919 ejusmodi
317 839 502 925 passiones,
535 861 617 923 quae
652 839 693 903 ah
725 838 895 902 haereticis
927 837 1138 922 perhibentur
1171 839 1375 923 compositae.

90 945 246 1024 optet
265 942 361 1027 quod,
384 945 422 1007 ut
443 941 565 1006 dictum
588 944 647 1025 est,
678 962 720 1006 ne
743 941 792 1005 vel
814 940 892 1005 levis
915 939 1135 1006 subsannandi
1162 940 1299 1006 oriretur
1326 963 1377 1006 oc·

90 1041 208 1127 sio,
234 1044 269 1108 in
296 1047 411 1109 sancte
433 1043 581 1109 Romana
610 1043 746 1108 ecclesia
773 1065 838 1108 non
866 1041 1028 1127 leguntur.
1072 1042 1140 1108 Nos
1167 1046 1277 1109 tamen
1305 1066 1377 1108 curn

90 1145 273 1213 aedicts
296 1146 432 1210 ecclesia
454 1141 488 1210 et
509 1168 620 1210 omnes
641 1149 798 1230 martyres
821 1149 854 1210 et
869 1167 977 1210 eorum
996 1146 1152 1231 gloriosos
1167 1168 1298 1231 agones,
1322 1146 1377 1230 qui

90 1266 158 1309 30
200 1249 301 1333 magis
323 1270 419 1333 quarn
441 1248 623 1313 hominibus
652 1249 720 1312 noti
748 1252 834 1330 sunt,
864 1248 951 1312 omni
978 1247 1147 1312 devotione
1175 1270 1374 1314 veneramur.

194 1349 274 1414 Item
295 1350 379 1415 vites
400 1355 539 1436 patrum,
568 1349 671 1432 Pauli,
702 1350 856 1431 Antonii,
886 1349 1064 1415 Hilarionis
1091 1354 1124 1440 et
1145 1351 1287 1414 omnium
1311 1372 1376 1414 ere-

90 1451 268 1534 itarum,
292 1475 371 1537 quas
393 1457 503 1518 tamen
525 1453 574 1516 vir
589 1453 792 1518 beatissimus
814 1451 1029 1537 Hieronymus
1051 1452 1280 1537 descripsit²⁶),
1305 1476 1376 1518 cum

90 1555 197 1618 mi
217 1553 337 1620 honore
359 1554 559 1641 suscipimus.

90 1704 123 1757 ri
166 1707 214 1761 ab
234 1706 332 1777 ignoto
354 1708 469 1763 anctore
487 1708 636 1778 conscripti
653 1726 670 1763 a
687 1708 780 1762 nnidtis
799 1707 941 1763 catholicis
962 1709 1105 1777 legantur,
1127 1709 1279 1779 improbat.
1313 1709 1376 1764 Non
1411 1755 1414 1759 .
1520 1744 1522 1748 »

90 1790 220 1846 fuere
236 1792 344 1859 tamen,
368 1795 416 1862 qui
435 1794 509 1861 quod
527 1795 654 1847 Romana
671 1793 787 1848 ecclesia
804 1793 915 1864 publice
932 1809 986 1848 non
1004 1793 1199 1863 permittebat,
1218 1794 1303 1848 etiarn
1321 1794 1376 1865 pri·

90 1857 197 1930 tina
212 1876 389 1932 interdictum
405 1880 546 1948 putarent.
583 1878 662 1933 Unde
681 1879 756 1948 apud
774 1879 965 1934 Mabillcnium
983 1878 1111 1947 Liturgia
1129 1877 1226 1934 Gellio.
1246 1896 1311 1949 pag.
1325 1886 1376 1934 467

90 1960 240 2016 asianis
262 1965 423 2018 sanctorum
441 1963 639 2018 Cantianorum
661 1963 781 2033 scriptor
803 1965 951 2033 quosdam,
974 1963 1022 2032 qui
1039 1965 1195 2032 martyrum
1216 1966 1298 2032 gesta
1319 1963 1376 2032 legi

90 2043 299 2114 *ohiberenh
329 2048 432 2103 acriter
453 2047 551 2118 carpit.
599 2049 656 2103 Nos
679 2048 766 2117 igitur
787 2049 838 2102 isto
857 2066 889 2103 ac
912 2048 1015 2102 similes
1033 2050 1159 2103 veterum
1184 2047 1239 2102 loci
1266 2048 1375 2114 docent,

90 2131 214 2185 nanta
229 2132 302 2187 chon
319 2132 454 2202 legendos
471 2133 500 2186 in
518 2132 635 2188 ecclesia
652 2133 738 2187 libros
757 2134 895 2203 majorum
907 2136 1066 2188 nostrornm
1078 2132 1176 2201 religio
1189 2132 1281 2187 fuerit.
1306 2134 1375 2187 Lao·

90 2229 233 2271 cenum
251 2217 398 2273 concilium
415 2235 475 2274 can.
488 2224 522 2273 59
539 2219 638 2272 sancit:
658 2225 752 2272 ririrn'me
770 2224 796 2271 in
814 2239 845 2272 ea
862 2225 984 2288 [spendor
1000 2222 1080 2272 libros
1098 2237 1148 2271 non
1165 2223 1309 2280 canonicos,
1328 2225 1376 2272 sed
1453 2242 1463 2251 ·

90 2301 114 2347 >1
117 2316 173 2351 os
195 2309 327 2358 canonicor
344 2308 437 2358 vereris
454 2324 485 2358 ae
503 2308 561 2358 noni
575 2307 736 2360 Testamenti.
764 2304 914 2357 Decretum
931 2302 1089 2374 hujusmodi
1107 2303 1148 2357 ita
1159 2304 1300 2372 temperat
1312 2319 1375 2358 con·

90 2379 201 2438 limn
215 2388 433 2458 carthaginense
451 2389 502 2454 ΠΙ,
526 2389 557 2442 ut
578 2390 728 2458 postquam
746 2405 805 2443 can.
818 2395 851 2442 47
869 2388 980 2443 stabnt:
1006 2399 1115 2457 praeter
1135 2394 1279 2456 scripturae
1297 2409 1374 2443 cano·

90 2467 180 2520 [0⁰8
195 2478 254 2528 nnis
276 2480 303 2528 in
319 2479 428 2530 ecclesia
449 2480 549 2544 reparer
566 2479 610 2528 rut
629 2479 727 2529 notarie
744 2479 885 2529 diuinarum
902 2479 1102 2543 scripturarum
1124 2475 1209 2544 paulo
1228 2475 1294 2545 post
1312 2474 1375 2528 sub·

91 2546 195 2607 ciat:
218 2566 294 2614 licent
312 2565 388 2613 eiiam
405 2565 455 2628 lepr'
471 2566 605 2626 passiones
621 2571 771 2628 rnnriyrum,
791 2580 863 2628 quum
880 2567 1051 2614 anniversarii
1068 2565 1124 2614 dies
1141 2580 1226 2614 ewurn
1243 2563 1375 2614 celebran-

90 2650 141 2684 Ψ·
182 2639 214 2697 ld
226 2661 336 2713 qnoque
353 2645 432 2698 utin
450 2644 571 2699 ecclesiis
589 2644 731 2714 passiones
748 2645 904 2713 martyrum
922 2645 1094 2714 legerentur,
1113 2644 1188 2714 apud
1201 2644 1296 2700 Gallos
1309 2647 1374 2706 ante

90 2724 206 2779 seculi
223 2729 249 2782 V
267 2728 372 2784 exitum
396 2748 444 2784 usu
467 2733 611 2799 receptum
634 2730 717 2784 iniisse
735 2748 769 2784 ex
787 2749 807 2784 s.
828 2729 950 2784 Caesarii
968 2729 1302 2795 Arelatensis·sermone,
1326 2728 1374 2799 qui

90 2813 109 2848 ²
136 2814 306 2880 appendice
324 2815 401 2869 tomo
417 2814 443 2868 V
460 2832 481 2868 s.
495 2814 643 2884 Augustini
661 2813 733 2870 ttius
750 2816 804 2881 est,
822 2815 969 2884 colligitur.
997 2816 1133 2869 Eumdem
1146 2832 1253 2870 morem
1266 2817 1296 2869 ct
1312 2814 1375 2868 sub·

90 2883 159 2941 ³1¹0
180 2893 216 2952 in
233 2901 388 2955 Romanam
407 2900 552 2955 ecclesiam
569 2900 713 2954 inductum
731 2917 798 2966 esse,
816 2899 894 2954 testis
916 2901 958 2954 ost
975 2900 1109 2955 Hadriani
1127 2902 1139 2953 I
1158 2901 1277 2970 epistola
1295 2907 1323 2965 3,
1346 2899 1376 2953 in

90 2981 147 3027 lust
168 2984 362 3054 praecipitor:
393 2991 470 3040 Vitae
486 2992 654 3055 patrwnrine
670 2989 843 3054 probabilibus
860 2989 1006 3040 auctoribus
1016 2990 1112 3038 minime
1124 2989 1150 3037 in
1162 2990 1269 3039 ecclesia
1287 2992 1375 3052 lapan-

90 3066 148 3114 πῖ
169 3075 446 3126 minoricensis
464 3077 616 3126 iiiulatneet
633 3076 807 3140 suscipiuntur
825 3082 849 3125 et
867 3077 991 3139 lepustur.
1021 3068 1280 3138 Cipusmodiverba
1291 3069 1375 3124 inter-

90 3136 241 3209 '012tioni
264 3155 389 3225 superius
411 3156 526 3211 notatae
548 3157 722 3212 occasionem
746 3155 852 3209 dedisse
875 3154 950 3209 haud
973 3156 1077 3209 tenrcro
1101 3154 1255 3209 videantur.
1292 3154 1373 3208 Prae-

90 3229 171 3319 {³²⁹9
196 3243 311 3295 sanctus
327 3239 506 3308 Benedictus,
525 3242 603 3310 cujas
621 3241 651 3295 in
668 3240 844 3296 latitudinem
863 3256 986 3295 secessus
1004 3239 1040 3294 ad
1058 3239 1161 3294 Gelaaii
1179 3242 1308 3308 tempora
1325 3242 1375 3294 aut

90 3313 217 3378 irate,
234 3327 363 3392 refertur,
382 3326 496 3395 regulae
515 3327 607 3397 capite
625 3335 641 3382 9
659 3342 714 3380 non
732 3325 882 3396 scripturas
901 3326 1010 3379 tanturn
1028 3326 1076 3379 sed
1093 3335 1119 3379 et
1136 3328 1311 3393 expositiones
1328 3345 1373 3379 eo-

90 3403 151 3484 m)
188 3430 260 3478 quae
277 3432 294 3465 α
312 3417 516 3467 saranatissbnis
538 3415 686 3468 doctoribus
703 3417 855 3466 orthodoxis
873 3421 897 3466 et
915 3414 1046 3465 catholicis
1064 3413 1182 3479 putribus
1201 3414 1289 3476 sactae
1306 3422 1374 3476 sunt,

90 3482 138 3538 [Ἧι
161 3496 357 3562 praescribit,
375 3498 450 3565 quod
468 3515 531 3553 cum
548 3498 662 3567 praeter
674 3497 807 3552 ecclesiae
819 3497 963 3551 Romanae
976 3514 1056 3549 usum
1068 3494 1279 3566 praescripsisse
1291 3511 1374 3549 nemo

90 3549 132 3609 ¹¹²¹
154 3582 355 3643 persuaserit,
373 3580 494 3638 maxime
512 3583 559 3652 qui
578 3584 607 3637 ct
622 3582 714 3652 ipsum
732 3581 852 3638 anchorit
870 3579 1012 3636 Gelasium
1029 3580 1059 3634 in
1075 3581 1129 3636 hoc
1146 3581 1258 3636 decreto
1276 3593 1372 3636 tracta-

90 3655 116 3689 Ἠ
135 3667 266 3720 ⁰¹nniun
283 3672 484 3723 orthodoxorum
500 3680 601 3737 patmum
618 3673 739 3735 lependos
757 3667 882 3737 proximo
901 3666 1124 3723 constituentem.

146 3736 209 3814 24)
225 3750 348 3806 prprpm
357 3752 391 3807 F*
409 3763 442 3815 ei,
461 3752 508 3807 alii
527 3753 595 3807 editi
606 3766 659 3807 ant.
686 3752 793 3806 Deinde
812 3753 847 3805 K*
865 3757 970 3814 ideoiis,
988 3751 1065 3807 K³0³
1082 3758 1168 3808 idiotas
1180 3764 1224 3807 out
1236 3757 1374 3817 dictaei

91 3808 171 3888 Q·
211 3838 239 3891 ut
258 3837 381 3905 videtur,
403 3838 564 3906 marginah,
587 3855 643 3907 qua
666 3837 727 3906 quis
749 3855 804 3892 non
825 3835 985 3906 intelligens
1008 3836 1076 3906 quid
1098 3836 1151 3891 sibi
1172 3838 1256 3892 vellet
1277 3844 1372 3901 idiotb,

98 3905 246 3992 r‘'Bioue
257 3922 368 3993 scripsit
385 3936 428 3977 aut
446 3929 522 3978 dictis
540 3924 588 3991 (H⁶
598 3937 644 3978 out
656 3926 744 3991 dicire).
775 3922 810 3977 Ο8
827 3927 858 3977 ub
877 3926 1018 3990 infidelibus
1036 3928 1126 3977 addita
1140 3929 1282 3992 superflua,
1303 3941 1373 3991 quae

90 3979 177 4046 ⁹0th
192 4045 205 4071 ,
220 4008 269 4063 etsi
286 4008 376 4063 minus
394 4008 513 4075 sincera,
536 4009 560 4062 si
577 4011 672 4065 tamon
689 4017 728 4063 oet
744 4014 831 4063 idiotis
850 4007 1021 4076 retinuisset,
1040 4006 1145 4063 Gelasii
1163 4009 1286 4062 mentem
1304 4009 1372 4062 satis

90 4060 145 4159 ph?
183 4092 347 4162 explicaret.
384 4095 449 4148 Mox
468 4097 494 4149 c²
510 4111 567 4162 scq.
586 4100 686 4162 scripto
703 4114 759 4147 esse
774 4104 911 4162 pauninus,
934 4092 1148 4163 praeter'lidom
1167 4091 1289 4146 omnium
1307 4109 1371 4145 mss.

91 4145 204 4226 &¹¹¹8
219 4179 333 4232 verbum
350 4185 447 4234 inserta
465 4178 690 4248 subintelligitur.
1258 4221 1260 4225 .

90 4317 101 4356 ι
147 4245 208 4328 ²⁵)
223 4262 253 4318 In
271 4269 302 4318 16
320 4282 384 4319 mss.
405 4265 501 4332 (etiam
518 4264 555 4318 H,
568 4264 601 4317 F*
614 4264 663 4332 xk)
682 4269 768 4318 Curios·
785 4270 823 4319 uel
842 4270 934 4324 dirici,-
951 4279 1070 4331 moxque
1088 4266 1117 4317 a³
1134 4261 1253 4317 removit
1270 4281 1373 4330 compo-

102 4332 165 4382 “⁸·
220 4347 381 4403 Theodorus
405 4349 490 4403 Iconii
512 4348 669 4419 episcopus,
697 4348 744 4417 qui
767 4349 818 4403 sub
842 4350 925 4403 finem
948 4348 1059 4420 imperii
1080 4345 1228 4402 iustiniani
1250 4346 1294 4401 vel
1317 4363 1373 4401 non

90 4399 197 4480 iusto
220 4435 281 4501 post
308 4433 460 4489 sinceriora
482 4433 644 4488 eorumdem
665 4435 821 4503 martyrum
843 4435 924 4502 geste
946 4451 979 4488 ex
1002 4432 1152 4488 traditione
1174 4431 1297 4485 virorum
1319 4431 1373 4487 fido

157 4520 250 4572 Orum
272 4518 460 4585 concinnavit,
483 4537 555 4574 anno
579 4525 645 4574 1660
667 4537 685 4574 a
706 4519 871 4574 combefisio
895 4518 971 4572 edita
997 4536 1030 4573 ac
1053 4517 1170 4572 subinde
1193 4516 1372 4571 altmnartio

90 4562 170 4639 ἡὴ·
198 4604 378 4659 ostendente
394 4607 550 4674 martyrum
568 4621 677 4672 recusa,
700 4604 826 4659 latetur?
841 4602 871 4656 in
889 4601 958 4656 actis
976 4602 1043 4669 illis,
1066 4619 1137 4670 quae
1155 4619 1228 4656 nunc
1245 4590 1372 4658 Gelenius

90 4656 243 4781 {9¹⁴0an
260 4693 340 4746 uerba
358 4699 464 4745 exstare
480 4696 643 4758 maniumida
660 4701 685 4744 ei
703 4695 843 4745 inconsona
861 4707 990 4757 nuperque
1008 4693 1040 4742 ab
1057 4707 1104 4756 spe
1119 4691 1264 4742 Christiana
1280 4698 1370 4742 extra-

103 4756 153 4803 0‘
192 4780 355 4840 animia,
379 4781 574 4845 inspiraturque
596 4782 640 4831 illa
658 4779 866 4830 Manichaeorum
883 4793 928 4827 seu
950 4779 1057 4828 aliorum
1079 4777 1241 4843 quorumdam
1262 4778 1372 4829 haered-

208 4866 288 4916 aliena
305 4864 465 4914 sentientium
482 4872 539 4915 orte
558 4866 684 4928 confecto.

167 4937 205 5012 ²¹)
220 4944 252 5002 Ρ)
262 4934 427 5017 eommprii,
443 4944 513 5003 editi
524 4952 637 5017 scripsit.
663 4947 729 5003 Mox
741 4946 771 5003 C'
781 4945 816 5003 1⁴¹⁶
825 4945 857 5003 1⁴¹¹
865 4945 906 5002 F¹⁰
918 4965 972 5000 aun
982 4949 1088 5014 nonore,
1105 4943 1143 5003 11³
1155 4945 1248 5005 totum
1259 4945 1371 5004 omittit.
1426 5025 1429 5030 Ι
