3204 5506
553 124 749 175 srtsronan
774 116 824 186 13,
848 115 898 173 20.
1298 110 1360 175 387

10 290 25 323 ⁵
125 280 179 364 uti)
200 301 232 344 ex
250 278 311 344 hac
339 278 434 364 culpa
455 279 562 345 nullus
590 300 671 364 pene
699 280 919 364 episcoporum
946 279 1092 344 videatur
1119 280 1264 345 extorris.
1310 281 1471 348 tuta-4⁹4

17 390 27 461 'T
129 381 192 446 anim
206 402 258 447 nos
276 382 430 466 frequens
452 385 486 447 et
505 383 715 468 plurimorum
729 382 858 469 querela
876 382 1156 467 circumstrepiti),
1179 386 1216 446 ut
1238 405 1277 449 ex
1299 383 1360 448 hac
1373 352 1478 417 ⁴⁹⁵)

10 470 59 569 ³¹⁸3
132 487 196 564 pulc
211 482 285 548 nihil
307 484 437 569 penitus
459 488 589 569 putetur
616 486 837 550 constitutum.
880 486 1016 549 Antores
1044 484 1198 568 siquidem
1226 486 1360 551 illustris

135 585 174 650 titi
193 586 238 651 ilii
258 588 361 651 nostri
384 587 580 653 Amandiani
603 589 745 673 graviter
769 592 1021 672 conqueruntur,
1051 586 1198 652 homines
1220 611 1288 653 suo
1294 589 1360 672 juri

135 685 220 754 debitos
240 689 317 753 elios
340 689 444 755 adhuc
467 690 608 774 clericos,
633 692 712 756 alios
731 692 800 775 jam
815 691 965 756 diaconos
981 690 1159 775 ordinatos3
1182 713 1279 775 quum
1294 713 1361 755 non

136 789 202 855 solum
223 795 293 876 post
318 792 521 876 modernum,
560 794 643 878 quod
670 797 836 858 tantorum
863 793 1053 878 pontificum
1087 792 1273 857 collectione
1302 794 1361 857 sub

10 958 39 991 a
136 893 236 957 onnam
265 893 493 960 saluberrimae
525 896 716 980 provisionis
750 918 883 961 assensu
911 898 1039 960 constat
1072 916 1141 963 esse
1170 896 1359 980 perfectum,

136 988 272 1076 hujusmodi
292 999 482 1085 personasi)
504 997 665 1082 suscipere
680 1021 747 1063 non
763 998 903 1081 deberes
928 998 1150 1062 verumetiam
1166 1000 1193 1063 si
1208 1000 1262 1083 qui
1277 999 1361 1064 forie

10 1084 32 1111 *²
134 1089 276 1162 indivinae
299 1097 420 1164 cultum
442 1099 676 1165 militise'ante
697 1101 820 1165 fuerint
841 1101 1028 1186 ignorantie
1049 1101 1190 1167 faciente
1207 1102 1359 1186 suscepti,

134 1193 259 1264 diuinare
285 1223 416 1286 prorsus
444 1205 477 1265 ct
499 1206 610 1267 exutoe
638 1202 788 1288 religioso
811 1203 980 1288 privilegio
1007 1203 1046 1266 ed
1069 1203 1268 1269 dominorum
1291 1227 1361 1288 pos·

131 1301 248 1367 lusiones
270 1304 361 1387 justa
388 1304 533 1369 debueris
561 1306 779 1370 admonitione
811 1305 1009 1389 compellere.
1063 1304 1107 1370 Et
1139 1306 1226 1388 idco,
1260 1307 1361 1371 frater

129 1403 266 1489 unane,
294 1427 346 1470 eos
369 1428 447 1490 quos
470 1407 645 1491 supradicti
667 1408 728 1472 viri
751 1413 874 1471 actores
897 1408 930 1470 in
955 1407 1122 1472 clericatus
1145 1409 1251 1473 officio
1272 1430 1361 1472 mon-

122 1505 266 1572 miserint
286 1509 430 1590 attineri,
454 1509 612 1574 discussos
635 1512 668 1572 ct
689 1510 842 1573 obnoxios
864 1510 1057 1593 approbatos
1074 1511 1232 1575 custodito
1254 1510 1361 1596 legum

117 1608 221 1674 immite
241 1610 310 1675 sine
333 1610 569 1676 intermissione
592 1611 740 1676 restitue:
763 1613 810 1676 ite
825 1612 909 1675 uisi
933 1612 1002 1695 quis
1022 1612 1091 1695 jam
1115 1634 1152 1674 ex
1173 1613 1212 1677 iis
1230 1612 1361 1698 presby·

109 1711 150 1774 ter
166 1713 336 1797 reperitur,
364 1714 400 1777 in
428 1715 538 1779 codem
565 1713 668 1799 mado
696 1713 847 1800 peculii⁷)
878 1714 945 1778 sola
968 1714 1139 1778 amissione
1161 1720 1359 1800 permaneat,

89 1967 169 2039 epist.
182 1975 201 2023 4
213 1975 270 2022 nt
287 1971 425 2036 asserunt3
443 1969 581 2025 novellam
600 1973 694 2025 autem
713 1970 937 2041 explanationem
951 1987 1012 2025 eam
1027 1969 1257 2040 interpretamur,
1277 1988 1359 2040 quam

84 2051 219 2108 (telesim
237 2053 318 2122 epist.
334 2059 366 2106 14
384 2070 407 2108 c.
422 2060 453 2107 14
470 2055 667 2126 promulgavit.

151 2140 176 2208 ⁴)
195 2138 242 2193 liu
260 2136 292 2202 Q'
307 2138 342 2202 Q'
353 2137 398 2192 X'.
429 2139 448 2192 Z
468 2138 496 2194 e't
514 2139 582 2195 cdiii
600 2146 637 2194 ita
654 2154 681 2196 ut
698 2162 734 2197 ea
750 2147 798 2197 tae
815 2163 902 2198 eausa

149 2225 175 2293 ὅ)
196 2221 339 2278 Gelasium
363 2222 475 2291 quidem
492 2224 554 2293 jam
569 2233 699 2295 poneretis
718 2235 834 2298 querela,
858 2228 890 2280 ut
905 2226 965 2296 ipse
984 2229 1107 2297 loquitur
1125 2228 1204 2298 epist.
1224 2235 1256 2283 14
1275 2247 1297 2283 c.
1319 2235 1359 2297 14,

67 2310 281 2382 permoverat,
304 2310 336 2361 ut
358 2325 392 2363 ca
415 2308 449 2363 de
464 2326 497 2364 ra
519 2311 645 2379 pluribus
664 2312 801 2381 episcopis
819 2313 995 2382 congregetis
1012 2314 1188 2379 decerneret3
1208 2317 1239 2369 at
1256 2314 1304 2368 ubi
1322 2313 1361 2367 di-

66 2394 235 2463 vulgatum
254 2392 298 2446 est
314 2392 369 2447 hoc
386 2394 541 2462 decretum,
560 2396 654 2451 statim
672 2396 748 2451 haud
760 2396 844 2451 dubie
860 2398 1006 2465 permultis
1020 2399 1087 2455 dats
1100 2404 1143 2454 est
1155 2399 1262 2454 occasio
1276 2399 1310 2453 de
1322 2416 1361 2466 re,

65 2497 165 2550 qnam
190 2477 291 2546 inique
313 2478 454 2546 terebant,
476 2480 668 2536 vehementius
690 2483 892 2552 expostulandi.
928 2484 992 2536 Mox
1015 2502 1077 2538 cum
1096 2484 1127 2549 Q*
1147 2484 1180 2537 ll'
1205 2484 1362 2554 scripsimus

62 2570 200 2631 ἀιὸὶιοε,
219 2562 271 2616 ubi
288 2562 357 2617 editi
375 2569 484 2619 deditos.
1233 2620 1237 2627 Ι

143 2654 170 2719 ο)
194 2648 216 2702 Ζ
234 2659 365 2717 pascuae
386 2656 484 2719 suscipi
504 2671 553 2705 non
572 2657 694 2706 dederent
711 2655 761 2720 (0¹⁰
777 2673 903 2721 personae
920 2660 1016 2722 suscipi
1038 2675 1087 2709 reon
1105 2659 1210 2722 debere)
1284 2661 1361 2710 etimi—

60 2743 130 2792 nati
144 2754 272 2805 prorsus
288 2746 315 2787 et
331 2740 405 2789 exuti
477 2741 608 2791 debuerint
626 2743 796 2792 admonitione
814 2746 935 2807 cotapettt.
974 2743 1008 2791 Et
1026 2745 1094 2800 ideo,
1111 2745 1212 2806 fratres
1229 2746 1360 2800 carissimi,

60 2843 137 2895 quos
214 2828 444 2878 manaverit
460 2842 491 2876 ac
506 2825 633 2890 probatos
699 2829 826 2877 restituite
832 2845 841 2883 ;
860 2822 1012 2891 castigatur
1031 2839 1084 2892 ope
1103 2823 1134 2888 ΩΙ
1149 2823 1184 2887 Q*
1195 2824 1229 2877 X'
1245 2827 1291 2890 ll¹,
1310 2823 1360 2877 nisi

16 2904 21 2916 '
60 2906 151 2979 quod
175 2904 216 2958 X'
235 2909 369 2972 ssueipere
386 2926 436 2959 non
454 2911 596 2965 debere...
609 2928 645 2962 esc
662 2913 701 2962 isis
711 2912 848 2977 presbyter
859 2913 990 2962 invenitur.
1020 2910 1111 2976 Atque
1124 2925 1157 2961 ex
1169 2908 1222 2962 hac
1234 2908 1360 2975 lectione,

60 3008 149 3063 qnae
164 2987 253 3061 apud
265 2987 378 3045 Inonem
390 2989 470 3046 valde
483 2993 598 3049 mnfusa
611 2994 663 3059 est,
683 2991 830 3062 colligitur,
848 2992 921 3047 hanc
933 2992 1081 3060 epistolam
1092 2991 1228 3062 Martyrio
1243 2994 1271 3046 et
1283 2993 1360 3047 lusto

60 3096 85 3135 a
103 3075 182 3149 pari
202 3073 290 3129 fuisse
309 3073 450 3145 scriptum,
467 3076 586 3147 ideoque
605 3093 760 3133 sermonem
778 3093 834 3131 non
850 3077 888 3132 ad
900 3079 968 3132 duos
981 3076 1062 3131 simul
1074 3076 1124 3131 sed
1136 3077 1172 3131 ad
1185 3095 1277 3144 unum,
1296 3077 1362 3145 quia

60 3164 201 3233 utrique
217 3158 368 3231 proprium
385 3161 446 3231 ejus
465 3163 622 3233 exemplum
639 3162 807 3217 tradendum
825 3164 898 3230 erat,
919 3162 1050 3218 converti.

142 3250 171 3317 τ)
195 3244 217 3299 Ζ
232 3250 333 3315 peculii
352 3253 394 3301 snt
409 3253 542 3304 arniuione
560 3256 691 3304 muletatus
712 3262 813 3303 maneat
885 3253 993 3318 Reliqua
1015 3253 1110 3316 officia.
1146 3247 1253 3302 Ibidem
1275 3249 1362 3304 verba

61 3342 129 3407 51,oe
218 3335 271 3385 ttae
341 3336 393 3385 utta
414 3331 461 3399 (al.
480 3335 534 3402 itta)
553 3350 615 3388 cum
633 3333 665 3398 Q*
683 3332 718 3388 X¹
738 3333 903 3388 addidimus.
944 3330 1069 3388 Gelasius
1090 3332 1137 3387 hic
1160 3349 1267 3390 morem
1289 3334 1363 3403 gerit

62 3412 283 3475 Valentiniani
299 3414 338 3469 111
355 3416 481 3472 novellae
494 3417 529 3472 de
542 3417 648 3488 judicio
661 3417 812 3488 episcopali
824 3435 897 3472 anno
910 3424 959 3472 452
972 3418 1055 3473 datae
1069 3419 1121 3486 (tit.
1137 3424 1170 3473 34
1182 3424 1197 3483 ξ
1210 3422 1245 3487 6),
1262 3417 1292 3472 in
1306 3436 1363 3489 qua

63 3504 219 3562 aretur:
248 3502 389 3570 Odpinarii
405 3522 467 3558 sane
485 3510 524 3558 oet
539 3511 619 3567 serui,
639 3510 681 3574 qut
693 3509 782 3572 jupam
800 3510 919 3558 nataliam
938 3509 1096 3558 declinantes
1113 3510 1149 3558 ad
1165 3509 1362 3558 eeclesiasticam

62 3612 99 3647 ee
118 3593 253 3646 ordinere
270 3593 467 3654 transtulerunt,
486 3595 603 3658 exceptis
620 3595 760 3658 episeopis,
783 3601 810 3642 ut
827 3594 918 3642 dictum
937 3601 988 3654 est,
1007 3599 1050 3642 ant
1067 3593 1245 3658 prestpteris,
1264 3595 1300 3643 ad
1316 3595 1361 3643 do-

63 3681 211 3733 nimus·
223 3676 294 3740 jura
309 3677 431 3741 redeant,
448 3680 472 3728 si
489 3694 538 3729 non
555 3680 581 3728 in
599 3679 686 3729 eodem
704 3677 789 3741 ospicio
808 3695 898 3727 annum
922 3679 1070 3728 tricesimum
1088 3676 1168 3742 (nota
1184 3673 1366 3744 privilegium

64 3755 254 3817 bioeumlifl
275 3756 513 3829 praescriptionis)
536 3768 713 3830 impleverunt:
739 3765 776 3812 ita
798 3771 825 3813 at
847 3764 922 3826 tejas
944 3764 1096 3814 conditionis
1119 3765 1241 3813 ‹liacoaus
1263 3764 1362 3813 domino

65 3867 124 3918 pro
144 3864 180 3901 se
200 3847 326 3898 amariam
343 3848 450 3908 reddat,
474 3851 540 3899 caini
559 3851 661 3914 pariter
682 3851 781 3913 peculio
799 3851 926 3898 restituto.
963 3848 1039 3897 Circa
1057 3864 1128 3913 quem
1147 3848 1316 3905 nihilominus,
1338 3849 1363 3896 si

66 3937 157 4002 eopia
177 3932 278 3983 sicarii
300 3933 381 3984 dandi
400 3949 451 3984 aon
466 3940 600 4000 suppetat,
624 3949 689 4000 quae
711 3935 743 3984 de
765 3934 910 3983 ministeriis
931 3933 1027 3981 astinem
1048 3935 1166 3996 superins
1187 3939 1245 3982 suat
1266 3937 1363 3981 statuta

67 4024 241 4074 emer.-
264 4010 318 4068 hos
334 4014 390 4082 cst,
414 4015 446 4070 ut
463 4015 588 4071 subnexa
608 4014 710 4070 Auiani
730 4013 927 4084 interpretatio
951 4013 1082 4084 explicat:
1107 4022 1161 4082 ipse
1179 4019 1216 4067 aa
1238 4017 1361 4066 conditio·

68 4123 133 4159 nen
164 4103 312 4170 propriam
333 4111 473 4159 revosetur.
517 4100 560 4155 Ex
582 4117 615 4156 eo
640 4101 746 4167 autem,
776 4099 852 4169 quod
879 4100 989 4154 saeculo
1019 4098 1152 4152 obnoxios
1176 4095 1362 4152 ecclesiastico

70 4204 127 4244 seu
147 4181 293 4254 religioso
310 4182 463 4239 ministerio
482 4184 619 4256 obstringi
641 4185 767 4254 iniquum
789 4184 938 4254 aliquando
960 4183 1048 4238 visum
1070 4186 1124 4249 est,
1148 4181 1267 4252 percipit
1291 4180 1361 4251 quis·

70 4289 150 4344 que,
178 4268 290 4338 quanto
312 4266 434 4338 iniquius
456 4268 545 4324 videri
567 4269 681 4337 debeat,
708 4268 768 4325 Deo
791 4269 918 4324 addictos
940 4268 1042 4322 saeculi
1063 4266 1174 4322 servitio
1198 4265 1362 4335 mancipari.

71 4359 174 4415 Porro
195 4354 233 4410 ds
253 4351 342 4408 citata
357 4352 763 4412 Valentiniani-constitutione
786 4356 815 4409 et
836 4354 871 4409 de
893 4353 982 4408 altera
1003 4353 1119 4407 Zenonis
1136 4350 1267 4420 Augusti,
1291 4368 1362 4419 quae

72 4442 211 4499 mann
233 4438 255 4493 i
278 4443 313 4495 37
335 4437 397 4493 ood.
419 4438 488 4494 Just.
512 4439 541 4508 l,
563 4448 578 4497 3
606 4443 705 4510 postea
730 4438 900 4494 iustinianus
922 4438 1011 4493 novel.
1037 4444 1085 4493 123
1107 4456 1129 4491 c.
1154 4443 1184 4491 1‘t
1208 4434 1362 4505 derogavit,

73 4528 128 4583 nbi
149 4526 234 4580 inter
257 4521 316 4578 ulia
333 4522 432 4578 suein
458 4529 643 4594 Adseriptttios
665 4532 691 4578 in
713 4531 776 4592 ipsis
797 4526 1011 4592 possessionibus,
1034 4528 1060 4576 in
1083 4513 1171 4593 preibis
1187 4533 1246 4575 sunt
1263 4527 1362 4576 adscri-

71 4619 167 4684 pt‘m's‘,
195 4615 312 4667 ciericos
339 4613 417 4662 etiam
440 4619 548 4677 praeter
572 4616 722 4665 uoluntatem
747 4614 901 4664 dominorum
923 4614 984 4677 fleri
1007 4614 1187 4676 permittimus:
1222 4611 1259 4660 ita
1281 4617 1363 4661 tamen

74 4712 105 4755 nt
126 4702 226 4755 cleriei
245 4697 319 4764 sacti
339 4697 480 4760 inpositam
501 4698 549 4750 siti
570 4700 750 4764 sprautturam
773 4700 936 4761 adimpleant.
973 4692 1045 4748 Vide
1072 4692 1220 4748 concilium
1241 4689 1364 4746 Aurelia·

1097 4778 1162 4846 25*
