3204 5506
275 333 316 397 80
639 347 773 395 uorurn
796 346 947 395 annuum
970 344 1007 393 m
1029 346 1168 394 eunnsrr

270 510 406 573 edisserit,
427 508 543 582 quodam
564 508 644 564 mode
666 511 783 580 pertinet
798 510 863 565 haec
877 508 1038 581 disputatio,
1065 508 1092 562 iu
1108 523 1160 580 qua
1176 507 1311 562 homiuem
1326 505 1359 562 ab
1376 503 1543 579 hujusmodi

270 611 360 669 pugna
375 594 546 668 postmodum
560 592 725 649 liberandum
741 610 813 655 esse,
838 591 1009 666 comprobata
1029 591 1161 665 cujusque
1182 593 1209 647 in
1227 592 1338 666 proprio
1353 607 1425 647 sexu
1441 607 1542 647 resur·

269 681 389 735 rectione
404 678 528 735 adstruit.
557 679 649 752 Neque
664 696 727 735 vero
743 678 777 734 de
792 678 909 754 qualibet
925 694 1069 750 corporum
1084 677 1302 733 suscitandorum
1318 676 1462 751 qualitate,
1489 675 1543 733 sed

269 763 303 820 de
317 781 348 819 ea
363 781 428 826 una,
445 781 514 838 quae
529 764 633 820 leminis
648 765 790 838 competit,
811 763 940 837 disputat.
975 762 1039 818 Nam
1061 778 1144 837 quum
1165 761 1310 817 nonnullos
1326 761 1395 818 laiso
1415 760 1543 835 quodam

270 848 380 923 pudoris
395 849 492 905 affectu
506 848 640 911 detentos,
658 857 748 905 utrum
763 849 812 904 hae
827 850 854 903 in
869 849 979 922 proprie
995 864 1061 903 seru
1076 855 1247 902 surrecturae
1258 848 1328 909 siut,
1350 845 1482 903 dubitare
1498 845 1545 904 rel

271 936 350 990 etiam
370 934 423 991 hoc
442 951 553 1008 prorsus
574 932 685 990 inficiari
705 933 870 995 adverteret,
892 934 918 989 id
938 931 989 988 sibi
1009 934 1151 1007 operosius
1173 930 1340 1005 probandum
1361 931 1458 994 duxit,
1484 947 1545 1006 qno

271 1029 370 1094 negato
392 1021 598 1075 resurrectionis
619 1017 699 1074 fldem
720 1018 791 1074 haud
806 1018 978 1074 mediocriter
993 1016 1144 1073 labefactari
1160 1034 1215 1072 non
1230 1016 1382 1092 ignorabat.
1424 1016 1495 1073 Nam
1520 1017 1545 1073 si

271 1105 297 1159 in
312 1106 422 1179 proprio
437 1121 505 1160 sexu
519 1121 574 1161 uon
589 1112 737 1178 resurgunt
749 1103 871 1167 feminae,
888 1120 943 1159 nou
961 1111 1088 1176 resurget
1106 1104 1221 1176 quisque
1238 1103 1265 1157 in
1279 1103 1391 1176 proprio
1408 1118 1543 1175 corpore,

271 1188 393 1264 adeoque
408 1207 458 1246 nec
473 1189 567 1253 stabit,
585 1189 658 1264 quod
673 1188 820 1251 credimus,
838 1204 1057 1262 unumquemque
1074 1204 1181 1249 eorum,
1198 1203 1266 1261 quae
1278 1189 1363 1262 gessit
1378 1188 1407 1243 in
1422 1187 1544 1261 proprio

272 1291 401 1348 corpure,
417 1277 550 1330 rationem
566 1292 626 1330 esse
641 1273 818 1331 redditurum.

354 1359 383 1416 3.
413 1360 442 1415 ln
458 1360 510 1416 hoc
524 1368 639 1416 tractatu
654 1360 772 1433 quamvis
788 1358 905 1415 solutior
919 1376 950 1424 ac
965 1358 1088 1415 diffusior
1103 1360 1223 1414 minusve
1240 1357 1389 1420 elaborata,
1412 1374 1499 1432 quam
1515 1359 1544 1414 in

271 1444 408 1501 nonnuliis
424 1444 482 1501 aliis
497 1446 618 1518 scriptis.
636 1444 701 1500 duat
716 1447 812 1506 oratio,
828 1443 973 1500 identidem
991 1453 1080 1501 tamen
1096 1451 1243 1499 occurrunt
1257 1445 1386 1517 propriae
1403 1441 1544 1517 quaedam

272 1528 368 1585 Gelasii
387 1528 551 1592 locutiones,
573 1528 669 1604 quibus
690 1531 824 1603 genuinus
846 1529 904 1601 ejus
924 1546 1021 1603 pareus
1037 1530 1240 1586 internoscitur.
1271 1527 1316 1584 Sic
1331 1545 1395 1583 vere
1412 1527 1543 1602 plerum·

271 1632 323 1687 que
338 1617 490 1689 Augustino
506 1616 630 1678 conciuit,
646 1625 675 1671 ut
690 1631 756 1688 quas
772 1632 803 1670 ex
815 1614 936 1670 familiari
952 1614 1010 1686 ejus
1026 1615 1144 1671 lectione
1160 1614 1249 1670 hausit
1264 1614 1423 1676 sententias,
1440 1630 1456 1670 e
1474 1630 1544 1688 pro·

273 1702 333 1773 prio
349 1699 425 1756 fonte
441 1700 585 1756 decurrere
600 1700 712 1757 diceres.

354 1784 383 1840 4.
410 1784 560 1859 Optaudum
575 1785 654 1849 ieret,
677 1795 707 1842 ut
722 1802 736 1840 e
751 1787 923 1860 castigatiore
938 1792 1019 1858 atque
1034 1786 1183 1859 integriore
1199 1783 1344 1858 exemplari
1360 1784 1382 1839 is
1399 1792 1540 1840 tractatus

270 1870 424 1945 prodiisset.
455 1869 508 1925 Sed
523 1869 590 1927 bene
606 1879 660 1935 est,
682 1870 754 1944 quod
776 1887 838 1926 eum
853 1870 986 1926 humanus
1008 1868 1097 1926 editor
1116 1887 1167 1943 pru
1190 1885 1264 1926 more
1286 1885 1336 1925 suo
1357 1885 1467 1925 summa
1487 1868 1542 1926 lide

270 1971 426 2030 expressum
446 1955 519 2011 nulla
539 1958 687 2012 mutatione
706 1956 775 2012 iacta
795 1955 827 2011 ad
848 1973 898 2012 uos
921 1956 1075 2011 transmisit.
1121 1954 1211 2010 Satius
1232 1962 1275 2010 est
1295 1955 1382 2018 enim,
1410 1963 1541 2012 veterum

269 2039 416 2115 scriptaad
432 2041 568 2114 archetypi
584 2039 664 2096 fidem
679 2050 769 2098 exacta
784 2057 845 2096 eum
860 2041 977 2102 mendis,
999 2056 1078 2115 quam
1099 2057 1131 2096 er
1152 2038 1316 2111 conjecturis
1338 2038 1370 2094 ab
1394 2039 1541 2115 archetypi

269 2125 359 2181 littera
373 2127 484 2181 remotis
500 2142 550 2181 uec
564 2128 628 2182 satis
644 2125 810 2182 evidentibus
826 2127 983 2199 inspeciem
1000 2125 1137 2199 castigata,
1154 2140 1184 2179 re
1200 2133 1289 2180 autem
1305 2141 1367 2180 vera
1382 2123 1540 2182 adulterata

270 2209 408 2272 exhibere,
424 2212 580 2284 praesertim
596 2213 620 2266 si
634 2210 836 2267 denuntiatione
852 2211 921 2266 iacta
937 2211 1023 2267 lector
1038 2227 1092 2266 non
1107 2218 1319 2267 commoneatur.
1347 2209 1447 2265 Verum
1465 2209 1542 2266 hunc

271 2313 349 2352 nemo
365 2312 419 2351 uon
434 2297 571 2351 censuerit
586 2297 669 2369 magis
685 2295 865 2370 probandum,
889 2297 935 2369 qui
950 2304 1094 2370 postquam
1110 2296 1137 2352 in
1153 2293 1333 2350 emaculandis
1349 2293 1456 2350 mendis
1473 2311 1540 2371 ope·

269 2398 325 2436 ram
340 2379 486 2436 contulerit
500 2397 590 2444 suam,
607 2381 659 2436 hoc
675 2389 886 2455 temperamento
902 2388 1006 2442 utatur,
1025 2389 1053 2436 ut
1068 2379 1238 2451 conjecturas
1249 2377 1402 2452 probabiles
1415 2378 1541 2437 indicare

271 2466 335 2521 satis
350 2464 459 2528 habeat,
481 2472 508 2521 et
523 2464 689 2521 evidentibus
710 2466 812 2522 mendis
835 2466 938 2521 monito
953 2466 1028 2539 prius
1043 2465 1146 2521 lectore
1171 2465 1300 2521 lectiones
1322 2462 1483 2530 substituat,
1505 2463 1540 2521 de

272 2567 383 2625 quarum
404 2551 514 2605 veritate
535 2557 642 2606 constet
668 2558 713 2605 aut
728 2560 801 2607 certe
822 2550 886 2606 nihii
902 2567 986 2624 prope
1001 2549 1160 2624 ambigatur.
1191 2549 1239 2604 Cui
1254 2549 1364 2624 regulae
1380 2549 1540 2612 haerentes.

270 2637 310 2690 sie
323 2637 404 2690 istum
420 2632 575 2690 exhibemus
591 2625 746 2697 tractatum,
767 2644 796 2691 ut
812 2635 876 2691 nihii
892 2637 920 2691 in
935 2653 968 2690 eo
983 2644 1029 2690 aut
1044 2652 1129 2709 prope
1145 2634 1211 2691 nihil
1227 2634 1286 2690 inre
1302 2651 1458 2709 speremus,
1492 2633 1538 2691 ubi
1580 2662 1584 2667 ·

271 2719 357 2776 lector
377 2718 411 2774 de
431 2720 549 2774 auctoris
564 2721 697 2775 sententia
713 2720 828 2777 haereat.
860 2719 948 2776 Primo
964 2720 1072 2795 quidem
1088 2736 1148 2776 eum
1164 2718 1197 2774 ad
1213 2718 1327 2775 alterum
1339 2719 1485 2776 Vaticanae
1500 2718 1540 2776 bi·

270 2804 420 2860 bliothecae
435 2802 553 2860 codicem
568 2807 728 2880 recognosci
743 2808 905 2867 curavimus,
922 2805 1034 2879 ejusque
1050 2822 1101 2879 ope
1117 2803 1247 2861 nonnulla
1263 2804 1410 2860 emendata.
1434 2804 1547 2862 Deinde

270 2890 346 2946 illum
362 2906 394 2945 ex
410 2906 457 2945 ore
468 2888 598 2945 dictantis
604 2899 753 2964 exceptum,
769 2908 824 2948 nou
837 2908 851 2945 a
863 2889 970 2946 librario
981 2892 1098 2964 propriis
1111 2890 1194 2946 oculis
1211 2889 1346 2963 exemplar
1356 2888 1541 2964 praelegente

271 2974 434 3048 descriptum
454 2991 514 3030 esse
536 2974 722 3039 observantes,
744 2978 770 3031 in
786 2993 841 3050 quo
857 2977 928 3031 auris
946 2993 1056 3050 peceare
1073 2975 1168 3039 soleat,
1185 2973 1331 3049 diiigenter
1346 2974 1539 3048 expendimus,

272 3069 352 3134 atque
367 3060 416 3115 bae
431 3058 571 3134 diligentia
587 3058 669 3134 louge
684 3061 775 3134 piures
792 3062 843 3118 ioci
858 3061 989 3134 castigati.
1020 3060 1156 3117 interdum
1173 3061 1251 3115 etiam
1267 3059 1323 3115 sola
1340 3059 1470 3115 mutanda
1486 3060 1540 3118 luit

270 3146 465 3219 interpunctio.
488 3153 517 3200 ut
532 3147 576 3206 iis,
600 3147 645 3218 qui
661 3147 745 3202 manci
755 3146 920 3207 ¹videbantur
935 3155 1016 3221 atque
1031 3145 1130 3208 mutili,
1152 3162 1200 3200 sua
1215 3145 1356 3220 integritas
1372 3144 1541 3203 redderetur
1595 3186 1598 3211 ,

272 3239 317 3286 aut
333 3232 422 3304 potius
438 3230 504 3285 nihii
519 3229 638 3286 defuisse
653 3229 910 3304 deprehenderetur.

454 3413 493 3474 In
513 3413 629 3476 Galerii
649 3430 750 3492 papae
769 3419 938 3478 tractatum
958 3417 1001 3478 VI
1024 3413 1163 3498 (.,Sedent
1178 3413 1335 3498 quidam“).

207 3535 259 3605 [α’]
360 3537 387 3592 1.
399 3535 616 3608 lupercaliorum
627 3538 708 3592 ritum
719 3536 751 3592 ad
759 3535 854 3594 Gelasii
866 3538 1091 3613 temporaRomae
1102 3555 1326 3612 perseverasseac
1338 3545 1538 3613 tumpatrouos

273 3619 405 3684 irabuisse,
421 3620 569 3676 nonnullos
583 3621 826 3695 scrupulosmovit.
848 3623 885 3679 De
899 3624 1013 3698 siugulis
1028 3626 1050 3679 si
1063 3625 1126 3698 quid
1139 3623 1311 3699 praeiandum
1327 3624 1387 3688 erit,
1403 3641 1456 3681 suo
1473 3625 1537 3684 ioco

273 3706 430 3762 disseretur.
447 3705 499 3760 Sed
511 3705 544 3761 de
554 3723 596 3769 eu,
604 3708 758 3780 quiprimus
769 3725 831 3764 sese
843 3707 877 3763 ob
886 3709 980 3765 oculos
993 3709 1145 3781 oilertjure
1156 3709 1411 3771 miraturbaronius,
1418 3720 1538 3785 posttot

271 3791 481 3847 Christianorum
493 3792 683 3864 imperatorum
691 3791 775 3847 edicta
788 3792 915 3849 adversus
927 3793 1113 3858 idololatriam,
1126 3802 1189 3868 post
1201 3802 1242 3850 tot
1254 3802 1409 3850 sanctorum
1420 3795 1537 3869 pontid·

271 3876 375 3933 eumad
387 3876 583 3949 exstirpandam
589 3875 706 3932 adhibita
716 3877 811 3939 studia,
823 3895 878 3934 neu
891 3880 1184 3953 mhmsstuitumquam
1195 3876 1538 3953 impiumLupereaiiorum

271 3979 329 4018 eam
344 3963 434 4024 ritum,
458 3963 505 4035 qui
520 3969 581 4016 ante
595 3960 704 4017 Romam
720 3962 854 4018 conditam
868 3966 896 4020 in
910 3963 1011 4019 ltaliam
1027 3964 1114 4020 luerat
1129 3964 1264 4028 advectus,
1282 3965 1314 4019 ad
1330 3963 1428 4020 Gelasii
1445 3983 1537 4041 usque

272 4055 393 4121 tempora
404 4049 431 4102 in
443 4045 509 4102 urbe
522 4047 640 4120 viguisse
651 4055 732 4120 atque
744 4046 868 4104 habuisse
879 4048 1232 4125 defensoresneupagauos
1239 4048 1286 4105 sed
1293 4048 1470 4116 Christianos,
1478 4070 1537 4109 non

270 4131 391 4206 piebejos
407 4148 530 4207 quosque
544 4132 592 4187 sed
607 4133 748 4206 primarios
759 4143 948 4197 coronatores,
965 4136 1019 4207 qui,
1036 4135 1108 4208 quod
1121 4133 1200 4190 iidem
1210 4151 1280 4209 pene
1292 4149 1399 4190 omnem
1410 4146 1536 4211 superat,

270 4217 424 4291 lupercalia
439 4234 494 4273 uon
509 4224 612 4273 tantum
629 4216 773 4274 tuebantur
788 4227 817 4274 ut
832 4218 984 4293 spectacula
995 4236 1067 4276 mere
1084 4219 1186 4276 ludrica
1198 4237 1228 4275 ac
1242 4219 1349 4294 populis
1361 4218 1535 4279 oblectandis

270 4302 379 4367 idonea,
395 4302 443 4359 sed
459 4310 488 4359 ut
503 4302 667 4359 Christianae
682 4302 843 4377 reipublicae
858 4305 1038 4360 necessarium
1053 4305 1165 4368 cultum,
1181 4304 1258 4375 cujus
1270 4303 1381 4361 abolitio
1398 4305 1536 4366 malorum

271 4389 403 4458 omnium,
421 4387 517 4461 quibus
533 4397 597 4445 tuuc
611 4386 816 4453 conficiebatur,
837 4390 1048 4464 nominatimque
1063 4390 1231 4466 pestilentiae
1251 4399 1332 4464 atque
1352 4388 1430 4447 tamn
1452 4410 1537 4451 eausa

269 4479 296 4526 et
312 4475 389 4546 urigo
405 4481 487 4528 esset.
799 4539 801 4543 Α

355 4559 383 4614 2.
413 4557 487 4613 inter
507 4559 557 4614 hes
577 4567 666 4615 autem
681 4559 899 4633 lupercaliorum
919 4569 1049 4634 patronos
1070 4562 1230 4635 praecipuus
1245 4570 1302 4617 erat
1316 4560 1535 4631 Andromaehus,

269 4643 292 4698 is
307 4643 378 4716 ipse,
395 4652 424 4698 ut
439 4643 552 4701 Barouio
567 4644 681 4706 videtur,
697 4645 788 4701 Fausti
804 4644 955 4701 officiorum
969 4648 1091 4720 magistri
1107 4647 1202 4712 irater,
1218 4646 1264 4702 ille
1279 4649 1389 4721 iuquam
1404 4652 1451 4706 cir
1465 4653 1535 4710 uun·

269 4731 338 4783 stris
351 4729 582 4801 Andromachae,
605 4729 682 4800 eujus
704 4739 731 4785 et
747 4748 827 4804 opera
843 4748 907 4787 usus
924 4739 965 4787 est
981 4731 1116 4796 dolosius,
1138 4741 1234 4807 utpote
1249 4731 1281 4788 ab
1296 4749 1329 4788 eo
1344 4733 1536 4795 abundanter

270 4817 429 4870 instructus
443 4816 562 4878 dicitur,
581 4824 612 4872 ut
627 4817 831 4873 cohortaretur
845 4819 984 4873 Acacium
999 4820 1128 4891 deposito
1144 4820 1331 4895 obstinatione
1345 4822 1535 4894 resipiscere.

269 4898 293 4954 is
311 4915 373 4955 vero
394 4916 476 4972 quum
492 4899 618 4957 clericum
640 4901 754 4973 aliquem
770 4901 893 4959 adulterii
910 4903 1056 4959 insimulari
1072 4905 1247 4979 contigisset,
1269 4903 1331 4961 iude
1352 4920 1446 4964 ausam
1467 4911 1536 4967 arri·
