3224 5506
576 356 769 406 EPISTOLAE
791 347 845 405 15.
870 348 919 405 16.

610 543 792 647 Epistola
819 544 873 626 lt.

211 696 406 783 Simplicii
428 713 539 781 papae
560 696 603 762 ad
626 695 794 763 Acacium
818 697 1265 780 tonstantmopoutauum.

14 842 42 891 8.
105 839 161 888 lla
186 846 315 889 excusat
328 838 476 903 Simplicius,
495 839 563 904 quod
575 838 948 901 Acucinsr‘mpernteria,jecsan
967 847 992 887 et
1010 840 1100 903 quietis
1117 856 1195 890 causa
1209 842 1346 891 Antioche·

105 942 178 974 num
203 925 358 974 antistitem
375 924 509 979 ordinarit,
527 930 554 971 ut
571 924 693 986 deinceps
705 923 879 973 Arcilocdeune
898 925 1020 973 ecclesius
1031 939 1078 972 sna
1090 926 1149 973 velit
1160 927 1226 987 jura
1238 929 1345 976 seruari.

256 1038 499 1123 Simplicius
528 1038 738 1122 episcopus
761 1038 908 1101 Acacio
937 1039 1123 1122 episeopo
1146 1039 1380 1105 Constanti-

357 1140 585 1225 politsno¹).

171 1242 445 1309 Clementissimi
474 1241 629 1326 principis
657 1241 773 1305 litteris
799 1245 936 1324 tuaeque
958 1242 1138 1305 dilectionis
1161 1244 1199 1306 (le
1222 1245 1380 1328 sacrilega

62 1354 102 1410 et
129 1345 385 1410 funestissima
408 1343 512 1425 caede,
536 1365 617 1428 quae
640 1343 724 1428 apud
740 1343 947 1407 Antiochiam
970 1346 1058 1407 facta
1081 1349 1139 1425 est,
1164 1346 1325 1408 sauciatus
1348 1349 1381 1408 et

62 1449 233 1512 rrimium
259 1446 400 1511 affectus
426 1467 578 1526 moerore,
602 1444 794 1528 respondeo:
818 1445 997 1525 adstruens,
1023 1447 1060 1527 si,
1090 1468 1172 1529 qrrrae
1191 1440 1379 1528 jamdudum

62 1552 110 1614 de
136 1549 259 1614 Petro
292 1547 423 1632 atque²)
447 1547 517 1610 aliis
541 1547 748 1630 complicibus
777 1569 884 1610 eorum
913 1549 1113 1630 scripseram,
1146 1553 1178 1610 et
1206 1552 1242 1611 ut
1265 1549 1379 1631 pietati
1463 1607 1465 1612 .

63 1654 146 1735 ejus
175 1673 265 1715 enm
294 1649 409 1713 ceteris
424 1649 478 1743 qui
494 1649 629 1711 aderant
643 1648 798 1712 fratribus
814 1670 988 1733 suggerere
1004 1650 1212 1732 postularam,
1236 1656 1274 1714 ut
1288 1673 1379 1735 opor-

62 1758 206 1835 tuerat,
237 1750 431 1814 ordinatum
452 1749 577 1833 fuisset,
601 1750 834 1814 haereticorum
857 1751 1022 1814 temeritas
1046 1752 1085 1814 ad
1108 1756 1236 1814 tantum
1251 1753 1379 1817 facinus

62 1879 140 1921 non
159 1854 323 1934 veniret,
341 1854 434 1927 nee³l
450 1851 570 1936 aliquid
586 1852 790 1917 necessitatis
809 1853 988 1934 exsisteret,
1012 1856 1128 1917 utnon
1145 1855 1239 1918 aliter
1253 1855 1378 1938 praedi-

63 1964 147 2023 ctae
165 1954 418 2022 stabveniretur
432 1954 596 2031 ecclesiae,
614 1954 677 2017 nisi
692 1959 728 2018 ut
743 1955 862 2038 aliquid
878 1955 917 2017 de
928 1955 1001 2038 jure
1015 1956 1084 2037 ejus
1098 1955 1220 2018 ornatio
1237 1956 1306 2038 ipsa
1322 1957 1379 2019 mi·

63 2064 214 2125 nueret.
269 2056 429 2131 Quamvis
457 2055 543 2119 eninr
573 2057 745 2140 profecerit
767 2057 806 2120 ad
829 2057 979 2140 quietem,
1004 2057 1085 2139 quod
1110 2056 1377 2121 Christianissimi

63 2161 252 2248 principis
275 2158 427 2241 jussione
449 2157 498 2221 vel
521 2157 590 2221 sine
613 2158 810 2241 praejudicio
834 2180 993 2222 canonum
1016 2180 1034 2220 a
1056 2161 1113 2220 tua
1129 2159 1264 2221 caritate
1279 2158 1378 2223 tuerit

64 2260 382 2329 Antiochensibus
405 2259 572 2343 episeopus
594 2260 770 2341 ordinatus,
800 2264 909 2323 tamen
935 2282 999 2323 non
1024 2261 1163 2323 estsine
1186 2260 1308 2323 invidia
1330 2263 1377 2324 fs·

63 2375 178 2447 ctum,
219 2362 323 2446 cnjus
355 2361 532 2425 cavendum
559 2361 709 2446 deinceps
733 2361 829 2426 etiarn
853 2362 911 2425 ille
938 2365 1087 2441 testatur,
1118 2362 1171 2445 qui
1200 2363 1375 2445 praecepit,

351 2489 361 2492 -
383 2486 412 2493 ..-

62 2538 144 2591 hanc
166 2551 243 2589 esse
264 2534 370 2585 notum
389 2531 569 2596 consularem,
587 2533 683 2584 monet
702 2531 803 2600 Pagius
827 2548 860 2584 ac
881 2549 933 2599 pro
954 2536 997 2584 Illi
1017 2530 1166 2598 legendum
1189 2531 1249 2584 vrrlt
1269 2536 1376 2586 Placidi.

62 2621 157 2676 Certe
179 2620 212 2671 si
232 2633 317 2687 quae
335 2616 383 2668 hic
401 2615 435 2669 de
447 2614 612 2669 Antiocheni
630 2615 753 2684 episcopi
771 2632 838 2668 nece
857 2616 886 2667 et
904 2614 938 2667 de
957 2615 1016 2681 ejus
1030 2615 1237 2668 consecratione
1253 2615 1376 2670 deliban-

62 2716 127 2769 tur,
156 2722 236 2759 cum
258 2701 321 2763 his,
345 2716 419 2768 quae
439 2699 467 2752 in
490 2699 597 2753 duabus
620 2699 798 2766 sequentibus
821 2699 945 2768 epistolis
967 2700 1001 2753 de
1025 2700 1122 2754 cadem
1147 2700 1376 2765 remunerantur,

62 2793 284 2851 senseramus,
304 2786 377 2838 haec
394 2784 422 2837 in
441 2801 542 2837 suumn
554 2790 612 2851 482,
632 2801 686 2838 rron
704 2784 731 2837 in
751 2802 775 2838 a.
791 2791 848 2850 479,
868 2784 915 2850 qui
928 2783 970 2836 illi
989 2785 1162 2837 consulatum
1176 2785 1294 2854 excepit,
1314 2803 1376 2839 con-

61 2877 172 2931 venire
195 2869 396 2940 largiendum
413 2873 462 2923 est.
497 2869 569 2922 Hinc
586 2873 681 2923 tamen
704 2868 810 2922 moveri
829 2869 890 2935 quis
912 2871 1018 2938 posset,
1047 2871 1120 2936 quod
1146 2889 1230 2938 qrrnnr
1254 2871 1376 2939 <pinuque

20 2958 25 2963 ’
61 2963 140 3017 alins
155 2953 320 3026 Simplicii
340 2954 471 3023 epistolas
489 2954 641 3008 halreamus
659 2961 794 3008 auno-182
813 2954 902 3019 destas,
921 2971 1016 3007 earum
1035 2954 1127 3007 nullae
1145 2967 1205 3022 prist
1222 2963 1376 3008 concretarum

61 3051 197 3108 Placidi,
222 3040 280 3116 sed
302 3055 402 3092 omnes
420 3040 537 3107 excepta
554 3057 622 3104 una,
646 3056 718 3107 quae
736 3040 804 3092 nota
822 3038 952 3091 chronica
971 3040 1060 3103 caret,
1084 3043 1206 3092 Serrei-ino
1225 3059 1293 3093 cons.
1314 3055 1375 3091 con-

59 3132 247 3203 signentur.
292 3123 470 3190 Quamquam
487 3125 563 3177 recte
580 3125 676 3177 monet
693 3123 822 3177 laudatus
841 3122 956 3192 Pagius,
983 3124 1019 3176 ab
1043 3142 1094 3176 usu
1116 3124 1190 3176 barrad
1214 3123 1374 3189 abhorrere,

58 3224 96 3272 ut
115 3216 211 3270 idem
232 3227 334 3265 annus
352 3208 397 3263 sel
414 3224 509 3262 eorum
528 3208 682 3275 consulmn,
706 3209 754 3276 qui
776 3208 829 3261 hoe
852 3226 951 3260 rnunus
970 3210 1112 3277 gererent,
1132 3207 1176 3261 vel
1195 3224 1303 3273 eorum,
1327 3208 1376 3276 qui

58 3304 137 3357 mle
159 3295 348 3369 gessissent,
364 3291 522 3348 nominibus
544 3293 699 3363 promiscue
722 3292 899 3346 indicaretur.
940 3295 981 3346 Ao
1006 3292 1173 3346 <blucidatur
1196 3309 1286 3359 error,
1317 3292 1374 3347 sive

59 3406 133 3442 eum
154 3381 266 3453 pagio
288 3379 353 3433 loco
366 3383 468 3433 Placidi·
484 3377 593 3431 detritis
611 3378 704 3447 aliquo
723 3395 788 3432 casu
805 3377 945 3446 prioribus
963 3378 1063 3432 litteris
1077 3382 1120 3431 Illi
1137 3395 1252 3433 erronee
1271 3378 1374 3431 lectum

59 3471 222 3534 volueris,
253 3466 319 3520 sius
342 3462 426 3517 fidem
448 3463 594 3533 archetypi
615 3464 737 3537 retinens
759 3479 855 3517 voeeru
873 3469 907 3515 ill.
932 3462 993 3516 loe-o
1016 3463 1103 3515 nostri
1123 3468 1154 3516 N.
1170 3469 1201 3517 N.
1221 3463 1374 3532 provisoris

58 3576 119 3629 pru
141 3552 281 3609 nomine
300 3547 416 3619 proprio
433 3565 452 3602 a
469 3547 583 3603 librario
600 3548 722 3618 positum
739 3548 823 3601 fuisse
835 3547 974 3601 malrreris.
1001 3546 1082 3611 Quod
1100 3563 1133 3600 eo
1152 3549 1241 3616 magn
1260 3548 1374 3613 arridet,

59 3643 137 3712 quin
158 3639 208 3695 ab
230 3632 377 3690 odoacris
393 3632 534 3687 invasione
559 3635 642 3701 (anno
659 3636 720 3699 476)
743 3649 794 3702 per
816 3632 909 3701 plures
932 3649 1019 3686 anuos
1043 3633 1184 3685 consulum
1208 3634 1311 3686 creatio
1333 3632 1375 3686 ita

59 3728 202 3782 turbata
227 3723 294 3785 est,
320 3718 354 3771 nt
375 3717 420 3771 vel
437 3717 535 3772 Oriens
552 3717 597 3772 vel
615 3717 749 3773 Occidens
767 3733 863 3771 corum
881 3717 994 3772 nornina
1016 3718 1065 3770 aut
1088 3717 1199 3770 omnine
1223 3718 1374 3787 ignoraret,

59 3815 118 3868 aut
138 3810 236 3865 certe
256 3802 365 3869 serius,
387 3819 471 3872 saepe
489 3802 601 3856 demum
620 3802 693 3857 circa
709 3804 791 3856 finem
810 3803 887 3868 anni,
911 3803 1085 3867 rescisceret,
1109 3803 1261 3856 autetiam
1280 3819 1373 3870 repro-

59 3900 155 3953 baret
178 3896 296 3959 itaque
315 3887 442 3943 consuto
460 3887 555 3941 sileret
572 3888 653 3953 teoni.
672 3887 754 3941 Rossi
773 3892 896 3956 lnseript.
917 3892 1052 3943 Christian.
1073 3891 1135 3941 lli-t,
1155 3893 1254 3941 Itoniae.
1275 3905 1304 3955 11.=
1314 3893 1373 3952 846,

59 3988 127 4049 868,
141 3986 217 4043 878,
231 3978 436 4038 882‚899‚900
453 3972 509 4040 al).
547 3971 720 4040 Quamquam
734 3977 836 4026 Placidi
852 3971 965 4040 quidem
984 3972 1049 4025 arrui
1066 3978 1113 4025 481
1135 3972 1253 4025 consulis
1271 3988 1372 4024 nomen
1421 4013 1428 4025 ,

59 4069 187 4124 Romae
210 4066 322 4117 notum
341 4058 371 4110 et
387 4058 553 4125 usurpatum
569 4055 653 4110 fuisse
670 4056 743 4110 illius
755 4057 855 4110 aetatis
868 4057 1061 4125 inscriptiones
1074 4057 1155 4110 fidem
1169 4056 1276 4110 faciunt
1288 4056 1369 4122 (conf.

60 4152 196 4207 Bauius
217 4147 239 4199 l.
255 4162 284 4198 c.
303 4160 331 4196 n.
346 4144 500 4209 staats).
537 4142 642 4195 Contra
659 4143 754 4195 autern
772 4141 896 4195 Severini
915 4141 1101 4195 Occidentalis
1120 4141 1184 4194 anni
1202 4147 1252 4194 482
1276 4157 1370 4193 consu·
1432 4137 1446 4177 l

60 4238 144 4293 him
165 4234 203 4288 in
224 4228 300 4285 aula
317 4225 438 4281 Zenonis
455 4227 577 4280 autnon
593 4226 744 4280 innotuisse
767 4229 817 4280 aut
839 4227 951 4295 spiritus
972 4244 1028 4280 non
1051 4225 1135 4278 fuisse
1159 4225 1268 4278 videtur
1287 4226 1369 4291 (conf.

64 4320 200 4377 nausiam
218 4316 239 4371 l.
258 4331 285 4368 e.
304 4328 374 4383 pag.
388 4314 458 4380 390).

138 4411 164 4471 1)
187 4403 229 4459 Gl
252 4400 300 4453 ita
316 4393 447 4451 inscribit
467 4396 540 4451 hanc
557 4396 715 4465 epistolam:
750 4400 894 4465 Shaplicr'ua
912 4399 958 4466 epis
976 4404 1063 4452 ucuctb
1081 4402 1200 4450 orrlinuto
1218 4398 1249 4448 ab
1268 4416 1298 4450 eo
1316 4400 1371 4450 Ku-

59 4499 199 4550 lade'one
220 4487 399 4541 Antiocheno
414 4482 471 4550 epo,
557 4509 563 4521 ·

135 4580 161 4645 ἲ)
185 4574 237 4628 Ita
257 4568 312 4635 0¹3
334 4564 407 4620 editi
424 4576 451 4619 et
522 4579 550 4621 ut
567 4578 709 4636 optauerat.

136 4666 163 4729 ε)
185 4650 240 4713 lta'
257 4654 313 4719 Οἱς
340 4650 419 4719 vulg.
437 4669 468 4704 ue
484 4657 588 4721 aliquid,
623 4651 664 4705 Ex
682 4652 843 4721 hypothesi,
867 4653 941 4720 quod
959 4651 1138 4706 Antiochenis
1156 4648 1295 4704 subveniri
1314 4666 1370 4703 uon

61 4746 202 4821 potuerit
221 4739 283 4797 nisi
304 4735 444 4792 ordinato
460 4735 526 4805 ipsis
542 4736 591 4790 sed
608 4738 686 4792 extra
705 4753 801 4791 eormn
819 4737 916 4790 urbem
930 4737 1073 4807 episcopo,
1092 4738 1122 4788 ut
1140 4735 1290 4804 scripserat
1303 4738 1369 4790 Aca·

61 4837 139 4899 dus,
163 4828 281 4885 merito
307 4822 402 4891 hujus
419 4820 548 4875 eeclesiae
567 4820 655 4876 vicem
673 4822 749 4875 dolet
767 4821 937 4890 Simplicius,
961 4839 1032 4889 quae
1051 4821 1141 4875 curari
1160 4838 1215 4873 riou
1237 4820 1368 4890 potnerit,

61 4920 116 4975 „121¹
135 4912 259 4985 aliquid
279 4907 325 4963 de
344 4921 402 4959 suo
415 4903 479 4973 jure
495 4905 523 4959 in
540 4906 646 4975 proprii
664 4907 796 4961 antistitis
815 4906 988 4960 ordinatione
1008 4906 1169 4960 remitteret.

177 5006 190 5047 l
