3204 5506
275 376 400 425 NOTITIA
422 375 534 424 emor.
557 375 630 424 NON
651 374 822 423 EXSTANT.
846 373 879 421 N.
896 373 1096 420 vul—xm.
1250 355 1311 422 281

118 549 163 614 pou
177 540 254 613 sapon
266 539 391 602 tolonnis
417 542 494 594 omui
516 541 724 609 suppliciorum
749 550 856 608 ponere
882 539 982 591 venuti
998 535 1125 607 fuissent
1151 537 1313 593 orthodoxi.

121 622 266 687 Reddebant,
278 624 402 680 Acacium
416 625 492 680 haec
508 626 601 679 omnia
616 625 750 678 didicisse
763 636 819 692 pcr
835 621 980 693 quosdam,
998 624 1048 693 qui
1062 622 1098 677 ele
1110 622 1312 678 Alexandrina

120 709 398 781 uteeommmopotim
419 712 572 778 uenissent,
595 723 714 781 eumque
728 706 812 763 Petri
832 708 1030 763 administrum
1052 713 1079 762 et
1099 709 1263 780 adjutorem
1283 711 1313 763 in

119 794 370 866 numennumen.

654 919 710 984 XI.

118 1050 168 1088 emo
178 1029 225 1089 let
236 1035 284 1090 eod.
298 1040 378 1105 temp.
407 1033 492 1090 Petri
505 1031 700 1087 Alexandrini
713 1033 753 1087 ad
766 1032 891 1087 Felicem
905 1049 1014 1104 papam
1028 1034 1142 1104 tapetio.

174 1131 326 1214 subigendum
347 1150 403 1190 nou
424 1130 538 1195 videtur.
561 1135 625 1206 quin
640 1142 673 1200 ,et
693 1135 750 1207 ipse
770 1133 866 1188 Petrus
888 1133 983 1189 eodem
1004 1142 1127 1207 tempore
1154 1133 1260 1207 legatos
1281 1133 1313 1188 ad

117 1217 196 1274 lelium
211 1219 301 1282 nuent,
325 1221 371 1294 qui
390 1235 498 1275 eausam
518 1219 602 1292 ipsius
623 1226 774 1274 tuerentur.
813 1218 852 1273 la
879 1220 931 1274 hoc
950 1228 1023 1276 certe
1044 1228 1151 1292 tempus
1173 1218 1314 1274 commode

115 1301 214 1365 umen,
225 1304 281 1378 qnod
294 1305 362 1379 apud
376 1304 546 1360 Anastasium
562 1321 657 1377 papam
671 1303 693 1359 ll
709 1321 752 1377 ep.
770 1303 788 1360 5
805 1321 831 1359 n.
857 1305 875 1361 3
892 1305 989 1360 lecturi
1008 1320 1111 1366 sumus,
1133 1305 1170 1360 ab
1185 1305 1313 1360 Alexan-

115 1388 173 1442 dn'm
184 1391 266 1446 saliat
277 1394 395 1448 eeclesia
417 1388 446 1461 (i.
463 1406 487 1445 e.
501 1388 533 1444 ab
544 1390 584 1453 iis,
602 1391 646 1463 qui
658 1389 739 1445 Petro
756 1389 961 1462 addictionem.)
974 1395 1073 1447 missos
1089 1406 1151 1446 esse
1166 1391 1316 1445 adsedem

115 1475 246 1544 spadicam
261 1478 374 1550 tepotos,
401 1477 454 1532 sed
472 1476 512 1531 iln'
530 1482 677 1546 repertum
699 1491 762 1532 esse
784 1478 932 1549 quemdam
954 1478 1082 1549 ejusdem
1104 1478 1243 1538 ciuitatis,
1266 1478 1316 1548 qui

114 1558 295 1618 doersosmtirel
308 1561 346 1632 (h.
363 1578 388 1618 e.
404 1567 566 1635 sequeretur
581 1560 739 1616 catholicam
761 1559 860 1632 iidem),
892 1560 1005 1634 ejusque
1021 1578 1103 1635 opera
1122 1560 1255 1624 effectum,
1279 1576 1315 1616 ne

116 1643 354 1719 damnaeipiendis
367 1648 471 1722 tepetis
485 1649 569 1717 copia
584 1647 788 1717 praeberetur.
820 1645 991 1721 Quapropter
1019 1648 1045 1702 hi
1065 1662 1119 1703 nec
1142 1648 1192 1702 ad·
1203 1646 1313 1718 sociem

115 1740 175 1798 uque
188 1732 337 1790 sanationis
362 1735 488 1802 admissi,
514 1735 576 1788 sine
597 1734 693 1804 aliquo
713 1734 822 1804 effectu
838 1737 951 1788 reuersi
974 1740 1049 1789 sarit.
1081 1732 1142 1787 Sive
1165 1738 1255 1786 autem
1283 1730 1315 1785 ad

115 1807 192 1867 lelium
206 1816 287 1873 siccati
300 1819 380 1874 alium
402 1817 474 1873 sedis
495 1816 660 1890 apostolicae
675 1818 827 1890 praesulem
848 1817 921 1872 istud
941 1819 1084 1891 pertineat,
1106 1816 1171 1872 nihil
1193 1817 1250 1890 egit
1272 1816 1316 1870 hic

114 1895 252 1966 pomerum
265 1903 406 1977 quodcum
421 1900 577 1974 hujusmodi
592 1901 744 1957 homiuibus
760 1902 894 1976 agendum
910 1920 970 1958 esse
982 1904 1077 1959 Aeaclo
1093 1903 1143 1975 ipsi
1158 1917 1315 1975 persuasum

114 1986 159 2034 Νι
179 1980 284 2062 ltquippe
298 1987 435 2062 Simplicio
454 1986 488 2043 de
503 1987 585 2043 Petro
607 2004 637 2042 ac
651 1987 773 2043 iohanne
794 1988 1033 2062 pseudoepiscopis
1057 1987 1231 2043 Antiochenis
1251 1986 1316 2041 scri·

115 2058 158 2118 bens
167 2075 234 2126 auctu
244 2074 288 2147 ipsi
303 2073 363 2136 luis.
384 2080 415 2129 ut
436 2076 462 2129 si
473 2073 553 2145 forte
575 2073 722 2129 adsedem
738 2077 925 2145 apostolicam
949 2074 1155 2147 consupereut,
1179 2088 1232 2127 acc
1255 2074 1316 2128 visu

115 2147 282 2220 maloin-u
316 2159 416 2231 (Gelas.
430 2165 510 2214 tract.
526 2157 536 2212 Ι
551 2175 579 2213 u.
605 2157 665 2230 12).
1302 2180 1305 2184 ι

643 2319 717 2386 ΧΠ.

116 2420 214 2482 “tilii
225 2431 247 2487 d.
262 2429 299 2489 28
315 2432 375 2487 tut.
405 2430 492 2488 Gesta
508 2433 659 2504 synodalia
675 2433 710 2487 de
734 2432 833 2488 Vitalis
850 2435 876 2485 et
891 2431 997 2488 Miseni
1011 2448 1113 2489 causa.

166 2521 226 2591 Mum
247 2540 288 2590 toi
315 2535 497 2589 monumentis
524 2550 554 2588 ae
577 2532 691 2589 testibus
718 2532 751 2588 dc
781 2535 1006 2607 praevaricatione
1034 2533 1186 2607 legatorum
1206 2550 1318 2589 snorum

115 2598 159 2699 ³ss
168 2616 241 2673 umor
253 2618 339 2674 iactus
355 2626 437 2681 esset,
460 2634 554 2675 eorum
571 2634 677 2674 causam
692 2619 719 2673 iu
734 2618 839 2692 synodo
856 2620 986 2694 cognosci
1004 2619 1098 2676 voluit.
1129 2620 1204 2674 Varia
1219 2619 1319 2693 scripta

115 2683 188 2776 *fletis
198 2709 218 2757 et
235 2705 327 2779 gestis,
343 2719 412 2777 quae
427 2702 535 2760 laudare
557 2703 665 2760 videtur
679 2702 809 2778 Euagrius
825 2703 866 2774 lll,
885 2703 934 2767 20,
950 2704 1052 2779 illigata
1074 2714 1147 2762 sunt.
1182 2703 1220 2760 lbi
1235 2705 1319 2760 Acoe-

114 2781 195 2840 wasa
211 2790 324 2846 monachi
348 2790 468 2847 Vitolem
481 2806 517 2846 oc
533 2789 675 2846 Misenum
691 2798 880 2861 accusarunt,
904 2792 982 2862 quod
1001 2797 1069 2847 aute
1090 2793 1242 2848 aduentum
1258 2793 1317 2863 qui-

114 2855 245 2930 d‘'teliorum
264 2879 293 2931 in
319 2875 418 2931 urbem
438 2879 547 2950 repiam
562 2874 645 2932 Petri
665 2892 766 2932 nomen
787 2879 817 2931 in
839 2879 934 2935 sacris
954 2878 1098 2949 diptychis
1113 2879 1225 2933 occulte
1245 2879 1319 2931 roci·
1425 2911 1432 2919 -

113 2944 187 3025 meur,
200 2962 291 3016 mindo
307 2975 375 3017 uero
388 2962 504 3033 publice
524 2964 649 3018 vocitari
662 2965 817 3033 coepisset,
842 2968 929 3034 atquc
949 2966 990 3018 ito
1014 2963 1113 3018 Vitatis
1131 2979 1167 3017 oc
1188 2962 1319 3018 Misenus

114 3039 181 3093 mee
191 3049 442 3102 communicassent.
472 3045 526 3120 lpsi
542 3062 607 3101 vero
623 3045 704 3119 legati
720 3054 778 3101 tum
800 3047 960 3120 interrogati
976 3048 1114 3103 Acercium
1133 3051 1218 3103 totius
1231 3060 1318 3117 prae·

114 3119 240 3186 Menelais
253 3138 403 3188 auctorem
418 3146 482 3187 esse
497 3129 615 3186 confessi
630 3139 694 3186 suut
717 3129 804 3201 (Gelos
820 3133 898 3205 epist.
919 3133 932 3188 1
959 3149 985 3186 n.
1003 3131 1068 3203 35),
1091 3133 1181 3204 itaquo
1203 3131 1319 3187 convicii

114 3207 264 3292 {unionum
278 3224 353 3272 sunt.
379 3215 545 3272 Sententiam
567 3215 695 3271 adversus
711 3233 758 3271 eos
775 3216 871 3272 dictam
887 3233 1037 3272 memorans
1053 3216 1125 3271 Felix
1141 3233 1184 3290 ep.
1204 3217 1240 3271 11
1256 3233 1282 3269 n.
1300 3214 1318 3270 3

86 3324 89 3329 ·
113 3287 143 3336 ⁸¹¹²
157 3291 246 3357 litatem
260 3319 296 3358 ac
312 3302 455 3358 Misenum
471 3303 649 3358 sacerdotali
663 3307 690 3357 et
699 3310 892 3359 sacrosancto
906 3305 1100 3358 communione
1111 3304 1320 3373 suspendimus.

115 3360 187 3434 Melus
199 3401 252 3442 aero
267 3403 309 3461 ep.
330 3387 345 3441 1
364 3404 390 3441 n.
408 3387 447 3444 39
464 3395 491 3442 et
512 3386 595 3444 3011.
614 3386 702 3444 isoes
719 3388 868 3443 sententiae
885 3387 922 3442 illi
937 3387 1067 3457 adJ'eetam
1084 3404 1144 3442 esso
1159 3395 1236 3442 notat
1253 3387 1321 3441 hmo

146 3543 151 3554 ι
185 3483 215 3523 m:
233 3473 323 3529 donec
344 3480 467 3529 auclore
487 3472 548 3528 Deo
575 3479 602 3528 el
622 3475 727 3528 annisu
749 3474 955 3529 catholicorum
970 3477 1136 3544 principum
1158 3475 1200 3528 ael
1220 3473 1322 3544 populi

114 3535 209 3608 Mulon
218 3557 417 3614 Alexarcdrina
433 3559 605 3613 ccctholicum
621 3562 779 3629 recepisset
793 3561 918 3614 ecclesia
934 3560 1121 3620 sacerdotem,
1144 3558 1170 3613 lr.
1188 3574 1211 3613 e.
1234 3557 1321 3612 donoc

115 3624 205 3693 ‘elno
221 3641 281 3698 sede
300 3642 452 3716 pelleretur
466 3641 572 3705 Petrus,
595 3659 655 3698 cum
672 3660 726 3716 quo
742 3643 816 3699 velut
831 3643 956 3717 legitimo¹
969 3642 1026 3714 ejus
1042 3660 1200 3699 successore
1215 3650 1321 3717 praeter

116 3699 385 3783 &enumeraveram
416 3726 502 3784 Porro
523 3729 550 3783 in
571 3744 602 3783 ca
623 3729 681 3802 ipsa
700 3728 820 3801 synodo,
854 3730 881 3784 in
902 3745 954 3801 qua
976 3728 1115 3784 damnatus
1137 3737 1179 3784 est
1199 3729 1320 3790 Aeacius,

116 3785 190 3871 Mons
199 3806 219 3864 d.
232 3810 269 3870 28
279 3811 345 3869 iulii
368 3814 430 3869 anni
447 3811 519 3877 484,
535 3812 649 3869 Vitalem
671 3831 700 3868 ac
716 3813 845 3869 Misenum
864 3812 999 3884 judicatos
1012 3831 1072 3870 csse
1087 3813 1239 3870 breviculus
1256 3814 1319 3869 hisi.

116 3864 184 3951 leeth.
205 3891 291 3965 (oeno.
307 3905 387 3954 nant.
403 3897 415 3953 1
429 3915 456 3953 n.
475 3897 525 3969 13)
540 3897 630 3954 noea.

644 4042 734 4108 XIII.

121 4137 216 4202 Ι””0484
225 4160 284 4223 posi
298 4169 388 4209 meus.
405 4153 478 4228 Aup.
508 4154 617 4226 Rufini,
638 4154 769 4210 Thelasii
783 4160 810 4209 et
826 4161 988 4210 ceterorum
998 4155 1246 4227 presbytororum,
1272 4174 1320 4210 or-

214 4236 459 4295 climundritarum
479 4256 516 4296 ac
531 4240 737 4296 monachorum
756 4240 838 4295 urbis
853 4243 951 4312 rapine
972 4247 999 4295 et
1015 4239 1169 4312 Bithyniae
1191 4242 1230 4296 ad
1244 4241 1319 4297 Feli·

216 4335 265 4378 eem
274 4341 386 4396 popam
401 4324 436 4379 de
455 4324 520 4380 Tuti
532 4325 696 4397 defensoris
708 4328 965 4396 praeuaricatione
980 4326 1167 4381 denuntiatio.

172 4404 301 4480 ssolennium
315 4423 445 4482 adversus
466 4427 589 4482 Acacium
612 4426 691 4483 latam
707 4425 781 4482 l'elin
797 4442 846 4501 per
860 4426 958 4481 Tutum
974 4425 1144 4482 defensorem
1159 4427 1240 4481 misit.
1268 4425 1321 4483 Sed

126 4491 292 4566 “Miltiadi
306 4526 337 4566 ac
358 4510 461 4567 Miseno
476 4513 647 4568 constantior
668 4518 736 4568 auro'
750 4513 886 4586 corrumpi
902 4528 932 4566 se
946 4512 1017 4567 sivit.
1056 4510 1092 4566 De
1113 4511 1189 4581 cujus
1210 4509 1322 4585 perfidia

127 4558 314 4659 ‘minime
328 4594 478 4661 themius,
494 4596 645 4672 presbyteri
667 4605 694 4653 et
716 4596 937 4653 archimandritae
958 4597 1096 4670 ceterique
1115 4596 1237 4653 monachi
1252 4598 1322 4654 circa

199 4668 313 4750 inopom
328 4677 471 4738 constituti
487 4682 591 4739 litteras
607 4682 640 4739 ad
655 4682 771 4739 Felicem
786 4699 835 4757 per
849 4682 974 4738 Basilium
996 4683 1138 4745 miserunt,
1154 4681 1251 4757 quihus
1267 4683 1320 4739 'lu-

130 4734 248 4815 tnMittit
259 4773 411 4841 eonuptum
428 4767 522 4824 Acacio
538 4767 662 4824 damnato
678 4769 827 4825 inhaesisse
843 4766 1039 4843 significabant.
1062 4766 1108 4824 llis
1122 4777 1211 4824 autem
1223 4768 1321 4825 litteris

110 4896 114 4900 .
131 4815 246 4898 ”imum
253 4847 366 4908 videntur
379 4853 514 4926 propriam
526 4855 613 4928 ipsius
624 4854 687 4910 Tuti
703 4854 854 4928 epistolam,
867 4870 947 4926 quam
961 4852 1007 4909 ille
1023 4852 1133 4910 diiiiteri
1147 4870 1203 4909 uon
1218 4853 1320 4916 volens,

133 4897 202 4969 ulem

202 4923 278 4986 ruam
292 4936 480 4994 condemnatam
501 4947 553 4995 est.
583 4938 639 4996 Nec
660 4939 710 4996 alia
732 4939 766 4995 de
778 4955 859 5041 pausa
874 4938 988 4996 Felicem
1011 4940 1050 4996 eis
1072 4938 1106 4996 de
1121 4939 1258 4997 nonnullis
1275 4955 1322 4996 eo·
