3204 5506
214 349 277 413 488
688 360 715 407 s.
734 357 873 405 suumn
897 356 1010 402 runnu

215 540 350 602 eumque
388 516 537 580 carnibus
579 512 833 597 inditi'ercnteri)
876 510 923 574 nti
960 509 1141 577 necessaria
1177 508 1362 596 probatione
1391 523 1510 574 eorl·

215 619 326 705 pellas.

680 742 959 857 Fragmentum
986 755 1021 835 9.

269 898 301 948 Ut
318 896 455 961 presbyter
470 903 581 960 propter
599 896 786 945 invalitudinem
804 896 933 959 corporis,
953 909 1096 959 quaeraris
1114 894 1217 959 otripa,
1239 894 1272 943 ab
1288 894 1371 957 officio
1384 911 1421 946 aa
1527 882 1575 948 bi*-

733 996 781 1030 non
799 987 964 1030 removeatur.

369 1098 553 1163 Gelasius
576 1120 676 1181 papa
699 1096 882 1160 Palladio
905 1097 1104 1180 episcopo.

301 1220 479 1302 Praecepta
502 1239 672 1298 canonum,
696 1215 810 1299 quibus
825 1214 1042 1280 ecclesiastica
1057 1215 1183 1300 regitur
1197 1214 1377 1299 disciplina,
1397 1210 1533 1280 sie-it

218 1323 257 1385 ad
280 1319 492 1386 sacerdotium
514 1318 634 1383 debiles
657 1339 786 1402 corpore
808 1339 873 1381 non
897 1317 1019 1401 patitur
1040 1317 1219 1400 pervenire,
1243 1317 1350 1399 itaet,
1371 1310 1540 1403 siqu-is

218 1425 252 1487 in
281 1445 318 1486 eo
345 1423 477 1508 fuerit¹)
506 1420 698 1485 constitutus
733 1443 770 1484 ac
798 1423 875 1483 tunc
903 1420 1001 1483 fuerit
1029 1419 1207 1501 sauciatus,
1246 1421 1391 1485 amittere
1415 1434 1548 1485 noll

218 1527 335 1608 potest,
359 1525 442 1606 quod
464 1527 607 1607 ternpore
630 1545 705 1586 suae
727 1522 924 1586 sinceritatis
947 1521 1082 1605 accepit.
1127 1520 1311 1606 Stephanus
1333 1522 1552 1608 siquidem

218 1626 386 1711 presbyter
408 1625 558 1710 petitorio
580 1624 672 1688 nobis
696 1623 824 1688 deflevit
846 1623 972 1706 oblato,
1001 1623 1086 1708 qnod
1114 1621 1253 1689 habetur
1279 1625 1314 1688 in
1341 1619 1554 1697 subditz‘is,

219 1728 295 1791 olim
318 1727 379 1791 sibi
402 1731 477 1792 ante
500 1749 601 1790 armos
616 1725 771 1810 plurimos
787 1725 936 1789 collatam
959 1725 1150 1809 presbyterii
1165 1725 1371 1810 dignitatem,
1391 1740 1558 1811 qun-111

221 1851 331 1894 revera
354 1829 626 1912 inmaculatam)
651 1827 791 1912 corporis
813 1827 892 1891 vitio
914 1828 1115 1912 suscepisset.
1150 1826 1212 1892 Sed
1235 1849 1339 1912 nuper
1359 1830 1561 1914 proptrer

220 1930 403 2016 provinciae
425 1931 626 2011 vastitatem,
662 1952 757 2013 quam
780 1929 937 1993 Thusciae
966 1951 1043 2014 prae
1071 1929 1218 1994 omnibns
1247 1925 1562 2009 barbarorun1³)

219 2032 344 2097 diversa
359 2033 552 2098 sectantium
570 2036 602 2096 et
618 2031 812 2115 ambiguitas
827 2031 951 2095 invexit
965 2032 1156 2115 animorum,
1173 2053 1271 2117 quum
1286 2031 1565 2098 imminentes

219 2134 342 2220 gladios
366 2136 498 2199 evadere
520 2136 618 2219 fugae
641 2134 800 2218 praesidio
822 2134 990 2216 niteretur,
1014 2134 1118 2199 acutis
1140 2134 1273 2200 sudibus
1288 2157 1441 2200 occurren
1450 2129 1567 2196 iia

219 2236 280 2300 sibi
303 2240 395 2321 septa
417 2236 614 2318 transiliens,
638 2235 806 2299 inferiores
828 2239 936 2318 partes
960 2236 1101 2320 corporis
1123 2236 1297 2303 inseruisse
1315 2233 1568 2323 suggessit,

219 2360 300 2422 quae
328 2339 380 2402 vin
409 2338 554 2402 adhibita
583 2337 748 2401 curatione
776 2337 906 2400 biennio
933 2337 1115 2421 potuissent
1143 2338 1298 2424 abstergi.
1342 2339 1388 2404 Et
1407 2339 1570 2415 ineo,

219 2440 321 2505 frater
344 2441 517 2521 carissime,
541 2439 724 2523 supradicto
747 2438 852 2503 locum
868 2461 960 2502 suum
975 2438 1232 2524 dignitatemque
1246 2441 1393 2525 restitue,
1414 2459 1571 2527 quaa

219 2545 314 2605 tenus
341 2544 547 2606 sacrosancta
573 2541 726 2624 mysteria
755 2541 838 2605 sicut
869 2541 1034 2605 consuevit
1062 2545 1220 2607 exerceat.
1264 2541 1379 2628 Neque
1405 2540 1572 2608 emin

222 2643 383 2724 convenit,
407 2643 449 2707 ob
471 2643 531 2707 hoc
554 2643 672 2706 auferri
695 2645 771 2706 ante
794 2647 977 2726 susceptum
998 2643 1153 2725 ordinem,
1176 2645 1246 2730 in⁴)
1267 2666 1333 2729 quo
1354 2649 1570 2730 poema

221 2744 297 2808 dunr
319 2745 353 2808 in
375 2745 627 2810 invaletudinem
651 2744 791 2829 eorporis
815 2766 889 2807 casn
912 2745 1066 2829 probatur
1088 2746 1230 2811 faciente
1251 2745 1421 2832 collapsus.

672 2914 952 3018 Fragmentum
981 2915 1036 2997 10.

255 3054 321 3115 Quia
338 3057 389 3119 ipsi
405 3030 527 3117 abendune
545 3057 653 3119 penuria
670 3054 878 3118 presbyterorum
896 3053 1031 3112 laboranti,
1050 3072 1081 3104 uc
1100 3057 1303 3108 detrectantibus
1320 3060 1387 3110 aaut
1403 3061 1535 3109 ria·
1568 3067 1602 3119 p-

560 3142 631 3190 eonis
649 3141 684 3190 ud
698 3138 857 3204 presbyterii
871 3140 978 3203 pradum
995 3142 1149 3204 promoueri.

375 3256 558 3321 Gelasius
582 3255 737 3319 Victori
761 3256 958 3339 episcopo,

307 3374 475 3439 Corisnlnit
497 3375 625 3437 dilectio
653 3378 709 3437 tna
737 3375 775 3438 de
798 3396 927 3437 suomnn
950 3375 1185 3460 promotione¹)
1214 3378 1404 3445 clericorum
1438 3392 1553 3460 p‘f·

221 3475 353 3558 hibenS,
388 3477 470 3560 quod
499 3476 625 3539 diaconi
654 3476 694 3538 ad
722 3476 912 3559 presbyterii
941 3477 1094 3561 gradum,
1128 3499 1191 3561 qno
1214 3479 1384 3545 ecclesiam
1404 3484 1550 3545 cuam

222 3599 378 3641 memoras
401 3578 563 3662 indigere,
594 3578 701 3642 venire
725 3579 916 3642 detrectant.
961 3577 1164 3664 Quapropter
1186 3581 1262 3665 quia
1285 3582 1403 3647 invitos
1439 3573 1547 3642 fieti

223 3679 440 3744 ecclesiastica
461 3680 670 3761 incideratis)
693 3680 898 3764 gravitasque
927 3703 992 3745 non
1014 3681 1154 3765 patitur,
1185 3685 1222 3746 nt
1244 3704 1283 3747 ex
1312 3675 1546 3750 nolentibus

290 3904 311 3968 ⁷)
329 3901 365 3955 Β*
383 3900 418 3954 ad
437 3918 515 3955 oram
533 3900 612 3954 addit
629 3906 745 3954 arietante
763 3902 790 3966 (i.
805 3920 827 3955 c.
842 3905 964 3970 aquirin);
983 3919 1080 3957 carnes
1093 3902 1168 3958 enini
1185 3902 1326 3961 hoedinac
1342 3909 1539 3977 provossffi'

222 3986 373 4042 daemones
391 3985 584 4040 credebantur.

239 4077 256 4125 9
293 4073 311 4138 ¹)
329 4071 372 4124 Ita
390 4069 457 4137 QZ;
476 4070 543 4124 TX¹
562 4077 712 4125 coustitutum·
729 4082 787 4124 actu
803 4075 884 4137 [ruerit
900 4079 1038 4131 attentatae.

290 4157 311 4221 ²)
330 4154 439 4220 ltaX13
458 4154 512 4220 QZ
532 4161 682 4209 imnracquti
698 4161 816 4223 corporis
828 4162 942 4221 judicio,
961 4158 990 4211 et
1007 4174 1071 4211 mox
1089 4159 1112 4212 Τ
1130 4167 1252 4229 surrepit.

289 4242 311 4307 ³)
329 4240 349 4293 Z
368 4239 447 4293 addit
461 4245 569 4307 feritas,
589 4240 663 4307 qaod
682 4240 814 4294 omittunt
831 4240 854 4304 t)
868 4241 890 4294 T
903 4241 947 4294 X¹.
984 4242 1055 4296 Tum
1074 4243 1107 4297 Χ*
1127 4245 1251 4301 secunda
1267 4263 1352 4302 mana
1367 4253 1521 4301 mm

223 4324 294 4390 (loco
312 4327 471 4391 aretinorum),
495 4325 525 4379 et
541 4325 561 4379 Ζ
580 4330 637 4378 dum
655 4325 727 4390 (loco
745 4329 816 4391 enni).
855 4326 909 4379 lata
927 4324 955 4379 in
973 4325 1002 4379 id
1019 4329 1130 4398 tempus
1148 4331 1216 4398 apte
1234 4330 1409 4391 oonvamunt,
1449 4334 1517 4386 <1¹¹⁰

223 4408 350 4464 Odoacer
367 4409 533 4465 tiernloram
556 4426 604 4464 rex
623 4410 652 4464 et
669 4409 858 4464 Theodoricus
876 4411 1032 4465 Gothorum
1050 4412 1105 4467 dux
1128 4411 1163 4468 de
1181 4413 1280 4470 ltaliae
1297 4430 1381 4484 regno
1398 4399 1511 4471 Μ’*

224 4492 381 4549 diabantnr.

290 4582 311 4646 ⁴)
329 4579 365 4632 ΧΙ
384 4586 456 4649 qnia,
474 4581 504 4634 et
520 4595 584 4633 mox
603 4598 664 4634 omn
684 4580 707 4634 Τ
726 4579 832 4634 omittit
849 4587 882 4635 io.

226 4669 258 4718 10
292 4665 312 4730 ¹)
331 4663 354 4717 T
372 4670 551 4732 promissione,
570 4682 690 4733 moxque
709 4669 746 4719 c¹⁰
764 4666 869 4720 omittit
882 4673 951 4735 fieri.

291 4750 313 4814 ²)
331 4752 529 4803 meresinae-ae
547 4755 716 4805 »moderationi
738 4751 857 4805 accessio
876 4752 962 4806 ctiam
980 4754 1056 4807 iacta
1073 4754 1116 4807 est
1137 4753 1289 4824 imperialis
1305 4736 1485 4809 auctari&
1597 4755 1602 4822 1

223 4829 295 4883 Nam
314 4832 342 4884 ct
359 4832 529 4900 Majorianns
547 4833 616 4887 Nov.
636 4838 654 4888 t.
675 4835 713 4889 xl
731 4835 784 4903 (cd.
804 4836 934 4903 ilsenel),
957 4858 988 4891 ne
1011 4843 1066 4908 quir
1083 4845 1175 4893 invitis
1192 4845 1299 4895 etsi-tw
1314 4832 1479 4907 oritate&
1592 4827 1602 4914 Ι

223 4915 321 4969 sanxit.
353 4914 488 4979 Quocirca
506 4919 656 4987 Gregorius
674 4919 753 4987 epist.
773 4920 820 4976 lib.
839 4923 850 4976 1
869 4921 924 4977 ind.
939 4922 977 4978 [X
994 4941 1037 4992 op.
1054 4929 1084 4978 ia
1101 4923 1138 4979 ad
1155 4923 1285 4981 Natalem
1297 4916 1473 4978 Sdorritfflffl
