3204 5506
549 380 744 432 amsronan
766 370 913 429 42-44.
1276 364 1339 432 833

94 557 143 601 nn
167 534 209 600 ad
231 533 491 601 satisfaciendum
512 534 713 619 scripsimus,
742 539 780 600 ut
807 540 839 600 et
867 536 1047 601 venerabile
1069 557 1187 601 nornen
1209 539 1446 602 sancinensis.

94 637 307 703 scordotio'nis
328 636 461 722 Leonis,
493 638 652 723 quondam
674 638 752 703 facti
774 638 861 704 urbis
884 637 1004 703 Romae
1027 638 1274 725 archiepiscopi,
1307 641 1343 704 in

94 740 176 806 soris
199 739 359 825 diptychis
381 744 523 824 tempore
548 740 796 805 consecrationis
818 743 951 825 propter
973 742 1175 807 concordiam
1197 742 1343 827 affigere·

94 842 175 928 rr³),
199 845 232 907 et
253 846 395 907 vestrum
417 842 620 907 benedictum
641 864 760 907 nomen
782 843 929 908 similiter
942 844 978 908 in
1000 843 1161 929 diptychis
1183 845 1344 929 praedice-

94 966 138 1009 ur.
191 943 237 1009 Ut
264 944 303 1009 ds
336 945 484 1009 omnibus
514 948 621 1009 autem
648 944 787 1009 satisfiat
813 948 938 1010 vestrae
972 946 1156 1030 sanctitati,
1194 947 1345 1032 quoniam

96 1067 191 1112 acam
212 1049 351 1112 vestram
367 1047 590 1131 amplectimur
612 1049 645 1111 et
666 1046 705 1111 de
725 1048 848 1113 unitata
864 1051 1048 1114 sanctarum
1063 1047 1124 1113 Dei
1139 1049 1344 1114 eeclesiarum

94 1170 226 1215 uramus
233 1199 242 1233 ,
275 1171 426 1235 rogamus
454 1171 509 1214 vos
538 1149 689 1233 pacificos
715 1150 800 1215 viros
828 1150 988 1216 destinare
1016 1154 1049 1215 et
1075 1155 1201 1216 vestrae
1229 1152 1344 1238 dignos

95 1250 276 1336 postolicae
299 1251 407 1336 sedis,·
427 1251 481 1336 qni
503 1250 641 1316 debeant
663 1252 848 1317 satisfacere
871 1258 905 1318 et
925 1253 1179 1318 satisfactionem
1201 1258 1345 1319 nostram

94 1353 257 1438 uscipere,
280 1357 318 1419 ut
340 1359 372 1419 et
393 1355 428 1418 in
450 1353 512 1418 hac
534 1357 626 1437 parte
649 1353 795 1419 Christus
816 1354 903 1420 Deus
925 1360 1034 1420 noster
1056 1355 1266 1440 glorificetur,
1290 1356 1345 1441 qui

94 1477 136 1520 ›ar
159 1478 214 1520 vos
236 1477 347 1540 pacem
369 1456 455 1521 hanc
476 1456 595 1520 mundo
617 1456 765 1521 servavit.
798 1457 941 1542 Accepta
962 1456 1043 1522 XIII
1066 1456 1222 1522 Calendas
1244 1457 1345 1523 Janu-

94 1558 175 1643 rias,
198 1561 272 1644 post
280 1558 306 1646 ⁴)
331 1558 530 1622 consulatum
552 1558 698 1643 Agapiti.

579 1744 761 1848 Epistola
785 1746 845 1829 44.

94 1898 281 1965 lastiniani
309 1897 452 1964 comitis
479 1897 523 1963 ad
545 1897 771 1964 hormisdam
794 1917 937 1990 papam,
966 1899 1074 1965 missa
1096 1916 1161 1983 por
1183 1900 1345 1966 eumdem
1359 1877 1495 2017 (ssslefftff-

417 1998 569 2068 Gratum
591 2000 824 2084 imperatoris
846 2000 1017 2083 legatum.

111 2141 153 2190 De
172 2141 333 2204 inperatoris
350 2142 516 2191 sollicitudine
533 2157 583 2205 pro
601 2143 739 2191 concordia
761 2141 922 2191 ecelesiarum
944 2143 1053 2200 nuntiat,
1080 2149 1155 2208 alque
1174 2143 1313 2194 Hormisda

121 2225 365 2290 Constantinopolim
382 2228 421 2275 cel
437 2227 493 2289 ipse
509 2241 537 2276 re
555 2226 675 2288 conferre
697 2229 735 2275 ael
753 2228 850 2290 legator
867 2227 996 2276 destinare
1014 2242 1064 2277 nou
1080 2227 1199 2292 differat,
1218 2236 1302 2293 rapat.

233 2357 492 2423 iustinianus
515 2379 642 2423 comes
665 2357 896 2423 Hormisdae
918 2381 1051 2444 papae.

166 2476 385 2542 Desiderabile
407 2480 542 2561 tempus,
567 2479 650 2562 quod
671 2477 803 2543 summis
824 2479 906 2543 votis
929 2479 1126 2563 optavimus,
1155 2479 1263 2544 divina
1287 2481 1348 2545 ele·

94 2579 222 2663 nentia,
245 2579 367 2644 dolores
390 2580 518 2664 generis
540 2579 673 2644 humani
694 2581 879 2664 respiciam,
902 2579 1015 2666 largiri
1036 2581 1171 2666 dignata
1194 2586 1256 2665 est,
1286 2605 1347 2668 quo

94 2703 192 2746 »mnes
209 2681 358 2747 catholici
373 2684 406 2746 et
419 2680 488 2746 Deo
502 2683 645 2766 perfecte
667 2682 775 2746 fideles
797 2682 960 2765 majestati
982 2683 1050 2767 ejus
1065 2704 1099 2748 se
1114 2684 1244 2748 valcant
1266 2706 1349 2749 oom-

94 2783 243 2849 nendare.
287 2783 411 2849 Idcirco
432 2782 491 2847 has
514 2784 554 2847 ad
577 2783 791 2869 apostolatum
813 2787 970 2867 vestrum,
1002 2784 1103 2850 libera
1130 2786 1261 2852 licentia
1279 2786 1349 2870 jam

94 2884 163 2950 nihi
186 2885 342 2951 beneficio
365 2885 494 2951 coelesti
515 2883 656 2968 indulta,
686 2885 796 2950 direxi.
840 2885 996 2950 Dominus
1021 2887 1141 2951 etenim
1168 2890 1278 2952 noster
1298 2889 1348 2952 in-

94 2986 275 3053 iciissimus
312 2987 486 3072 imperator
522 2986 729 3051 orthodoxam
768 2987 956 3072 religionem
992 3009 1117 3072 semper
1152 2989 1349 3073 amplectens

94 3088 309 3154 ualentissima
335 3089 412 3172 fide,
444 3088 636 3173 cupiensque
664 3093 884 3154 sacrosanctas
908 3090 1057 3154 ecclesias
1085 3090 1124 3154 ad
1148 3091 1349 3155 concordiam

94 3213 250 3275 ’evocare,
284 3213 358 3256 mox·
386 3195 423 3255 ut
450 3191 582 3275 adeptus
610 3194 659 3254 est
686 3192 814 3256 coelesti
842 3191 964 3274 judicio
990 3192 1109 3256 infulas
1142 3192 1347 3277 principales,

94 3293 302 3359 acerdotibus
317 3292 371 3357 hic
392 3292 504 3377 positis
520 3291 732 3376 denuntiavit,
756 3295 792 3357 ut
807 3315 864 3376 pro
880 3291 1000 3377 regulis
1023 3292 1205 3377 apostolicis
1220 3294 1349 3358 uniren-

95 3417 134 3460 ur
169 3395 334 3460 ecclesiae.
379 3394 423 3459 nt
455 3415 576 3480 magna
602 3395 729 3479 quidem
756 3415 831 3478 pars
858 3394 932 3458 fidei
942 3395 964 3477 ¹)
997 3397 1046 3459 est
1079 3396 1253 3480 composita
1280 3395 1349 3461 Deo
1447 3479 1450 3485 1

94 3501 229 3581 luctore3
252 3497 291 3561 de
312 3497 443 3562 nomine
465 3495 686 3560 tantummodo
702 3496 814 3566 Aeacii
829 3499 954 3559 vestrae
976 3496 1184 3561 beatitudinis
1200 3498 1350 3562 convenit

94 3599 215 3686 ›rdiri²)
246 3620 444 3664 eonsensum.
490 3597 592 3674 Quam
619 3598 659 3662 ob
683 3619 811 3662 eausam
832 3598 978 3662 dominus
1000 3602 1109 3663 noster
1130 3600 1350 3665 serenissimus

311 3773 387 3780 ..o——

151 3856 173 3922 ³)
192 3852 291 3907 Leonis
308 3870 410 3908 nomen
422 3870 439 3907 a
451 3852 598 3907 Timotheo
616 3870 631 3907 e
650 3853 735 3908 sacris
753 3852 891 3923 diptychis
904 3853 1044 3908 sublatum
1063 3871 1120 3909 esse
1138 3853 1168 3908 id
1185 3859 1351 3924 argumento

94 3940 135 4006 ὡς
155 3954 224 3992 nam
241 3937 293 3992 hoc
310 3939 388 3993 netas
404 3955 422 3992 a
439 3936 615 4005 Macedonio,
633 3936 663 3990 in
681 3937 759 4007 cujus
776 3937 870 3992 sedem
887 3938 911 3991 is
923 3936 1085 3993 Timotheus
1098 3938 1250 4008 invaserat,
1269 3957 1351 3995 nemo

94 4021 238 4080 redidcrit
255 4022 413 4076 admissum.

151 4110 174 4177 ⁴)
193 4106 260 4162 Indo
282 4107 398 4162 forsitan
415 4108 571 4162 movebitur
593 4124 649 4161 non
665 4124 761 4171 nemo,
784 4107 859 4175 quod
883 4125 967 4175 quum
984 4109 1108 4163 lustinus
1127 4110 1259 4180 epistolas
1277 4126 1351 4164 anno

96 4198 132 4250 18
157 4191 242 4245 datas
260 4196 356 4261 Mapao
379 4202 481 4247 consule
504 4191 658 4262 consignet,
683 4191 811 4246 eumdem
834 4209 936 4246 annum
957 4211 1013 4247 non
1036 4193 1134 4248 eodem
1157 4180 1279 4261 consula,
1303 4193 1352 4247 sed

96 4276 179 4334 erbis
200 4285 432 4345 postconsulatum
451 4283 559 4346 Apapitr'
574 4276 722 4331 Hormisda
739 4276 855 4345 indicet,
878 4295 934 4332 non
957 4277 1045 4331 solum
1067 4278 1096 4331 in
1113 4278 1233 4348 epistola
1249 4285 1282 4332 40
1300 4279 1351 4331 sub

94 4362 166 4418 uitia
178 4361 261 4430 hujus
272 4362 338 4415 anni
351 4367 412 4429 518,
431 4361 480 4417 sed
498 4362 527 4416 et
543 4362 572 4416 in
589 4362 642 4416 hac
658 4362 708 4415 sub
727 4361 851 4431 ejusdam
869 4363 981 4417 exitum.
1010 4362 1100 4431 Hujus
1118 4363 1211 4416 autem
1223 4363 1264 4417 rei
1276 4363 1353 4416 nulla

94 4450 126 4504 st
145 4444 204 4502 alia
220 4445 305 4512 ratio,
325 4446 377 4501 nisi
395 4447 469 4515 quod
486 4447 604 4516 Magnus
622 4447 651 4500 in
669 4446 781 4501 Oriente
799 4448 895 4502 consul
914 4449 1021 4502 creatus
1038 4447 1144 4501 nullum
1161 4447 1189 4500 in
1202 4446 1352 4501 Occidente

94 4533 226 4602 allegam
253 4531 359 4585 habuit.
400 4531 433 4585 Id
454 4547 538 4602 porro
562 4532 645 4585 moris
670 4533 742 4600 erat,
769 4534 800 4585 ut
822 4531 976 4587 Orientales
999 4533 1116 4587 consulis
1139 4531 1301 4594 Orientalis,
1325 4535 1353 4585 et

94 4615 284 4674 >accidentales
302 4615 485 4670 Occidentalis
503 4617 613 4671 nomina
632 4617 735 4687 scripta
753 4634 803 4670 sua
821 4618 1016 4687 consignarent
1034 4619 1115 4684 (conf.
1128 4616 1211 4671 Rossi
1227 4616 1351 4686 inscript.

94 4702 192 4759 lhrist
204 4702 297 4756 tom.I
315 4719 379 4771 pag.
392 4708 442 4755 434
453 4706 514 4771 sq.).
550 4702 621 4756 Hinc
639 4703 823 4770 confirmatur,
842 4702 916 4772 quod
934 4701 1036 4771 Pagius
1056 4702 1092 4756 ad
1110 4719 1213 4756 annum
1232 4706 1281 4756 518
1299 4706 1352 4754 nl

94 4788 206 4858 probat,
223 4788 327 4841 frustm
344 4804 362 4840 a
378 4788 516 4841 nonnullis
534 4787 704 4844 Florentium
721 4789 824 4857 Magno
843 4788 979 4857 collegam
997 4787 1120 4858 adjungi.

94 4879 119 4928 li
155 4875 177 4941 ¹)
195 4871 214 4926 b
233 4871 321 4926 omitt
341 4877 411 4940 fidei.
1018 4906 1022 4915 -

156 4960 178 5028 ²)
196 4957 215 5011 b
230 4974 264 5012 oe
281 4963 380 5013 audire.

122 5061 281 5098 nemorosis
295 5061 397 5099 souin.
412 5062 523 5099 ronrrr.
543 5047 565 5101 1.
964 5043 965 5047 ’
1110 5052 1150 5111 53
