3204 5506
642 120 838 173 nrrsroasu
860 113 911 172 26.
1071 128 1074 140 ·
1334 107 1397 172 413

78 308 82 313 -
190 296 261 340 cotan
277 276 473 362 congregatio
495 275 696 341 sacerdotum
718 274 954 341 rationabiliter
975 275 1011 340 in
1032 275 1190 341 Acacium
1204 276 1399 342 senentiam
1411 289 1505 339 aisa.

72 410 94 449 t.
187 379 291 462 cognorit
310 377 406 443 fuisse
432 378 601 463 prolatam.
647 376 735 453 Quae
764 378 974 464 congregatio
1000 378 1090 442 sacta
1117 378 1305 462 pontificum
1332 370 1398 446 nou

72 511 99 551 J:
151 476 155 483 ’
185 483 258 544 antra
275 478 567 564 Calchedonensem,
590 500 657 544 non
672 483 837 564 tamquam
855 502 938 544 nova
961 479 1100 564 synodus
1124 483 1236 545 contra
1258 484 1398 546 veterem

78 616 93 649 .-·
181 581 327 667 pinumque
349 582 559 670 convenit⁹⁴),
583 582 638 645 scd
659 583 765 666 potius
787 583 961 647 secundum
984 585 1127 646 tenorem
1142 582 1258 647 veteris
1281 585 1397 648 consti-

92 700 95 705 ’
180 685 218 747 aa
232 685 373 770 particeps
396 684 590 770 apostolicae
613 684 824 750 exsecutionis
841 685 953 748 effecta
976 687 1040 749 est:
1069 688 1105 749 ut
1128 685 1206 749 satis
1229 689 1395 770 appareat,

82 846 85 851 .
178 783 310 852 belsiam
325 786 517 852 catholicam
540 787 710 872 sedemque
733 788 958 871 apostolicam,
982 788 1057 871 quia
1080 787 1156 850 alibi
1175 787 1244 870 jam
1266 789 1397 852 omnino

74 906 91 967 ῑ,
177 908 218 953 acu
233 893 334 975 posset,
357 889 414 961 ubi
435 889 541 975 potuit
563 892 596 953 et
618 912 690 954 cunr
712 890 825 974 quibus
847 889 962 973 potuit,
987 888 1068 953 nihil
1091 889 1220 972 penitus
1241 888 1394 974 omisisse,

72 1009 81 1067 ‚j
177 991 229 1074 poi
245 994 278 1057 ad
297 993 478 1057 fraternum
500 991 678 1077 pertineret
699 1014 757 1076 pro
772 992 964 1055 intemerata
980 994 1011 1054 et
1027 992 1152 1055 sincera
1176 992 1396 1056 communione

229 1196 268 1263 15.
299 1195 388 1272 Quae
411 1218 508 1282 quum
524 1196 673 1261 universa
695 1197 846 1260 noverint
867 1196 921 1280 qui
944 1195 1094 1259 videntur
1116 1196 1258 1260 ecclesiis
1281 1197 1395 1262 Orien-

72 1340 89 1378 .·
175 1296 252 1363 idibus
270 1320 356 1364 nnnc
383 1320 541 1383 praeesse,
570 1302 741 1383 propterea
769 1298 985 1364 Christianam
1007 1297 1149 1381 reparari
1172 1298 1317 1383 legitima
1346 1321 1397 1364 cu·

72 1418 77 1447 ³
175 1400 255 1466 mone
274 1401 443 1486 refugiunt
463 1401 631 1483 unitatem,
666 1401 740 1484 quia
763 1400 961 1465 occasionem
985 1400 1193 1464 dissensionis
1215 1399 1310 1484 hujus
1332 1402 1397 1465 suis

85 1542 102 1580 .·
175 1502 359 1567 ambitionibus
381 1503 613 1587 suffragantem
641 1501 800 1585 deponere
825 1503 895 1586 jarn
917 1505 1078 1585 recusant,
1102 1502 1176 1586 quia
1199 1503 1268 1566 sine
1291 1507 1397 1567 aucto·

72 1643 97 1682 5
175 1600 236 1669 isa
251 1605 332 1670 sedis
354 1604 548 1689 apostolicae
570 1603 713 1669 omnium
736 1604 941 1669 ecclesiarum
956 1603 1076 1687 passim
1094 1603 1168 1687 jura
1186 1605 1397 1688 confundunt,

77 1744 99 1783 ς
174 1720 240 1790 aspa
256 1705 413 1792 eligentes
434 1707 468 1772 in
492 1728 597 1774 errore
625 1706 804 1790 persistere,
835 1728 929 1790 quam
951 1706 1246 1789 praesumptionum
1267 1729 1397 1771 suarum
1493 1770 1496 1774 ,

72 1846 87 1863 -.
173 1806 263 1883 pridem
281 1809 483 1892 facultatem,
507 1807 579 1892 plus
600 1809 843 1891 usurpationum
871 1829 1000 1871 suarum
1020 1807 1185 1871 licentiam
1213 1808 1395 1897 diligentes,

72 1942 107 1978 r.
172 1920 234 1986 pan
249 1911 346 1976 divini
366 1910 481 1994 judicii
508 1914 655 1974 tenentes
685 1910 778 1974 corde
800 1913 992 1994 respectum.
1038 1909 1077 1972 ln
1099 1931 1161 1992 quo
1184 1931 1313 1975 necesse
1336 1914 1395 1994 est,

72 2044 114 2083 ψ,
172 2005 238 2077 esni
258 2013 379 2097 nolint,
412 2016 480 2077 tam
512 2011 551 2076 de
578 2012 652 2076 fidei
686 2012 984 2100 communionisque,
1008 2010 1184 2075 catholicae
1211 2013 1397 2078 sinceritate

85 2140 101 2178 :
153 2111 289 2199 'salceta
320 2136 418 2199 quam
446 2113 485 2178 de
512 2114 656 2198 paternis
684 2115 860 2178 canonibus
888 2114 1052 2178 evidenter
1078 2114 1210 2196 irruptis
1238 2115 1399 2199 recipiant

88 2238 98 2288 ξ
170 2215 222 2293 liud
238 2221 410 2300 merentur,
444 2216 506 2279 nisi
539 2215 613 2279 durn
646 2216 699 2280 hic
731 2220 857 2299 tempus
885 2215 1037 2298 admittit,
1072 2216 1152 2280 haec
1181 2216 1397 2280 damnationis

90 2346 97 2353 ·
167 2316 280 2383 ’ternae
301 2317 446 2403 pericula
474 2317 624 2382 correctis
646 2319 807 2382 mentibus
829 2318 980 2383 studeant
1002 2316 1174 2401 declinare,
1208 2323 1245 2383 ut
1272 2319 1397 2402 possint

146 2412 206 2485 'tin
226 2420 302 2485 tales
329 2441 534 2505 permanere,
568 2421 681 2504 quibus
710 2421 889 2485 insolubilis
918 2425 967 2484 est
995 2421 1061 2484 lata
1084 2421 1262 2505 sententia,
1297 2422 1351 2486 sed
1379 2444 1397 2486 a

158 2518 249 2587 tibus
269 2522 473 2606 recedentes,
508 2523 549 2586 ab
577 2522 688 2586 eadem
716 2523 877 2586 sententia
904 2544 969 2586 non
992 2523 1110 2585 teneri:
1144 2545 1224 2607 quac
1252 2523 1335 2587 sicut
1363 2525 1398 2588 in
1481 2563 1484 2566 ·

152 2638 236 2689 more
263 2624 454 2690 durantibus
481 2646 645 2708 nunquam
673 2623 824 2688 solvenda
852 2625 994 2708 praefixa
1023 2628 1086 2707 est,
1117 2624 1162 2688 sic
1191 2625 1232 2687 ab
1260 2624 1310 2689 his
1337 2626 1399 2689 erit

143 2722 247 2813 dena,
269 2727 324 2811 qui
347 2727 530 2791 exstiterint
551 2726 732 2811 puniendae
753 2726 921 2810 pravitatis
943 2726 1110 2790 immunes.

214 2828 266 2894 16.
303 2826 395 2894 Haec
416 2850 492 2893 vero
514 2829 554 2892 ad
575 2829 820 2892 instructionem
848 2831 974 2892 vestrae
995 2827 1175 2892 dilectionis
1198 2829 1276 2892 satis
1299 2829 1397 2891 abun·

132 2930 231 3018 ilaue
252 2930 402 2996 sufficere
421 2930 610 3015 judicamus,
645 2931 789 3015 quamvis
813 2930 922 2994 eadem
950 2931 1057 3013 latius,
1092 2931 1119 2994 si
1145 2929 1300 2994 Dominus
1324 2950 1397 2993 con-

127 3033 262 3100 cesserit
281 3032 488 3115 facultatem,
508 3032 690 3099 studeamus
713 3053 888 3116 exponere:
916 3035 1073 3116 quatenus
1096 3035 1128 3095 et
1148 3030 1291 3095 fidelium
1313 3031 1397 3116 quis-

123 3158 187 3223 que
216 3138 411 3221 cognoscat,
447 3133 529 3198 nihil
558 3135 767 3218 apostolicam
795 3133 918 3218 sedern,
948 3133 1030 3217 quod
1058 3132 1156 3216 absit,
1185 3153 1398 3217 praepropere

121 3238 302 3321 censuisse,
331 3239 365 3302 et
387 3258 454 3302 non
475 3236 602 3319 habere,
633 3236 716 3321 quod
734 3237 820 3320 juste
843 3238 944 3319 possit
966 3257 1137 3319 opponere,
1165 3256 1316 3320 perversa
1344 3235 1397 3298 do-

120 3344 241 3407 matur
262 3339 463 3424 improbitas.
508 3337 608 3403 Recte
631 3342 738 3402 autem
759 3337 859 3402 faciet
881 3341 987 3402 vestra
1009 3338 1147 3420 dilectio,
1176 3341 1212 3401 ut
1233 3337 1296 3401 ista
1318 3360 1399 3421 quae

72 3482 76 3521 ᾖ
119 3443 310 3525 scribimus,
340 3441 463 3524 pariter
495 3439 661 3505 catholicis
695 3443 727 3504 ct
756 3440 918 3504 contraria
950 3438 1149 3522 sapientibus
1177 3440 1398 3504 innotescant:

117 3566 185 3633 quo
208 3547 248 3609 ct
268 3542 358 3608 sanis
379 3542 561 3608 necessaria
582 3542 728 3626 firmitas,
759 3546 791 3605 et
817 3542 901 3604 male
923 3540 1011 3605 sanis
1034 3546 1218 3624 competens
1240 3542 1399 3606 medicina

72 3626 78 3761 l
116 3647 333 3735 praebeatur.
388 3644 475 3709 Data
514 3643 663 3710 Calendis
706 3643 872 3708 Februarii
911 3643 1078 3707 consulatu
1114 3642 1301 3729 viscontii)
1339 3643 1399 3707 viri

72 3894 81 3969 i·
188 3921 228 3988 ⁸⁴)
248 3917 295 3972 lta
311 3917 346 3972 0¹
360 3916 393 3982 Q*
408 3917 454 3982 0²:
476 3915 545 3972 editi
562 3923 685 3987 copuoud.
720 3914 797 3970 Haec
819 3914 895 3970 dicta
916 3916 952 3970 ad
973 3912 1050 3972 illurn
1068 3915 1165 3972 referri
1187 3918 1399 3986 possuntsync-

72 3998 77 4095 ι
119 4003 204 4077 dm,
223 4002 303 4073 quae
317 4017 413 4057 mense
431 4001 547 4056 Octobri
564 4002 630 4057 anni
647 4007 698 4057 485
715 4002 821 4056 Romae
840 4004 1013 4071 congregata
1029 4007 1216 4056 rationabiliter
1233 4007 1259 4054 in
1278 4005 1399 4053 Acacium

72 4098 80 4137 ²
117 4093 279 4147 maaian
297 4092 415 4157 caprarii
429 4090 511 4153 fabre
529 4087 612 4153 (anno
631 4085 782 4156 superiore)
801 4092 935 4154 proiciam.
966 4085 1152 4140 Probabilitcr
1170 4088 1264 4139 tamen
1283 4084 1318 4137 ud
1337 4101 1399 4138 eum

119 4168 283 4247 pertinent,
302 4187 376 4243 quae
394 4186 468 4225 anno
480 4175 531 4226 484
549 4171 690 4239 convenit,
709 4187 780 4240 quac
800 4170 911 4238 quidem
924 4173 1042 4239 negatur
1054 4192 1117 4225 riona
1129 4176 1248 4239 ripuarias,
1267 4169 1332 4236 quia
1343 4186 1399 4223 non

83 4284 87 4289 ·
120 4261 197 4328 hri,
215 4258 252 4312 ut
268 4256 305 4311 de
322 4272 397 4311 nova
411 4272 495 4311 causa
511 4256 629 4311 necdum
644 4255 771 4325 judicata
788 4257 995 4325 pronuntiarct,
1014 4256 1254 4324 congregataest,
1272 4270 1356 4320 quam
1368 4255 1400 4307 ut
1500 4295 1507 4324 ,

121 4343 300 4417 apostolicae
319 4341 395 4397 sedh
412 4341 527 4395 decreha
544 4341 652 4396 concilii
671 4341 901 4395 Calchcdonensis
919 4339 1094 4408 exsequentis
1112 4338 1190 4393 testis
1209 4339 1238 4391 ct
1259 4338 1400 4408 particeps

121 4428 214 4487 ieret.
244 4427 370 4496 Ideoque
383 4423 494 4492 dicitur,
505 4426 673 4481 sententiam
686 4426 817 4480 adversm
826 4426 957 4480 Acacium
967 4429 1156 4496 rationabiliter
1166 4431 1298 4492 prolatura
1306 4444 1399 4492 copra-

121 4517 203 4578 ἡκ,
224 4511 292 4582 quia
309 4527 398 4583 quam
415 4508 534 4581 protulit
544 4510 634 4580 Felix,
652 4512 684 4565 ut
694 4510 830 4580 aequitati
844 4513 872 4565 ct
885 4510 1149 4564 Calchedoucnsium
1166 4511 1279 4578 patrum
1292 4506 1399 4576 judicio

124 4598 348 4655 maneam
364 4610 416 4650 suo
435 4593 541 4649 calculo
559 4595 735 4666 approbavit.

84 4734 97 4743 ,
130 4692 140 4701 '
189 4685 227 4754 ³⁴)
244 4683 291 4738 tia
306 4681 347 4738 (3¹
365 4682 449 4749 (conr.
472 4685 586 4736 Victoris
603 4683 642 4750 rc)
659 4680 687 4739 h
706 4698 729 4737 e,
749 4687 892 4737 a1m0495.
923 4679 1000 4737 Editi
1021 4686 1127 4738 Victore
1144 4701 1166 4736 υ.
1185 4700 1207 4740 c.
1225 4686 1336 4737 mucia
