3204 5506
230 362 294 429 390
706 378 733 426 s.
750 377 890 425 ennasn
913 366 1027 422 aaran

122 534 359 603 (a-esvivenn
386 533 420 597 in
443 533 552 597 eodem
576 536 650 597 actu
672 531 879 595 nihilominus
902 529 1095 613 constitutis,
1120 527 1240 594 divinis
1262 527 1436 617 mysteriis
1458 528 1514 593 im·

113 605 218 673 ‘4⁹⁵‘l
230 636 369 722 pendere
390 635 555 699 servitium
570 657 635 699 non
652 635 763 699 licere:
787 633 925 718 quamsi
940 632 1130 717 petitionem
1144 632 1265 697 veritas
1282 631 1512 716 subsequatur,

233 742 345 804 contra
368 738 469 823 patris
492 742 525 801 et
547 738 719 823 auotorisll
742 736 790 802 sui
813 737 936 801 laetum
952 735 1166 819 venientibus,
1190 737 1229 799 ut
1249 733 1418 820 indignis,
1443 734 1514 799 hae

141 885 148 899 =
232 843 351 907 reditas
378 841 504 927 legibus
533 841 712 923 auferatur,
751 863 812 904 neo
842 839 886 905 eis
915 838 1013 903 lineat
1040 838 1274 903 haereditatem
1305 837 1516 922 capientibus

233 948 346 1010 eontra
374 944 513 1008 auctoris
543 945 591 1007 sui
618 942 763 1026 prosilire
781 942 949 1025 judicium.
1001 940 1045 1005 Fit
1071 941 1159 1023 ideo,
1188 941 1310 1004 fratres
1340 939 1516 1023 carissimi,

232 1049 383 1132 quoniam
406 1067 438 1111 se
462 1046 558 1110 etiam
582 1047 623 1110 ab
646 1046 870 1110 archidiacono
893 1045 998 1108 diotae
1016 1044 1168 1108 ecclesiae
1183 1044 1370 1126 queruntur
1386 1058 1518 1127 oppres·

233 1172 300 1232 sos,
339 1149 393 1233 qui
420 1170 477 1232 per
505 1170 613 1212 eorum
642 1148 820 1211 absentiam
854 1146 1063 1210 moderatoris
1087 1145 1244 1230 judicium
1275 1145 1439 1230 promisit
1465 1167 1518 1210 eos

234 1274 302 1317 esse
335 1252 497 1316 secuturos
536 1250 668 1315 calcatis
703 1249 850 1314 omnibus
883 1247 1077 1331 rationibus,
1118 1248 1246 1332 atque³)
1278 1250 1401 1312 eontra
1430 1247 1518 1335 leges

234 1355 358 1419 divinas
381 1357 414 1417 et
435 1353 580 1437 publicas
602 1352 738 1438 pulsatis
761 1353 864 1417 forum
893 1373 984 1415 suum
1011 1350 1138 1434 putavit
1166 1349 1305 1433 auferri,
1339 1349 1380 1414 in
1412 1352 1519 1416 vestm

232 1457 363 1542 judici0‚
388 1456 564 1541 quisquis⁴)
588 1456 641 1520 ille
665 1455 788 1539 estqui
813 1454 962 1518 clericum
984 1451 1123 1537 lacessit,
1148 1451 1319 1517 adveniat:
1343 1454 1385 1517 ut
1408 1451 1520 1519 Euole-

237 1558 302 1623 siae
321 1560 407 1643 jura,
436 1581 516 1642 quae
539 1558 657 1622 vetusti
679 1557 841 1642 principes
866 1555 992 1620 assidua
1015 1554 1182 1620 sanctione
1209 1555 1434 1639 firmaverint,
1463 1555 1521 1621 im·

236 1661 347 1746 petitis
372 1661 494 1726 clericis
516 1684 581 1725 non
604 1663 773 1746 negentur.

741 1812 922 1917 Epistola
949 1813 1006 1896 24.

118 1940 224 2072 ,(ῇζὲζ
531 1949 667 2017 Gelasii
690 1966 801 2034 papae
823 1949 866 2015 ad
890 1947 1009 2033 Zejam
1032 1948 1213 2015 oomitom.

1193 2043 1198 2061 .

458 2075 610 2124 Praedictos
628 2076 734 2125 clericor
751 2075 777 2122 in
796 2089 873 2124 causa
891 2090 937 2123 sua
955 2074 1055 2137 apenda
1074 2073 1098 2122 ei
1114 2073 1282 2126 commendat.
1310 2112 1329 2153 g
1531 2078 1568 2145 pl

337 2268 338 2271 Ἴ
389 2194 528 2261 donnus
549 2211 633 2272 papa
655 2194 746 2273 zejae
770 2193 882 2255 comiti.

323 2308 515 2376 Christianis
538 2312 668 2394 gratum
690 2331 815 2393 semper
837 2309 932 2373 debet
954 2330 1033 2391 esse,
1066 2308 1149 2392 quod
1172 2307 1213 2372 ab
1236 2330 1354 2373 eorum
1380 2311 1526 2394 poscitur

305 2484 325 2550 ²)
345 2481 382 2536 ΠΙ
400 2478 447 2534 hio
464 2480 493 2533 et
509 2478 583 2533 inira
599 2484 705 2534 actoris.
735 2477 947 2533 Valentinianus
965 2496 1050 2547 quum
1066 2477 1096 2532 in
1113 2477 1168 2532 fine
1184 2477 1317 2533 novellae
1330 2484 1400 2547 ⁸45
1415 2484 1448 2535 18
1467 2497 1527 2537 san·

238 2567 335 2632 risset,
356 2566 387 2619 ut
404 2582 421 2619 a
442 2564 556 2635 proprio
579 2563 692 2619 domino
706 2573 855 2620 translatos
877 2571 983 2633 oripinir
995 2571 1058 2632 jure
1077 2575 1103 2618 ei
1119 2570 1192 2618 tilulo
1210 2570 1336 2618 revocari
1354 2585 1410 2621 aon
1427 2575 1527 2630 licent.

239 2649 345 2705 subdit:
366 2656 510 2704 indecoram
528 2662 566 2703 esi
585 2657 728 2704 siccioris
745 2654 818 2718 sacta
836 2657 953 2711 convelli,
973 2669 1038 2721 quae
1056 2670 1105 2719 pro
1124 2646 1230 2704 consilio
1247 2669 1297 2706 sno
1310 2661 1474 2707 erinacium
1486 2672 1527 2708 ne·

240 2742 356 2790 resiariu
367 2740 537 2802 judicaverit,
558 2756 629 2804 quum
647 2741 725 2804 napis
743 2741 845 2798 deceni,
864 2741 900 2789 ad
916 2741 974 2802 ejus
991 2740 1170 2797 reuerentiam.
1190 2755 1256 2804 quae
1274 2739 1313 2788 illi
1325 2742 1388 2792 nisa
1399 2750 1470 2802 mi,
1489 2744 1527 2793 ia·

239 2825 457 2876 maturaremus.
494 2818 523 2873 Si
545 2835 611 2873 vero
634 2819 663 2873 id
686 2820 721 2874 de
738 2820 893 2887 translatis,
916 2820 1021 2888 quanto
1040 2820 1131 2890 magis
1154 2819 1189 2874 de
1207 2820 1395 2878 manumissis
1413 2823 1528 2896 etpost

242 2903 486 2960 manumissionem
503 2904 563 2959 Deo
582 2905 750 2961 eonsecratis
768 2905 912 2961 censuerit.

308 2995 329 3059 3)
348 2991 423 3046 ἹἸῙ1
443 3002 467 3045 et
487 3012 551 3060 quae
569 3002 666 3045 conta.
703 2991 915 3046 Restitueudum
934 2990 1060 3046 duximus
1078 3003 1154 3062 atque
1172 3003 1277 3058 conire,
1298 2992 1354 3049 aut
1373 3011 1440 3050 cum
1458 2994 1526 3052 Gn·

239 3077 317 3132 liano
336 3088 362 3131 ei
378 3089 479 3131 contra.
513 3075 578 3130 Mox
595 3083 703 3144 pulsatis
720 3076 750 3130 id
767 3077 823 3142 est,
847 3077 1075 3146 quodammado,
1096 3077 1125 3131 in
1143 3075 1228 3132 dandi
1247 3093 1325 3134 casu.
1364 3079 1459 3136 Porro
1476 3098 1524 3153 pu·

240 3162 314 3217 blica
331 3162 376 3215 lex
393 3162 448 3228 est,
467 3162 498 3214 ut
516 3162 594 3216 actor
612 3160 652 3215 rei
670 3178 717 3216 sen
736 3161 859 3217 accusati
876 3163 968 3217 forum
985 3163 1125 3233 sequatur.
1153 3161 1225 3219 Hine
1235 3163 1355 3221 novella
1365 3182 1456 3238 saepo
1467 3166 1521 3222 lau·

241 3247 309 3301 data
326 3246 514 3301 Valentiniani
527 3248 565 3300 ΙΙΙ
577 3247 619 3300 tit.
635 3253 667 3301 34
680 3253 695 3313 5
708 3254 735 3301 2:
758 3253 788 3301 ln
807 3255 899 3303 clerico
916 3256 1029 3317 petitore
1048 3269 1204 3320 consequens
1222 3255 1285 3311 erit,
1304 3263 1334 3305 ur
1351 3257 1521 3309 secundun

241 3338 326 3399 lepra
343 3339 439 3400 pulsari
458 3337 543 3398 foram
565 3343 698 3401 aequatur,
722 3341 757 3398 si,
782 3344 810 3386 ni
832 3339 923 3388 dictam
945 3347 995 3397 esi,
1020 3340 1184 3401 aduersarius
1201 3355 1262 3389 sarm
1280 3342 1319 3390 ad
1341 3342 1463 3407 episcopi
1482 3340 1519 3392 οεΙ

241 3420 387 3484 presbyteri
399 3423 552 3470 audientiam
565 3438 614 3471 non
626 3430 745 3486 praesint
757 3438 894 3477 assensum.
918 3418 1057 3475 Honorius
1069 3420 1164 3475 autem
1181 3436 1256 3476 anno
1268 3425 1321 3475 412
1335 3421 1398 3478 eod.
1412 3419 1513 3478 ΤΜ

241 3500 289 3553 lib.
311 3505 342 3553 16
358 3501 404 3574 tit,
421 3508 437 3554 2
455 3502 510 3570 leg.
530 3508 561 3555 41
581 3502 643 3570 jam
666 3503 859 3559 constituerat:
892 3510 1005 3560 Ciericos
1029 3512 1129 3561 nonnisi
1150 3511 1221 3574 apud
1242 3512 1383 3577 episcopor
1404 3511 1568 3603 Q

242 3592 373 3646 accusari:
393 3592 469 3654 ipiiur
486 3593 510 3640 si
527 3594 661 3657 episcopus
680 3598 718 3644 oei
734 3595 883 3660 presbyter,
902 3598 1024 3646 diaeonus
1043 3598 1219 3663 etquicunque
1232 3595 1369 3660 inferioris
1384 3597 1437 3648 lari
1447 3595 1568 3677 Q

242 3676 342 3722 stianae
360 3676 422 3736 lepis
440 3677 553 3725 minister
571 3680 641 3742 apud
658 3681 815 3744 episcopum,
835 3678 967 3745 (siqnidem
984 3681 1046 3731 aliti
1060 3698 1113 3732 non
1131 3679 1258 3746 oportet),
1281 3697 1299 3731 a
1318 3682 1433 3749 Μῶα
1452 3696 1567 3757 Ν

242 3774 306 3808 rona
322 3760 421 3821 suerint
439 3763 553 3810 mensali
569 3769 617 3815 eir.
648 3759 801 3815 Theodosii
819 3760 902 3815 etiam
918 3761 1045 3831 junioris,
1062 3761 1253 3818 Valentiniani
1271 3762 1301 3817 οἵ
1311 3761 1426 3821 Arcadii
1438 3778 1560 3853 Ν

243 3839 419 3895 Sirmondum
443 3842 561 3912 append.
582 3845 642 3898 cod.
662 3845 765 3929 Theod
782 3853 832 3899 c.3
851 3862 885 3900 ea
902 3847 945 3900 lox
964 3849 1017 3901 est:
1044 3853 1166 3904 Continuo
1188 3854 1243 3918 iepe
1264 3854 1405 3918 saneim,
1426 3866 1551 3929 Ν

244 3932 419 3994 episcoporum
442 3935 480 3981 uel
501 3948 597 3990 eorum,
623 3936 665 3999 qai
688 3935 821 3984 Ecclesiae
845 3937 1035 3988 necessitatibus
1057 3940 1268 4001 smirnisnese
1285 3939 1439 4004 adjectitia
1455 3949 1545 4009 ὃ,

243 4016 430 4066 ordinariorum
442 4019 494 4067 aive
507 4021 774 4069 extraordinariorum
786 4023 901 4083 judicum
912 4023 1089 4086 pertrahatur.
1110 4023 1213 4073 liabent
1225 4024 1376 4088 stipantem
1386 4038 1450 4081 uos
1462 4042 1538 4088 ῃ

243 4103 377 4167 quidquam
399 4102 437 4151 llis
458 4102 566 4167 publicis
583 4120 708 4155 oomnmne
726 4122 779 4155 oum
797 4107 904 4172 lepidus,
928 4116 1045 4174 quantam
1063 4111 1099 4159 ad
1116 4124 1208 4159 comas
1225 4116 1310 4160 iam
1326 4106 1533 4169 eeclesiastic-

241 4188 365 4251 pertinet‚
386 4203 449 4252 quaa
467 4190 539 4238 decet
558 4193 699 4255 episcopali
716 4193 868 4242 macioriiaie
881 4194 973 4242 decidi.
1001 4189 1079 4244 Idem
1097 4189 1126 4244 et
1143 4188 1211 4245 ibid
1230 4194 1323 4262 (2⁸1).ss
1341 4188 1528 4251 Theodoti!
1566 4192 1568 4197 ¹

243 4269 273 4322 et
290 4267 500 4324 Valentinianus
519 4286 592 4325 anno
610 4278 661 4325 424
677 4272 830 4328 firnanmt.
859 4273 914 4328 Sed
932 4273 1051 4330 maxime
1070 4274 1107 4330 ad
1123 4275 1216 4346 prima
1231 4275 1424 4348 praecedes&
1437 4274 1526 4345 legi

243 4354 331 4408 verba
347 4354 498 4424 respexisse
511 4355 621 4411 videtur
634 4357 777 4425 Gelasius,¹
790 4359 837 4412 ubi
856 4360 908 4414 ait:
928 4380 993 4430 puae
1010 4368 1102 4415 nelina·
1115 4366 1249 4432 principes
1266 4366 1525 4419 sanmarth*

240 4444 381 4504 firmarant
413 4440 471 4495 Neo
490 4441 617 4509 dubium,
640 4444 708 4513 quin
725 4444 911 4500 ecelesiastica
928 4445 1013 4500 fuerit
1030 4447 1100 4502 haee
1117 4463 1213 4516 musa,
1230 4446 1260 4502 in
1278 4464 1338 4518 qua
1354 4448 1390 4505 de
1402 4448 1526 4520 iaetu·
1565 4462 1568 4479 ⁵

184 4555 187 4559 v
243 4524 315 4578 neeri
332 4525 464 4593 muneris,
486 4533 512 4579 in
530 4549 578 4597 qno
594 4549 678 4597 paene
696 4534 727 4583 ab
751 4537 899 4586 incunabilis
913 4532 972 4586 Deo
991 4531 1150 4588 serviebant
1162 4531 1296 4589 Silvester
1313 4550 1348 4591 ω
1363 4524 1527 4591 Faustini*

244 4625 307 4674 nus,
325 4612 476 4679 agebatur,
496 4630 528 4667 ao
546 4615 670 4668 nonmdli
688 4616 826 4687 episcopis
844 4619 873 4673 et
892 4618 998 4672 clericis
1014 4611 1107 4674 minus
1124 4618 1250 4674 faventes
1268 4620 1298 4675 et
1314 4619 1412 4693 prooul
1426 4605 1532 4697 dubl

245 4692 314 4747 alios
336 4695 465 4751 suffectos
485 4698 627 4768 cupientes
646 4718 742 4755 eorum
764 4703 855 4757 famae
878 4702 1083 4759 insidiarentur.
1126 4703 1263 4770 Quocirea
1284 4705 1322 4761 ad
1345 4700 1536 4761 iamenu*

246 4780 274 4832 et
292 4777 416 4835 Silvestri
435 4800 546 4838 oausam
564 4786 608 4839 lex
626 4786 686 4855 ejus
703 4787 837 4857 pertinet,
856 4805 888 4843 ao
903 4789 983 4858 justa
1001 4791 1044 4844 est
1055 4789 1158 4845 Gelaaii
1170 4791 1373 4862 expostulatio,
1392 4788 1462 4863 quod
1492 4764 1541 4831 *ἃ

244 4864 450 4921 moderatorem
469 4870 655 4939 seu‘judioem
672 4873 815 4942 publicum
832 4875 1038 4945 pertrahantur.

261 4964 270 4971 ·
313 4953 334 5036 ‘l
353 4951 375 5004 Τ
395 4973 488 5022 quaeso
507 4961 547 5008 iile
565 4962 608 5025 qni
624 4964 754 5028 clericam,
782 4962 819 5015 Π1
838 4968 882 5030 qui
902 4982 929 5017 se
951 4968 993 5018 ille
1015 4967 1059 5032 qni
1078 4967 1209 5017 οἰιήωυιε
1230 4962 1419 5023 emmam
1433 4978 1465 5019 α
1521 4933 1553 4991 z·
