3204 5506
198 337 240 402 52
567 352 701 400 nnuma
726 351 877 400 annuum
902 352 936 398 nv
960 351 1100 400 nunansn

200 513 305 588 aliquot
319 515 435 589 scriptos
451 512 558 570 codices
574 514 672 570 Astorii
688 522 715 569 ct
731 509 857 569 Praesidii
873 511 1015 568 consulum
1032 513 1139 567 nomina
1153 528 1217 586 prae
1232 528 1262 567 se
1277 511 1349 568 serre
1366 512 1418 570 ait.
1438 528 1472 568 ex

200 597 380 672 praejudicata
402 600 530 672 opinione
552 607 633 674 atque
656 597 770 654 aliorum
792 597 844 652 lide
866 597 918 653 boc
938 595 1070 652 affirmare
1095 596 1167 652 haud
1193 604 1294 652 temere
1317 595 1471 666 judicetur.

199 683 308 739 Nnilum
324 685 424 758 quippe
439 700 472 739 ex
488 683 529 739 bis
546 701 609 739 mss.
627 692 770 744 memorat,
793 684 844 739 nisi
866 699 945 756 quern
961 681 1125 738 lanfrancus
1141 698 1156 736 e
1171 681 1297 738 beccensi
1320 680 1473 754 exemplari

200 768 364 842 descriptum
380 769 408 824 in
424 769 548 842 angliam
564 768 671 824 detulit.
703 768 785 842 Atqui
799 768 933 824 beccense
944 766 1011 823 illud
1027 767 1161 839 exemplar
1176 767 1329 822 etiamnunc
1344 764 1473 828 liabetur,

199 852 273 924 quod
296 855 368 908 omni
390 861 454 909 noto
476 853 612 909 consulari
632 861 674 909 est
694 853 863 909 destitutum.
903 852 1047 908 Praeterea
1067 851 1139 907 istud
1160 851 1298 925 exemplar
1317 866 1350 906 ex
1373 849 1473 907 Isidori

199 935 355 993 blercatoris
370 937 561 1012 compilatione
576 937 741 1013 descriptum
757 955 816 994 esse
831 945 947 994 constat.
985 936 1014 992 ln
1036 938 1086 994 bac
1106 944 1194 992 autern
1210 935 1404 1009 compilatione
1421 935 1474 991 ile·

198 1020 257 1077 laeli
273 1022 412 1078 decretum
428 1017 518 1079 nullos
533 1022 660 1079 consules
682 1022 832 1096 adscriptos
848 1022 937 1078 habet.

286 1107 334 1163 12.
366 1106 577 1182 dependendum
603 1107 681 1164 nobis
707 1115 791 1164 restat
819 1108 1003 1164 testimonium
1030 1106 1165 1168 Chiltlctii,
1192 1108 1265 1162 notis
1289 1107 1318 1162 in
1339 1104 1472 1181 vigilium

198 1192 363 1267 'lapsensem
377 1191 510 1267 pauidi
532 1192 689 1255 scribentis,
710 1210 771 1249 sese
791 1191 935 1266 aliqnando
952 1190 1111 1248 titubantem
1126 1190 1376 1266 ambigentcmque,
1400 1208 1472 1248 mum

199 1293 267 1334 nere
283 1278 443 1335 Gratianus
458 1279 512 1334 lroc
527 1279 675 1335 decretum
691 1279 806 1335 Gelasio
822 1279 1015 1347 adscriberet,
1033 1275 1166 1333 firmatum
1182 1276 1336 1332 inisse'tum
1348 1274 1472 1332 Nicolail

199 1363 361 1418 auctoritate
379 1370 435 1418 tum
451 1364 568 1436 antiquis
584 1361 730 1424 codicibus,
746 1367 775 1418 in
791 1365 894 1436 quibus
907 1365 1012 1418 editum
1026 1369 1145 1419 notatur
1156 1381 1174 1417 a
1187 1363 1301 1418 Gelasio
1312 1364 1342 1417 iu
1358 1362 1470 1434 synodo

199 1447 332 1504 Romano
349 1448 435 1503 LXX
453 1451 653 1520 episcoporum
669 1449 781 1505 Asteria
797 1455 824 1504 et
839 1449 990 1504 Praesidio
1005 1448 1180 1504 consulibus.
1211 1446 1267 1501 lluo
1283 1446 1355 1501 enim
1370 1461 1470 1502 sonare

200 1531 306 1588 videtur
321 1531 373 1587 boc
388 1533 587 1589 testimonium:
610 1533 679 1589 idem
701 1533 804 1589 scilicet
825 1533 963 1589 decretum
984 1534 1010 1588 iu
1031 1533 1125 1588 iisdem
1147 1533 1263 1606 antiquis
1285 1529 1425 1587 codicibus
1440 1539 1470 1586 et

199 1636 217 1672 a
235 1617 349 1674 Gelasio
365 1621 393 1674 ia
417 1620 525 1691 synodo
540 1618 673 1675 Romarm
689 1619 775 1674 LXX
787 1622 987 1691 episcoporum
1007 1616 1123 1679 editum,
1145 1626 1173 1673 et
1192 1620 1306 1674 Asteria
1321 1633 1359 1672 oc
1372 1616 1469 1673 Prae-

200 1703 271 1758 sidio
287 1703 451 1759 consulibus
467 1710 590 1760 notatum
606 1720 676 1759 esse.
707 1704 805 1759 Verum
819 1703 892 1759 istud
907 1711 1075 1777 postremum
1091 1718 1104 1756 a
1120 1703 1169 1758 viri
1184 1702 1282 1758 sinceri
1297 1709 1388 1757 mente
1403 1700 1470 1756 alie·

199 1802 263 1842 num
279 1803 340 1842 esse
356 1804 406 1861 pro
429 1796 504 1843 certo
520 1787 659 1844 babemus.
697 1787 784 1856 Quum
805 1789 874 1844 enim
898 1791 985 1843 varios
1007 1804 1056 1843 nec
1070 1804 1171 1861 paucos
1188 1785 1366 1860 undequaque
1381 1784 1469 1842 colle·

199 1872 320 1945 gemmus
341 1872 462 1935 codices,
484 1881 565 1947 atque
591 1874 643 1929 lvoc
663 1874 801 1930 decretum
822 1875 848 1929 in
869 1873 1006 1946 plerisque
1027 1872 1134 1946 quidem
1156 1876 1295 1943 scriptum
1315 1890 1333 1927 o
1351 1871 1470 1949 Gelasio

194 1974 277 2029 papo
297 1974 362 2014 cum
382 1958 468 2014 LXX
485 1960 684 2015 eruditissimis
704 1962 773 2016 viris
794 1962 951 2030 episcopis,
973 1956 1020 2013 sed
1042 1959 1068 2012 iu
1089 1957 1165 2013 rrullo
1188 1959 1290 2014 editum
1306 1958 1424 2014 Asteria
1440 1963 1470 2012 et

197 2043 348 2099 Praesidio
369 2045 535 2101 consulibus
557 2043 692 2118 legamus,
719 2044 882 2117 persuadere
904 2042 981 2099 nobis
997 2060 1053 2098 uon
1074 2059 1234 2116 possumus,
1256 2040 1424 2097 Chillletium
1440 2042 1468 2097 in

198 2126 306 2183 codices
327 2128 455 2184 incidisse
475 2128 542 2184 adeo
557 2128 722 2204 singulares,
745 2129 792 2202 qui
811 2129 980 2186 coarsularcm
1004 2137 1095 2184 notam
1115 2145 1178 2202 prae
1200 2144 1230 2182 se
1250 2126 1363 2183 serrem.
1393 2125 1468 2183 Fieri

199 2219 288 2268 tamen
302 2213 402 2287 potuit,
419 2222 450 2269 ut
466 2213 505 2268 vir
519 2221 640 2269 veterum
653 2213 876 2270 bibliothecarum
892 2214 1015 2270 curiosus
1027 2212 1169 2287 indagator
1180 2211 1222 2268 vel
1232 2213 1321 2286 ipsum
1333 2211 1467 2272 codicem.

198 2299 243 2370 qui
259 2306 384 2353 servatur
399 2299 425 2353 in
441 2296 603 2361 Colbertina,
621 2299 662 2378 vel
678 2299 791 2354 similem
807 2299 830 2354 ei
847 2298 997 2362 offenderit,
1013 2297 1131 2371 indeque
1146 2296 1278 2353 abductus
1293 2297 1329 2353 sit
1345 2299 1372 2353 in
1388 2313 1468 2352 erro·

197 2397 264 2438 rem.
300 2381 329 2437 ln
350 2382 404 2438 boc
422 2398 506 2457 porro
527 2382 619 2439 codice
640 2384 756 2456 primurn
778 2382 875 2439 Gelasii
889 2384 960 2439 circa
975 2382 1079 2438 diversa
1094 2382 1289 2439 ecclesiasticae
1307 2380 1468 2456 disciplinae

197 2467 285 2540 capita
300 2466 453 2530 decretum,
471 2468 523 2523 hoc
537 2475 581 2523 est
594 2468 721 2541 superior
736 2468 851 2540 epistola
860 2467 899 2524 14
915 2470 955 2524 ad
968 2472 1118 2540 episcopos
1130 2482 1187 2540 per
1197 2469 1367 2537 Lucaniam,
1386 2468 1468 2523 Bru·

198 2555 252 2608 tios
267 2559 294 2608 et
310 2551 439 2609 Siciliam
455 2557 624 2609 corastitutos
638 2551 800 2608 describitur
815 2552 848 2607 ad
863 2559 944 2626 caput
961 2553 1013 2615 10;
1029 2570 1059 2609 ac
1074 2552 1171 2608 deinde
1187 2554 1278 2609 nescio
1294 2569 1346 2627 qua
1362 2551 1466 2608 librarii

198 2637 338 2692 oscitantia
355 2644 443 2692 totum
459 2638 511 2693 hoc
527 2636 560 2692 de
575 2636 651 2692 libris
663 2636 801 2693 decretum
814 2645 988 2711 praepostere
1003 2639 1134 2694 inseritur
1148 2655 1209 2694 eum
1225 2653 1295 2694 novo
1312 2637 1412 2694 titulo:
1428 2638 1466 2695 In

198 2720 304 2777 Christi
317 2726 429 2778 nominc
443 2726 544 2793 incipit
559 2723 715 2779 Decretole
730 2725 834 2794 editum
849 2724 885 2779 de
900 2724 1075 2795 recipiendis
1090 2731 1143 2779 etc.
1166 2723 1241 2779 Tunc
1257 2723 1318 2779 huic
1334 2721 1467 2779 decretali

196 2806 313 2880 reliqua,
330 2822 399 2881 quae
413 2807 446 2863 ad
462 2806 624 2881 praedictam
640 2807 781 2881 epistolam
799 2807 837 2863 14
852 2809 1006 2882 pertinent,
1022 2808 1124 2864 seilicet
1139 2826 1154 2863 a
1169 2809 1256 2882 eapite
1273 2808 1310 2863 ll
1333 2807 1366 2863 ad
1382 2806 1467 2864 duem

197 2907 292 2965 usqne,
311 2908 365 2948 uno
380 2899 476 2948 tenore
491 2891 685 2966 adjunguntur,
702 2891 843 2968 adscriptis
859 2894 947 2955 etiam,
964 2891 1061 2968 quibus
1077 2893 1169 2949 cadem
1185 2892 1300 2967 epistola
1314 2893 1397 2948 missa
1413 2900 1466 2955 cst,

196 2979 310 3033 Asteria
322 2984 350 3033 et
363 2977 515 3034 Praesidio
536 2979 710 3035 consulibus.
742 2980 776 3033 llt
797 2979 919 3052 quisquis
934 2977 1006 3034 bunc
1021 2977 1119 3034 librum
1135 2995 1189 3034 uon
1206 2977 1293 3034 obiter
1308 2986 1336 3033 et
1352 2977 1467 3052 periun-

196 3063 291 3125 ctorie,
317 3060 365 3118 sed
388 3062 469 3137 paulo
491 3062 649 3138 diligentins
672 3063 895 3125 consideraverit,
911 3072 1004 3120 notam
1019 3062 1090 3119 illam
1108 3062 1278 3119 consularem
1300 3063 1386 3119 solius
1407 3065 1467 3138 epi·

195 3146 283 3202 stolae
292 3147 330 3203 14
346 3149 497 3222 propriam,
520 3165 569 3204 nec
589 3149 700 3205 decreto
723 3157 823 3205 temere
843 3151 947 3204 inserto
968 3165 1138 3204 communem
1155 3165 1215 3204 esse
1231 3147 1303 3204 ultro
1319 3147 1465 3222 targiatur.

195 3230 268 3287 Nlbll
284 3242 374 3288 tamen
388 3234 522 3289 succurrit
538 3231 615 3289 nobis
631 3232 804 3307 probabilius.
823 3232 894 3289 uude
910 3234 961 3289 boc
976 3233 1114 3288 decretum
1129 3235 1157 3289 in
1173 3232 1308 3289 veteribus
1321 3231 1466 3290 codicibus

195 3320 308 3373 Asterie
324 3323 352 3374 et
366 3319 517 3375 Praesidio
536 3320 702 3376 considibus
717 3326 839 3375 notatum
855 3319 906 3392 clici
927 3319 1057 3392 potuerit.
1089 3317 1248 3389 Huiusmodi
1264 3327 1354 3374 autem
1370 3326 1467 3375 aueto-

196 3403 260 3456 ritas
276 3418 359 3475 quum
375 3402 449 3459 nulla
464 3404 513 3466 sit,
537 3405 605 3459 lianc
621 3405 798 3459 assertionem
814 3403 888 3459 nulla
903 3404 1064 3459 auctoritate
1079 3404 1129 3459 niti
1145 3404 1234 3459 verius
1250 3403 1407 3461 siluerimus.

283 3486 331 3543 13.
363 3486 534 3562 Quapropter
549 3489 644 3561 quovis
661 3488 741 3544 modo
758 3488 928 3563 intelligatur
942 3497 1020 3551 nota,
1043 3504 1096 3561 qua
1118 3491 1261 3546 exconsul
1276 3489 1401 3545 Asterius
1417 3489 1466 3546 Se·

195 3570 262 3626 clulii
278 3587 346 3645 opus
363 3570 518 3647 divulgasse
533 3573 646 3635 dicitur,
668 3579 756 3628 cessat
777 3589 869 3646 pugna
890 3573 971 3644 bujns
993 3581 1073 3629 notae
1093 3590 1153 3630 cum
1176 3583 1271 3630 nostro
1287 3572 1414 3639 decreto,
1437 3577 1466 3632 in

196 3672 251 3729 quo
266 3654 369 3712 Sedulii
385 3673 454 3732 opus
469 3657 552 3713 veluti
565 3656 619 3727 jam
634 3657 802 3732 divulgatum
818 3667 984 3715 recensetur.
1006 3658 1091 3714 Porro
1104 3659 1184 3730 hujus
1197 3659 1287 3733 operis
1299 3676 1467 3717 commemo·

196 3741 279 3802 ratio,
303 3757 336 3796 es
358 3758 410 3815 qua
427 3742 594 3798 Gelasianum
616 3742 753 3799 decretum
775 3759 830 3799 non
852 3745 932 3800 citius
954 3761 1024 3800 anno
1040 3742 1101 3801 495
1118 3744 1218 3800 editum
1235 3760 1295 3800 esse
1309 3744 1466 3807 ‹conficitun

195 3842 252 3887 cos,
264 3827 310 3899 qui
320 3827 490 3883 consularem
502 3829 526 3883 ei
539 3835 629 3883 notam
643 3838 833 3902 apposuerant,
844 3846 898 3885 rron
911 3830 998 3902 ipsum
1010 3828 1147 3884 decretum
1159 3829 1218 3885 lalsi
1230 3831 1374 3886 convincit.
1393 3829 1466 3899 Quid

194 3912 265 3967 enim
282 3909 385 3976 obstat,
409 3912 553 3985 quominus
575 3929 644 3987 opus
660 3930 730 3969 anano
746 3913 808 3971 495
824 3913 856 3969 ab
872 3914 979 3969 Asteria
995 3913 1141 3972 exconsule
1162 3914 1263 3970 editum
1279 3914 1375 3971 eodem
1391 3931 1466 3972 anno

89 4054 92 4059 ,
195 4013 208 4050 a
224 3994 335 4051 Gelasio
347 3995 429 4053 luerit
440 3996 635 4071 approbatum?
671 3998 708 4054 Eo
724 4007 803 4072 pacto
819 3999 1046 4073 prudentissimus
1062 3999 1184 4073 pontifex
1200 3999 1275 4055 etde
1291 3999 1465 4057 nobilissimo

194 4082 265 4145 viro,
283 4082 329 4155 qni
344 4081 464 4138 studium
480 4083 507 4139 in
524 4098 607 4158 opere
622 4083 768 4140 Seduliano
784 4083 889 4140 edendo
904 4092 1042 4158 posuerat,
1061 4083 1137 4139 etde
1153 4082 1285 4146 fidelibus,
1301 4083 1465 4160 adquorum

192 4167 320 4239 pietatem
336 4167 530 4224 informandam
547 4176 639 4242 aptum
650 4166 821 4239 judicabatur
836 4170 889 4225 boc
905 4186 989 4242 opus,
1008 4168 1076 4225 bene
1092 4170 1189 4225 mereri
1204 4169 1350 4226 festinavit.

280 4250 329 4309 14.
359 4252 413 4309 Nec
433 4253 563 4310 distinere
585 4270 635 4309 nos
656 4252 736 4310 debet
756 4253 796 4318 id,
825 4253 896 4310 unde
917 4263 1060 4310 moventur
1080 4254 1216 4317 nonnulli,
1238 4254 1311 4329 quod
1333 4257 1465 4315 nimirum

193 4335 314 4393 Gelasins
329 4339 357 4393 in
372 4338 509 4413 plerisque
522 4356 585 4395 mss.
603 4338 655 4394 hoc
671 4339 809 4396 decretum
825 4355 881 4395 non
896 4347 926 4394 ut
942 4338 1024 4413 vulgo
1040 4340 1112 4396 solet
1126 4340 1284 4414 simpliciter
1298 4344 1327 4397 in
1340 4346 1463 4415 syuodo,

192 4419 240 4475 sed
261 4430 492 4495 praetermorem
513 4441 577 4481 cum
593 4424 679 4480 LXX
696 4429 765 4482 viris
786 4426 984 4481 eruditissimis
1004 4424 1121 4481 edidisse
1137 4434 1309 4482 memoratur.
1340 4427 1464 4486 Primum

191 4506 262 4560 enirn
279 4522 294 4561 e
310 4508 395 4581 gestis
411 4508 606 4583 integrioribus
622 4509 814 4584 simpliciorem
828 4525 985 4566 revocamus
1001 4510 1123 4574 titulum,
1146 4512 1172 4566 iu
1195 4528 1249 4584 quo
1265 4510 1298 4567 de
1314 4510 1381 4567 tux
1397 4515 1463 4570 viris

190 4589 378 4647 eruditissimis
400 4594 533 4668 episcopis
554 4593 627 4649 nulla
648 4591 678 4649 lit
699 4595 811 4651 mentio.
842 4593 908 4662 Quia
930 4603 1018 4652 tamen
1038 4604 1065 4651 et
1084 4595 1158 4651 istud
1179 4597 1259 4652 etiam
1280 4598 1409 4671 permulti
1432 4616 1464 4655 ac

191 4676 344 4749 perantiqui
359 4693 424 4733 mss.
440 4695 504 4752 prae
519 4696 549 4734 se
565 4679 669 4742 lerunt,
687 4697 737 4736 uec
752 4696 864 4754 prorsus
879 4678 1068 4751 rejiciendum,
1085 4698 1134 4738 nec
1150 4682 1251 4737 trustra
1265 4698 1464 4740 coavrmemora-

191 4769 247 4815 turn
263 4777 413 4817 censemus.
446 4760 523 4830 Quod
539 4773 566 4819 et
583 4765 755 4837 opinaremur
768 4764 943 4840 probabilius,
958 4768 982 4822 si
998 4768 1024 4822 in
1040 4767 1135 4824 eodem
1151 4766 1266 4823 concilio
1281 4785 1337 4824 aon
1354 4777 1463 4825 tantum

189 4844 410 4906 ileseeornendis
426 4847 516 4911 libris,
538 4848 585 4905 sed
607 4849 686 4904 etiam
702 4850 736 4906 de
752 4859 981 4908 sacramentorum
996 4850 1078 4914 libro,
1102 4869 1182 4925 quem
1198 4870 1211 4908 a
1228 4852 1333 4909 Gelasio
1346 4853 1462 4912 adorna·
