3204 5506
64 556 177 625 (1519.)

47 1375 138 1441 (uolt)
152 1373 177 1428 d.

37 1450 70 1496 22
80 1441 177 1511 April.)

194 375 256 441 858
634 390 662 438 s.
679 387 885 439 1011111111
907 387 1022 436 aaran

190 567 313 632 quoque
337 545 488 609 velociter
510 544 668 608 ordinatio
697 544 796 629 digna
819 543 1000 628 proveniat,
1030 547 1066 606 ut
1091 545 1206 628 coepta
1228 566 1289 628 par
1310 548 1427 630 tempori-

189 649 249 713 bus
276 648 390 712 vestris
417 669 474 732 per
502 668 629 711 omnem
656 645 808 709 mundum
843 646 964 729 pariter
993 645 1170 731 dirigatur,
1210 649 1243 711 et
1270 648 1427 715 1111111111

190 749 397 834 apostolicam
425 749 569 834 partibus
603 748 857 814 communionem
893 748 1051 832 fidemque
1089 749 1348 814 convenientibus
1378 773 1428 835 per·

190 854 289 935 fecte,
314 853 397 917 sicut
417 853 541 937 pridem
562 852 683 936 fuerat,
708 851 855 917 omnibus
877 851 1029 919 membris
1052 852 1153 939 capiti
1176 873 1234 917 suo
1252 856 1430 919 consectatu

190 954 346 1021 Ecclesia.

630 1230 636 1241 ,
697 1141 878 1246 Epistola
905 1143 952 1227 65

801 1294 850 1332 fleu

281 1390 461 1460 suggestio
482 1391 637 1449 Dioscori
659 1389 794 1448 diaconi
814 1405 876 1459 per
897 1390 1088 1448 Pollionem
1110 1391 1362 1450 subdiaconum.

224 1522 293 1583 erae
316 1522 516 1582 Thessalonicae,
536 1540 600 1589 quae
618 1523 839 1587 Constantinopoli
855 1524 907 1572 sint
922 1531 997 1587 pasta
1015 1522 1049 1584 (n.
1065 1522 1168 1584 1—5),·
1186 1525 1219 1574 de
1237 1526 1353 1574 ecelesia
1365 1526 1407 1573 An·

223 1609 354 1658 tioehenae
371 1613 452 1670 atata3
471 1626 521 1673 qua
539 1610 638 1659 ratione
656 1609 777 1672 episeopo
790 1606 1071 1672 Constantinopolitano
1084 1606 1116 1657 ab
1131 1608 1271 1659 nomana
1283 1608 1407 1660 rescriben-

611 1694 668 1742 dum
685 1695 730 1751 rit,
750 1693 878 1743 consitium
895 1694 1041 1757 interponit.
1247 1692 1272 1743 Ι

276 1827 304 1890 1.
339 1825 516 1891 ineffabilis
531 1826 592 1891 Dei
608 1825 838 1910 omnipotentis
853 1825 1070 1891 misericordia
1093 1830 1126 1891 11
1140 1827 1245 1912 pietas
1260 1828 1337 1912 ejus,
1357 1847 1435 1912 quam

189 1950 285 2013 super
306 1927 482 1993 humanum
504 1951 606 2014 genus
630 1928 803 1993 clementer
820 1928 971 2012 effamdit,
995 1928 1143 1993 humanis
1159 1929 1281 1993 viribus
1296 1927 1435 1994 aestimari

188 2053 255 2096 non
277 2033 384 2115 potest
405 2052 465 2096 nec
487 2031 686 2096 sermonibus
709 2030 877 2114 explicari3
904 2031 959 2094 sed
981 2030 1101 2095 sufficit
1124 2030 1193 2115 ejus
1215 2034 1340 2096 tantum
1359 2031 1436 2094 mira·

189 2131 300 2216 111111)
323 2131 446 2197 devotis
469 2132 614 2197 sensibus
638 2132 803 2215 admirari,
834 2136 866 2196 et
888 2134 969 2197 scire
991 2132 1099 2197 omnia
1126 2132 1212 2196 bona
1238 2133 1277 2198 de
1299 2132 1362 2217 ejus
1379 2134 1436 2196 tau·

189 2240 258 2299 tum
279 2235 404 2319 gratiae
426 2234 564 2319 pendere
579 2234 737 2299 remediis.
767 2233 828 2298 Est
842 2235 904 2298 ista
920 2234 1106 2319 quotidiana
1121 2235 1285 2319 probatio;
1306 2233 1436 2299 audacter

189 2340 297 2401 tamen
319 2358 487 2421 praesumo
510 2335 631 2420 dicere,
660 2336 787 2404 domins
813 2358 903 2400 meus
930 2336 1115 2401 beatissime
1142 2359 1243 2422 papa,
1273 2337 1345 2422 quia
1364 2357 1437 2421 prae

190 2461 263 2503 sens
286 2460 381 2503 causa
403 2440 577 2522 praeterita
600 2440 716 2503 cuncta
738 2439 954 2521 transcendit,
977 2460 1072 2522 quam
1092 2438 1180 2504 Deus
1202 2438 1316 2504 vestris
1335 2442 1437 2522 tempo

189 2541 278 2604 ribus
301 2544 334 2604 61
355 2541 478 2604 meritis
500 2541 684 2605 reservavit.
720 2539 800 2615 Quid
823 2541 857 2604 in
873 2540 1031 2627 Aulone²)
1054 2541 1097 2605 sit
1119 2544 1237 2625 actum,
1261 2540 1336 2626 quid
1349 2539 1438 2606 Scam-

189 2641 250 2726 pis,
274 2641 349 2726 quid
364 2641 494 2727 Lignidi
516 2643 614 2707 fuerit
628 2642 843 2727 subsecutum,
867 2643 1026 2707 anteriore
1042 2643 1279 2729 significatione
1299 2642 1436 2729 suggessi.

191 2744 242 2807 Ad
264 2742 525 2808 Thessalonicam
547 2745 765 2828 pervenimus;
796 2767 874 2829 quas
898 2744 1094 2809 intentiones
1102 2746 1128 2829 ³)
1156 2745 1359 2810 habuerimus
1380 2765 1437 2809 cun

190 2847 339 2931 episcopo
354 2845 642 2931 Thessalonicensi,
667 2849 700 2909 61
721 2868 802 2931 quae
825 2848 910 2911 dicta
932 2846 1054 2911 fuerint
1078 2846 1129 2911 vel
1151 2847 1250 2911 111111
1273 2848 1437 2926 constituta,

189 2949 303 3013 harum
325 2949 488 3033 portitoris
511 2950 583 3013 viva
606 2949 823 3013 insinuatione
846 2949 985 3012 discetis.
1021 2947 1110 3024 Quod
1126 2952 1236 3014 tamen
1252 2972 1316 3014 non
1330 2950 1439 3034 oporiet

190 3052 363 3136 praeterire
397 3051 541 3134 silentio,
579 3051 743 3115 insinuare
776 3073 840 3114 non
875 3051 996 3115 differo.
1047 3050 1125 3115 Post
1151 3051 1255 3115 multa
1282 3050 1438 3117 certamina

77 3144 80 3151 ’
190 3154 354 3237 praefatus
382 3153 548 3238 episcopus
582 3153 706 3217 ratione
740 3152 904 3217 convictus
936 3152 1080 3216 libellum
1114 3153 1314 3219 subscribere
1345 3151 1437 3218 voluit.

191 3256 252 3321 Sed
275 3256 349 3341 qnia
372 3255 530 3339 episcopi,
554 3256 608 3339 qui
630 3255 688 3318 sub
711 3255 779 3337 ejus
802 3259 878 3318 sunt
899 3254 1101 3319 ordinatione
1129 3256 1313 3341 constituti,
1345 3274 1438 3319 omnes

190 3380 256 3422 non
279 3358 428 3440 aderant,
451 3358 487 3422 in
509 3357 671 3443 praesenti
693 3356 754 3421 hoc
777 3357 942 3440 convenit,
966 3356 1026 3421 hoc
1048 3357 1211 3443 promisit,
1242 3360 1278 3422 ut
1297 3361 1367 3442 post
1384 3355 1438 3419 dies

191 3460 363 3544 11111011),
397 3481 462 3523 uno
489 3481 527 3523 ex
555 3459 648 3523 nobis
676 3481 694 3522 1
722 3459 795 3522 sede
818 3457 1194 3543 Constantinopolitanae
1216 3459 1304 3524 urbis
1325 3459 1438 3538 directa

191 3561 348 3646 episcopis
371 3563 591 3647 cougregatis,
620 3561 731 3646 quiin
754 3561 823 3644 ejus
845 3564 921 3625 sunt
943 3561 1078 3625 dioecesi
1102 3562 1286 3644 constituti,
1314 3559 1438 3625 libellum

191 3663 442 3746 subscriberent3
476 3664 559 3747 quod
589 3686 660 3726 cum
682 3662 743 3726 Dei
766 3663 924 3746 adjutorio
952 3663 1109 3727 credimus
1132 3685 1201 3727 esse
1225 3662 1436 3748 complendum.

191 3765 281 3830 Haec
303 3769 379 3829 sunt
401 3765 647 3829 Thessalonicae
669 3766 853 3829 constituta.

275 3867 305 3932 2.
351 3867 475 3932 Vestris
508 3867 705 3932 orationibus
743 3867 956 3932 commendati
992 3867 1033 3931 ad
1066 3865 1438 3953 Constantinopolitanam

191 4114 224 4163 65
261 4110 280 4176 1)
297 4107 341 4161 Ita
359 4105 393 4159 G'
407 4107 443 4159 a¹.
479 4105 520 4159 Al.
540 4111 654 4161 consilia.

259 4195 280 4260 ²)
299 4191 333 4246 G¹
357 4196 381 4245 in
405 4197 515 4245 clariana.
556 4191 696 4245 Notantur
718 4190 762 4244 hic
785 4208 844 4260 sup.
868 4189 1002 4260 epistolas
1022 4197 1054 4246 59
1077 4191 1106 4246 11
1123 4197 1169 4258 60,
1193 4191 1259 4261 quia
1280 4191 1324 4246 vix
1345 4189 1439 4245 creden

192 4277 269 4343 dum,
287 4276 451 4332 Dioscorum
469 4275 557 4331 611111
576 4275 690 4329 seorsim
708 4276 742 4329 de
760 4275 813 4329 illis
831 4275 913 4329 rebus
932 4275 968 4330 ad
986 4276 1148 4346 pontificem
1165 4276 1300 4332 retulisse.

259 4365 279 4428 ³)
297 4362 330 4415 H.
351 4380 374 4416 e.
393 4368 602 4416 concertationes.
640 4359 774 4426 Quocirca
791 4362 820 4414 11
837 4377 901 4414 mox
913 4361 1020 4415 subdit:
1039 4367 1103 4416 Post
1115 4368 1191 4416 attalia
1204 4369 1348 4416 antonina.
1370 4361 1440 4415 'lbet-

192 4446 390 4502 salonicensem
413 4446 556 4500 ecclesiam
578 4449 639 4499 tum
661 4445 779 4514 regebat
795 4446 966 4512 Dorotheus,
990 4449 1068 4516 cnjus
1091 4448 1134 4501 est
1155 4446 1280 4517 superior
1298 4445 1440 4518 epistolas,

192 4547 315 4586 necnon
332 4531 406 4586 infra
424 4530 503 4602 epist.
524 4539 579 4587 128.

259 4619 280 4685 1)
297 4617 350 4671 Vel
368 4616 614 4687 Quadrsgesimae‚
633 4619 664 4671 ut
681 4617 881 4687 interpretatur
898 4618 1046 4685 Batonius,
1064 4619 1109 4673 vel
1126 4618 1220 4688 potius
1236 4618 1364 4673 Paschae.
1396 4619 1440 4669 Pr·

191 4707 293 4756 roeciae
317 4703 482 4756 vocabulum
505 4720 556 4772 pro
578 4703 721 4773 provincia
743 4704 959 4773 metropolitano
978 4704 1104 4774 subjecta
1121 4705 1250 4771 frequens
1268 4701 1387 4774 superius
1402 4697 1439 4753 rd-

192 4786 331 4841 vcrtimus.
373 4787 423 4842 Hic
441 4804 520 4855 vero,
543 4790 608 4856 quia
627 4789 861 4843 Thessalonicensi
886 4789 1003 4844 antistiti
1021 4805 1076 4843 non
1093 4790 1204 4843 tantum
1222 4788 1344 4858 episcopi
1359 4784 1440 4841 sedet

193 4871 401 4941 metropolita-ni
419 4873 512 4943 plures
530 4875 680 4944 parebant,
700 4876 765 4943 apto
782 4873 930 4928 Dioscorus
950 4876 1058 4930 coetum
1070 4873 1148 4927 illum
1161 4872 1365 4943 provinciarum
1375 4884 1441 4941 prae·

193 4955 244 5012 suli
261 4956 325 5011 huie
344 4956 516 5011 subditarum
534 4964 667 5014 dioecesim
684 4976 747 5013 mox
768 4961 855 5014 vocat.
