3224 5506
154 334 217 401 412
257 349 272 383 r
627 354 655 400 s.
672 352 813 401 caussa
835 351 948 411 carna

47 520 141 569 areo.
156 508 387 575 communionis
423 492 589 572 extentae:
623 507 676 591 qui
706 507 815 592 utique
844 529 909 572 uon
937 507 1059 572 consuli
1096 511 1259 593 tamquam
1288 514 1469 588 nostrae

154 610 387 675 communionis
409 609 553 674 homines
572 610 640 694 jain
669 610 832 689 deberent,
861 611 916 675 sed
938 613 1103 695 tamquam
1125 611 1160 675 in
1183 612 1360 675 contrarie>
1409 640 1461 701 pp

154 714 207 777 siti
241 714 399 776 consortio
434 713 576 777 refutari.
626 712 660 777 Si
693 734 767 776 vero
798 735 865 777 non
898 713 1215 779 communicaverant
1247 716 1457 817 antequam¹

154 815 293 880 Aeacius
315 814 377 879 huc
400 816 544 897 referret,
575 817 607 877 et
629 816 919 881 communicantem
947 818 1060 881 notare
1083 816 1269 899 debuerant,
1297 820 1327 883 et
1383 820 1448 904 ipsi

154 918 192 982 de
208 917 318 981 eodem
333 918 439 1001 potius
454 918 516 982 huc
531 918 660 1000 referre,
685 919 781 1002 atque
804 918 997 1003 apostolicae
1013 919 1096 984 sedis
1112 919 1224 1005 vigore
1239 920 1443 1005 perculsum

152 1020 267 1085 merito
290 1021 506 1104 comprobare,
531 1042 664 1105 cumque
687 1042 724 1084 ea
746 1021 821 1086 sede
843 1019 1018 1105 apostolica
1039 1021 1204 1106 tantisque
1226 1022 1290 1087 illis
1309 1023 1440 1089 catha

154 1123 224 1187 licis
252 1123 457 1206 pontificibus
490 1123 594 1207 magis
622 1126 733 1189 tenere
767 1122 980 1188 concordiam.
1026 1122 1088 1190 Sed
1116 1124 1192 1209 quia
1225 1125 1266 1188 ab
1293 1123 1439 1189 illorum

154 1225 306 1290 societate
329 1225 529 1290 desciverant
551 1228 713 1290 eteorum
736 1225 1018 1311 successoribus⁹⁰)
1042 1227 1278 1292 communicare
1295 1226 1439 1308 delege-

153 1330 237 1410 rant,
261 1328 332 1391 ideo
355 1350 426 1392 cum
449 1327 521 1392 sede
544 1327 719 1411 apostolica
733 1329 864 1392 minime
881 1330 1113 1414 congruebant.
1149 1328 1232 1406 Quia
1246 1330 1280 1395 in
1300 1322 1444 1394 asem

153 1429 334 1518 reciderant
355 1429 620 1514 praevaricatoris
643 1431 765 1513 Aeacii,
790 1434 823 1496 et
844 1431 929 1495 illius
952 1453 986 1495 se
1008 1432 1078 1497 sine
1093 1432 1190 1497 dubio
1211 1421 1439 1517 pervidetur11

153 1532 315 1596 sententia
338 1535 568 1616 consequenter
596 1533 766 1618 adstringi,
794 1534 834 1597 01)
857 1534 918 1598 lico
946 1556 1017 1598 eum
1046 1533 1148 1599 videri
1175 1534 1325 1601 nolebant
1341 1501 1473 1638 esth

153 1634 351 1717 damnatum,
375 1635 450 1720 quia
472 1656 505 1699 se
529 1635 766 1720 cognoscebant
793 1637 826 1700 in
856 1637 966 1700 eadem
991 1637 1268 1721 praevaricatione
1288 1612 1448 1701 damu)
1464 1666 1471 1679 ·

152 1740 213 1820 tos,
236 1737 271 1801 in
294 1760 357 1821 qua
378 1736 532 1822 hodieque
555 1760 684 1803 manere
707 1738 893 1823 persistunt.
940 1739 1002 1804 Sed
1029 1740 1114 1804 sicut
1141 1739 1165 1803 ii
1187 1740 1284 1805 simili
1310 1673 1479 1843 coust}

152 1840 240 1907 tione
264 1841 428 1905 constricti
452 1842 638 1926 complicem
660 1863 752 1905 suum
774 1864 838 1905 non
862 1845 998 1926 possunt
1015 1841 1161 1926 judicare
1184 1863 1251 1906 non
1268 1842 1336 1926 jure
1355 1832 1479 1977 (ἶβις

152 1946 307 2026 miratum,
337 1965 440 2027 neque
462 1944 557 2029 reim)
580 1966 669 2010 reum
691 1948 826 2027 possunt
849 1946 1068 2029 competenter
1090 1943 1275 2028 absolvere3
1296 1944 1339 2008 sic
1356 1943 1406 2007 ill.

147 2046 235 2129 juste
267 2046 523 2130 praevaricatore
559 2046 710 2113 damnato
737 2047 798 2130 ipsi
827 2069 950 2132 quoque
978 2046 1049 2130 pari
1073 2046 1188 2130 jacent
1215 2045 1437 2111 damnationffl
1472 2084 1479 2097 .

151 2149 321 2233 prostrati,
350 2171 453 2233 neque
480 2149 544 2213 nisi
572 2150 797 2233 resipiscentes
831 2149 905 2214 inde
938 2138 1092 2233 poterunt
1118 2171 1250 2234 prorsus
1281 2148 1449 2215 absoan

151 2252 227 2336 quia
248 2251 331 2318 sicut
353 2274 410 2336 per
432 2274 531 2316 unum
553 2252 746 2317 scribentem
775 2274 883 2321 eorum
910 2252 1053 2317 onmium
1079 2251 1214 2336 vulgata
1240 2255 1414 2339 transgres·
1448 2240 1479 2273 ²

152 2354 245 2437 sio⁰²)
269 2357 327 2438 est,
351 2354 462 2438 quiin
491 2354 634 2420 eamdem
658 2355 809 2438 perfidiae
832 2355 1014 2419 reciderant
1036 2354 1207 2437 actionem,
1231 2355 1337 2420 sicin
1357 2377 1417 2421 uuo

65 2522 72 2535 ,
153 2457 335 2541 eodemque,
365 2456 418 2540 qui
441 2479 498 2540 pro
521 2458 669 2521 omnibus
692 2458 864 2540 scripserat
887 2457 937 2521 vel
959 2457 1128 2522 scribendo
1150 2457 1297 2521 omnium
1319 2457 1420 2542 prodi·

153 2559 244 2622 ‹lerat
265 2558 458 2643 voluntates
486 2560 741 2644 transgressione
769 2560 882 2643 prmita
909 2560 1032 2643 pariter
1059 2581 1183 2644 quoque
1212 2581 1289 2624 cum
1316 2560 1424 2627 eodem

154 2660 204 2725 vel
224 2661 259 2725 in
283 2661 392 2726 codem
415 2665 463 2726 est
489 2661 678 2746 complicum
705 2662 919 2747 transgressio
946 2662 1059 2746 punita
1088 2664 1292 2727 cunctonnn.
1338 2661 1425 2740 Quae

152 2766 262 2828 tamen
291 2764 453 2828 sententia
485 2765 520 2828 in
553 2764 707 2829 Acacium
741 2764 917 2848 destinata,
952 2765 1012 2829 etsi
1040 2763 1171 2829 nomine
1198 2766 1427 2831 tantummodo

153 2866 308 2949 praesulis
331 2866 508 2951 apostolici,
533 2868 622 2952 cnjus
638 2870 707 2931 crat
724 2868 833 2951 utique
847 2867 1027 2952 potestatis,
1051 2865 1249 2953 legumen)
1272 2869 1431 2952 probatur

153 2990 221 3034 esse
242 2969 441 3053 deprompta,
465 2970 636 3053 praecipue
657 2992 755 3054 quum
777 2972 898 3034 secrete
920 2968 1088 3053 dirigenda
1110 2968 1290 3054 videretur,
1313 2993 1358 3035 ue
1381 2994 1432 3037 cu·

151 3072 263 3151 stodiis
285 3071 401 3155 ubique
424 3073 601 3155 praetentis
617 3073 783 3156 dispositio
797 3071 947 3135 salutaris
962 3071 1158 3155 quibuslibet
1176 3070 1433 3141 difficultatibus

151 3174 305 3257 impedita
328 3174 541 3238 necessarium
564 3174 681 3238 habere
703 3196 769 3238 non
791 3176 899 3257 posset
914 3174 1077 3255 effectum3
1099 3175 1211 3237 tamen
1227 3175 1312 3258 quia
1325 3176 1435 3242 ortho-

94 3280 99 3291 ‘
152 3275 240 3338 doxis
263 3276 379 3358 ubique
395 3276 527 3359 dejectis
543 3279 575 3340 et
590 3277 758 3340 haereticis
780 3274 1002 3340 tantummodo
1025 3296 1199 3360 eorumque
1222 3280 1436 3345 consortibus

148 3377 217 3460 jam
240 3376 370 3459 relictis,
394 3378 428 3441 in
451 3378 583 3442 Oriente
607 3378 756 3442 catholici
784 3376 951 3461 pontifices
979 3380 1035 3441 aut
1056 3377 1175 3441 residui
1199 3380 1343 3446 omnino
1369 3405 1435 3449 nou

153 3482 260 3541 essent
282 3481 338 3542 aut
359 3479 480 3579 ilpllam
504 3483 654 3565 gererent
674 3481 868 3563 libertatem,
892 3479 1101 3564 plurimorum
1118 3478 1154 3543 in
1169 3478 1276 3547 Italia
1299 3484 1436 3551 catholi-

219 3736 252 3791 ⁹⁰)
271 3734 330 3787 Hoc
349 3737 390 3789 est
407 3709 459 3801 iis,¹
470 3736 517 3803 qui
536 3735 678 3790 catholicis
696 3734 873 3804 pontificibus
891 3735 1012 3806 expulsis
1029 3732 1178 3804 subrogati
1196 3738 1296 3794 erant.
1396 3804 1401 3815 ¹

219 3821 252 3883 ⁹¹)
270 3820 314 3872 lta
331 3821 378 3886 (μς
397 3821 471 3889 vulg.
490 3820 579 3875 omitt.
598 3827 646 3875 rei.

220 3906 252 3970 ⁹²)
269 3904 344 3958 Editi
362 3912 463 3972 oropum
479 3912 696 3975 transgresione,
720 3905 902 3960 emendantur
924 3923 957 3960 ex
980 3923 1044 3959 mss.
1079 3904 1200 3961 Aeacius
1224 3925 1285 3978 pro
1304 3912 1435 3969 omnibus

152 3987 291 4057 scripsisse
310 3989 422 4055 dicitur,
441 4009 496 4047 non
515 3992 581 4060 quia
599 3990 709 4044 nomine
727 3990 850 4045 omnium
868 3990 1021 4060 scripserit,
1040 3990 1089 4046 sed
1107 3990 1176 4059 quia
1192 3994 1352 4062 perfidiam
1371 3998 1435 4061 sort
1477 3992 1479 3997 ’

152 4075 201 4143 pto
219 4075 358 4142 professus
380 4077 432 4140 est,
448 4076 483 4130 in
501 4078 578 4145 cujus
596 4075 777 4130 ‹lamnatione
796 4075 899 4141 cuncti,
922 4073 970 4144 qui
991 4074 1051 4145 ejus
1069 4076 1216 4132 consortes
1234 4083 1349 4150 essent,
1373 4100 1434 4139 con-
1462 4070 1471 4083 ’

153 4158 275 4212 demnati
294 4163 479 4214 censerentur.
514 4161 579 4214 Mox
597 4162 630 4226 (2¹
650 4178 713 4214 oum
735 4160 939 4229 exemplaribus
962 4160 1097 4215 brevioris
1121 4161 1234 4218 formas
1257 4167 1329 4236 post
1344 4174 1434 4239 punire

152 4254 297 4298 cunctorum
319 4244 410 4299 addit:
441 4249 510 4311 Quor
532 4252 567 4300 od
588 4252 776 4301 irutrncn'oaem
797 4257 846 4300 ceo.
927 4265 1107 4315 praepropere
1129 4253 1277 4309 remisse.
1324 4252 1433 4309 Deinde

152 4329 340 4398 prosequitur:
371 4333 440 4394 Quae
459 4343 540 4385 taurea
557 4340 683 4386 sententia
701 4342 749 4384 ete.
768 4348 855 4398 usque
874 4331 910 4384 ad
927 4331 972 4384 fin.
992 4350 1018 4385 n.
1039 4335 1071 4385 lt
1087 4337 1231 4401 pravitatis
1250 4341 1387 4397 tuma.

220 4416 253 4481 ⁹³)
271 4413 346 4468 Etliti
367 4422 503 4484 lepltirnoe,
525 4421 651 4485 probatur
727 4427 827 4482 acerete
853 4418 892 4481 (ει3
908 4411 1048 4484 'remetissi
1088 4416 1130 4471 De
1151 4417 1338 4491 hujusmodi,
1362 4441 1433 4493 quae

153 4515 217 4552 mox
234 4502 436 4568 memorantur,
456 4500 562 4556 insidiis
576 4501 638 4570 jam
655 4502 691 4555 ab
710 4516 783 4556 anno
800 4508 851 4557 485
868 4501 966 4572 synodi
983 4502 1126 4559 &manoe
1143 4504 1246 4573 patres
1265 4508 1347 4580 apud
1364 4508 1433 4565 reli-

154 4599 213 4637 cem
226 4583 305 4652 epist.
318 4586 344 4638 Il
358 4591 386 4639 11
400 4592 450 4639 ul
462 4586 501 4640 sic
513 4587 766 4655 conquerebantur:
789 4590 819 4640 Si
836 4597 907 4641 terro
925 4592 1038 4657 morique
1056 4592 1213 4645 orthodoxis
1231 4610 1287 4647 nos
1303 4612 1434 4662 ponere·-

97 4661 103 4671 ’
154 4678 196 4720 mr
213 4674 333 4733 insidiae,
350 4677 453 4739 plorimi
469 4692 504 4726 es
521 4677 592 4727 notia
609 4693 663 4726 eum
681 4678 769 4727 eodem
786 4677 1011 4727 contraderemus
1026 4678 1155 4728 semensa
1166 4680 1260 4731 vem
1275 4688 1432 4747 pom.

154 4750 190 4805 lis
208 4758 301 4806 autem
319 4755 484 4825 rationibus,
503 4776 572 4827 quas
590 4757 715 4826 ejusdcm
727 4757 826 4826 synodi
842 4759 937 4827 patres
950 4755 1064 4813 Graecis
1076 4759 1338 4831 expostulanhbus,
1356 4762 1433 4834 quod

153 4835 237 4889 solius
255 4836 351 4893 Felicis
373 4841 484 4895 nomine
505 4842 617 4911 prolata
639 4844 712 4897 esset
733 4843 864 4898 adversus
881 4843 1015 4898 Acacium
1031 4841 1187 4912 senentis,
1207 4844 1240 4901 in
1264 4864 1334 4903 mox
1355 4848 1432 4903 dicta

155 4920 273 4990 epistola
290 4941 316 4976 n.
335 4931 352 4978 4
371 4925 560 4995 reddiderant,
578 4944 664 4983 novas
682 4946 754 4982 nunc
772 4928 898 4984 Gelasius
914 4926 1019 5000 adiicit
