3204 5506
251 364 340 413 XVIII
687 363 883 411 PRAEFATIO
905 362 1080 411 EDITORIS.

251 524 366 597 ritate
397 523 625 618 singulorum
661 522 874 595 earumdem
906 521 1072 615 capitum
1104 521 1194 593 nihil
1227 521 1363 607 dicam;
1399 520 1517 592 selum

250 665 315 736 pro
343 641 531 715 efficiendo
558 645 596 714 et
621 641 841 714 stabiliendo
868 644 993 713 textus
1020 640 1262 712 fundamento
1288 640 1415 712 critico
1442 641 1517 733 epi-

249 762 429 833 stolarum
462 759 734 855 pontificiarum
761 759 899 833 codices
926 759 1126 832 seeundum
1156 759 1424 851 antiquitatem
1450 764 1518 830 aut

251 880 411 952 familias
436 901 522 951 suas
547 879 717 951 brevibus
741 879 982 972 perlustrabo.
1028 877 1265 972 Summopere
1283 878 1395 965 doleo,
1421 878 1518 970 quod

250 998 375 1071 studia
413 999 458 1072 de
495 998 563 1071 hac
598 998 727 1071 eadem
758 1021 798 1070 re
829 998 1083 1070 sollertissima
1123 998 1210 1070 clar.
1244 996 1305 1068 Dr.
1342 996 1517 1068 Friderici

249 1116 421 1190 Maassen
447 1119 672 1209 (Bibliotheca
698 1119 809 1190 letina
830 1121 926 1206 jures
949 1120 1362 1206 66116111611111611611616
1386 1116 1425 1186 in
1443 1119 1519 1185 Au-

252 1239 321 1309 sul.
350 1237 457 1308 Acod.
488 1239 580 1308 Caes,
617 1238 754 1308 Vindob.
783 1239 877 1308 cluss
904 1237 981 1308 lust.
1002 1237 1090 1327 plril.
1118 1239 1145 1305 t.
1174 1234 1257 1305 LIII
1281 1238 1319 1306 et
1336 1232 1430 1323 LIV)
1458 1233 1518 1304 de·

251 1381 355 1428 mum
381 1355 549 1428 absoluto
575 1355 642 1428 hoc
660 1378 768 1449 opere
786 1358 824 1426 et
842 1354 910 1426 sub
938 1354 1037 1448 prelo
1055 1353 1259 1426 constituto
1277 1353 1324 1424 ad
1341 1353 1519 1424 notitiam

252 1499 376 1548 meam
414 1476 659 1569 pervenerint.
719 1474 838 1558 Quare
871 1474 941 1545 etsi
974 1472 1230 1546 candidissime
1256 1495 1400 1544 mecmn
1434 1494 1519 1542 mox

251 1594 538 1668 communicavit
564 1594 620 1666 vir
646 1593 953 1681 humanissimus,
986 1596 1114 1664 tamen
1139 1594 1183 1662 ut
1203 1591 1349 1684 justam
1374 1590 1518 1661 utilita-

252 1717 330 1786 tem
356 1713 440 1785 inde
467 1714 703 1808 perciperem,
726 1713 808 1806 jam
834 1712 961 1783 deerat
987 1714 1144 1804 tempus
1173 1734 1240 1783 nee
1257 1710 1329 1781 nisi
1356 1711 1396 1780 in
1414 1732 1518 1803 prae-

251 1832 392 1905 fatione
416 1832 595 1929 quasdam
613 1835 721 1904 notas
739 1830 896 1925 adjicere
914 1831 1029 1924 potui,
1058 1830 1153 1902 rmde
1171 1830 1310 1903 codices
1329 1829 1379 1899 ibi
1396 1851 1519 1902 recen·

251 1951 315 2023 siti
333 1952 566 2045 aliquatenus
590 1951 877 2023 illustrarentur.
912 1949 1059 2022 Plenius
1079 1949 1118 2020 in
1139 1950 1235 2021 hanc
1253 1972 1343 2036 rem,
1371 1949 1403 2020 si
1420 1947 1518 2019 Deus

234 2098 239 2106 ·
251 2072 418 2161 voluerit,
433 2074 515 2143 toto
529 2092 678 2165 corpore
691 2069 933 2163 epistolarum
948 2069 1117 2142 absoluto
1129 2090 1279 2162 operam
1292 2071 1517 2139 convertam.

355 2191 387 2261 2.
422 2189 709 2282 AntiquiSsirnus
736 2188 853 2283 igitur
877 2187 1086 2281 hujusmodi
1112 2187 1223 2261 codex
1249 2188 1306 2258 est
1331 2185 1391 2257 ille
1418 2183 1518 2256 Cor-

251 2308 453 2401 bejensis
480 2306 634 2394 XXVI,
670 2307 799 2380 deinde
827 2305 861 2378 S.
882 2306 1092 2379 Germani
1118 2330 1141 2377 a
1160 2305 1312 2377 Pratis
1332 2306 1432 2394 936,
1462 2304 1519 2376 vel

252 2426 528 2499 Parisiensis
567 2425 644 2497 lat.
685 2428 847 2513 12097,
888 2448 998 2519 quem
1031 2428 1069 2497 et
1101 2425 1360 2498 characterum
1399 2424 1519 2495 forma

251 2545 358 2636 (conf.
378 2546 564 2640 specimen
589 2546 630 2616 in
646 2544 820 2617 Mabillon
847 2547 888 2617 dc
916 2569 952 2616 re
979 2545 1200 2635 diploourticu
1226 2567 1309 2638 pag.
1331 2545 1401 2613 35?
1423 2566 1458 2614 n.
1481 2543 1517 2632 2)

251 2666 290 2735 et
316 2664 505 2759 catalogus
532 2662 747 2757 pontificum
773 2665 812 2735 in
831 2661 956 2757 Vigilii
980 2684 1077 2735 anno
1096 2661 1178 2732 XIV
1205 2663 1373 2735 desinens
1398 2661 1519 2734 medio

250 2781 396 2854 saeculo
426 2781 472 2852 Vl
505 2785 588 2872 (sec.
616 2782 785 2855 Maassen
812 2782 834 2854 l.
851 2805 880 2854 c.
907 2780 997 2869 LIV,
1015 2784 1086 2854 268
1114 2805 1197 2853 suec.
1221 2783 1315 2872 VH)
1342 2781 1517 2853 vindicat.

251 2898 456 2974 Pleniorem
496 2901 574 2994 ejus
613 2901 788 2973 notitiam
828 2899 1112 2972 Montfalconius
1145 2901 1355 2972 Bibliotheca
1388 2901 1518 2971 Billio

251 3020 425 3092 caecarum
452 3021 633 3094 oniense.
660 3023 750 3092 tom.
777 3018 812 3089 Π
838 3043 922 3114 pag.
951 3022 1064 3107 1124,
1093 3018 1332 3091 Constantius
1359 3020 1517 3107 Praefert.

251 3142 290 3211 ia
319 3141 432 3232 Epist.
461 3142 558 3213 Boot.
587 3141 719 3231 Pontis<
754 3163 788 3211 n.
819 3141 998 3229 61-69,
1034 3137 1248 3211 Sirmondus
1281 3141 1319 3210 et
1346 3137 1518 3209 ¹Labatus

252 3258 371 3348 Procf.
399 3262 437 3330 ia
467 3261 591 3331 Coacd.
624 3261 729 3347 Gall,
765 3262 874 3332 etex
904 3258 961 3330 his
987 3257 1177 3331 Ballerinii
1202 3259 1225 3329 l.
1253 3281 1283 3330 6.
1311 3281 1345 3350 p.
1373 3256 1409 3327 Π
1435 3281 1464 3329 e..
1495 3258 1516 3324 Γ)

250 3376 515 3469 praebuerrurt;
551 3377 705 3470 denique
731 3377 915 3462 Maassem
950 3377 1014 3470 qui
1037 3401 1122 3449 euni
1147 3376 1291 3449 saeculo
1315 3375 1382 3446 VH
1415 3375 1518 3449 adse·

250 3495 336 3585 ruit,
365 3495 388 3566 l.
404 3519 433 3568 c.
453 3494 532 3566 LlV
552 3520 634 3590 pag.
653 3500 725 3567 nte
740 3521 785 3567 ss
814 3477 1032 3568 accuratum
1057 3496 1135 3589 ejus
1163 3495 1319 3567 indicem
1346 3495 1516 3588 protulit;

251 3615 358 3705 (conf.
387 3614 503 3686 etiam
536 3614 677 3686 Haenel
713 3615 797 3686 Noe.
825 3624 926 3687 cerret.
953 3639 1036 3709 pag.
1066 3618 1225 3708 litsq.).
1279 3613 1518 3686 Constantius

250 3736 289 3805 et
315 3732 493 3825 praedicti
520 3733 754 3806 conciliorum
776 3733 916 3806 Galliae
943 3734 1100 3806 editores
1127 3733 1395 3827 amplissimum
1422 3732 1517 3826 ejus·

250 3851 334 3924 dem
360 3874 469 3922 usum
496 3851 672 3924 fecerunt.
726 3851 898 3925 Ceterum
924 3857 1072 3947 praeter
1097 3851 1218 3923 Hilari
1245 3852 1293 3923 ad
1319 3852 1518 3924 Leontium

251 3972 289 4042 et
307 3967 520 4064 Symmachi
538 3971 585 4042 ad
603 3970 816 4044 Caesarium
835 3972 954 4044 nullas
973 3973 1117 4044 litteras
1135 3972 1343 4066 pontificias
1362 3971 1482 4044 Leone
1500 3970 1519 4041 I

249 4088 469 4162 recentiores
487 4090 733 4184 amplectitur,
752 4114 866 4183 quare
884 4114 949 4185 pro
966 4091 1036 4163 hae
1053 4094 1202 4164 nostrae
1220 4091 1391 4164 editionis
1410 4094 1519 4184 parte

251 4207 312 4279 vix
339 4209 533 4283 concurrit.

353 4329 386 4399 3.
422 4327 500 4401 Hoc
526 4329 690 4422 quidem,
726 4330 924 4402 silentem
951 4328 1047 4401 unde
1079 4329 1254 4422 prodierit
1281 4331 1516 4423 spectavere,

100 4505 104 4515 .
250 4443 326 4518 1616
352 4448 533 4521 vetustior
551 4451 607 4522 est
625 4446 881 4520 Vaticanus
908 4447 1108 4543 Reginae
1131 4451 1264 4537 reor,
1293 4449 1413 4521 forma
1440 4450 1518 4522 1616

249 4564 433 4659 quadrata
465 4567 634 4640 foliorum
664 4571 746 4639 161.
800 4565 868 4650 oui
901 4571 939 4640 et
966 4572 1289 4640 monumentorum
1323 4568 1518 4662 genuitate

250 4687 288 4756 et
314 4684 482 4780 catalogo
508 4685 724 4780 pontificum
758 4685 796 4755 in
823 4684 1018 4758 Hormisda
1044 4687 1234 4760 desinente
1261 4687 1410 4758 initium
1437 4711 1517 4760 sae·

248 4803 320 4876 culi
338 4801 388 4873 Vl
405 4826 494 4897 prae
511 4827 550 4877 se
567 4804 652 4893 1611,
670 4827 784 4897 quare
802 4829 825 4876 a
842 4803 1049 4877 Balleriniis
1064 4806 1089 4877 l.
1109 4831 1144 4906 c.
1158 4830 1192 4900 p.
1212 4805 1248 4875 Π
1264 4830 1293 4878 6.
1310 4809 1333 4875 4
1350 4807 1518 4877 omnium

248 4922 589 5017 praestantissimus
615 4923 734 5016 primo
757 4924 836 4996 loeo
862 4924 1021 5016 ponitur.
1067 4923 1205 4996 Verum
1222 4924 1300 5017 ejus
1319 4927 1423 4997 aetas
1443 4948 1518 4997 non
