3204 5506
569 380 758 447 uersronas
784 372 822 427 15
840 366 918 450 (16).
1357 371 1378 433 i)

136 547 209 601 debet
226 546 366 600 ecclesiam
386 542 443 598 Dci
458 560 516 614 pro
535 543 715 598 haereditate
736 544 844 599 deucere
864 550 918 598 etc.
951 542 1044 597 Altero
1068 560 1129 599 uero
1151 561 1279 618 expresse
1302 547 1377 603 irrita

134 629 266 685 declaratur
278 629 442 684 successoris
457 626 611 698 hujusmodi
625 628 777 683 institutio:
794 627 837 682 Ne
851 630 940 684 liceat
954 631 1089 699 episcopo
1103 632 1189 685 otium
1198 648 1255 702 pro
1267 646 1299 687 sc
1311 647 1376 688 suc-

134 730 260 771 cessorem
274 717 455 783 constituere,
472 716 583 769 etiamsi
596 716 632 768 sit
646 716 676 768 in
690 715 749 784 fine
764 715 849 769 uitae.
889 713 922 769 Si
941 714 1010 786 quid
1024 720 1119 769 autam
1132 717 1187 785 fiat
1201 717 1373 788 haptumodi,

132 803 207 856 irrita
225 803 258 854 sit
277 802 447 855 constitutio.
480 796 575 868 (Voelli
597 797 747 853 atJustelli
769 796 893 855 biblioth.
906 797 961 868 jur.
978 815 1036 854 cun.
1054 806 1107 854 vet.
1124 798 1143 862 l,
1160 797 1244 871 517.)
1281 799 1375 874 ltaque

132 895 177 941 um
191 887 214 940 in
228 883 345 940 orientali
360 900 440 957 quam
456 885 484 938 in
506 881 664 939 occidentali
680 882 791 938 ecelesia
802 885 884 938 'stetit
903 885 1023 947 vetitum,
1041 900 1075 938 uc
1091 885 1234 959 episcopus
1250 887 1308 958 ipse
1323 885 1373 942 sibi

129 986 296 1026 successorem
316 969 429 1044 eligeret
452 966 497 1040 (ei.
520 967 685 1024 schelstrate
706 984 774 1024 sacr.
796 969 921 1025 Antioch.
943 985 1019 1024 conc.
1042 967 1149 1025 dissert.
1167 968 1208 1032 lV,
1236 986 1294 1043 cap.
1311 970 1371 1042 20).

129 1055 195 1122 Quod
209 1056 249 1110 viu
262 1054 344 1129 semei
359 1052 394 1109 oh
410 1054 579 1128 gravissimas
600 1069 693 1108 causas
715 1070 737 1108 s.
755 1053 890 1109 bonifacio
912 1054 1115 1127 archiepiscopo
1131 1054 1291 1128 bioguutino
1309 1073 1373 1112 aon·

128 1157 218 1196 ausum
233 1148 282 1195 est.
313 1138 364 1207 Qui
385 1138 502 1214 eligendi
517 1139 682 1193 successoris
697 1138 852 1194 facultatem
868 1155 950 1211 quum
967 1156 980 1194 a
996 1138 1128 1212 Gregorio
1144 1139 1176 1193 ill
1192 1141 1372 1213 impetrasset,

128 1241 297 1281 asuccessore
311 1224 435 1280 Zacharia
449 1240 517 1298 papa
537 1220 690 1279 confirmari
709 1225 788 1296 petiit
809 1221 898 1296 (epist.
915 1224 930 1278 1
948 1224 980 1278 ad
995 1223 1072 1279 Zach.
1090 1222 1178 1297 pap.):
1215 1226 1372 1282 licentium

126 1319 211 1382 petere
224 1326 341 1366 necesse
355 1311 454 1379 habeo,
472 1310 567 1382 inquit,
583 1325 616 1366 eo
632 1310 708 1382 quod
719 1310 903 1365 venerandae
915 1313 1069 1365 mansoriae
1079 1325 1256 1380 proecessor
1268 1318 1371 1381 uester,

126 1401 189 1452 sicut
202 1397 328 1458 audistis,
344 1398 374 1451 in
384 1399 557 1467 praesentia
573 1400 670 1451 uestro
685 1395 920 1466 mihiproeccpit,
937 1401 968 1451 ut
976 1396 1180 1467 presbyterum
1189 1401 1256 1467 post
1268 1397 1372 1452 obitum

126 1496 200 1538 mum
215 1482 276 1537 Deo
291 1483 402 1537 nucum
416 1483 446 1535 in
462 1482 657 1536 ecclesiastico
673 1483 829 1536 ministerio
843 1479 997 1536 haeredem
1013 1486 1040 1535 et
1053 1495 1250 1536 antecessorem
1266 1485 1371 1538 consti·

125 1574 192 1623 tuere
206 1567 405 1634 deberem...
421 1572 449 1622 et
464 1566 590 1635 obsecro,
608 1572 639 1620 ut
654 1568 837 1622 auctoritatis
852 1572 966 1622 nostroe
980 1568 1097 1621 licentio
1112 1569 1156 1627 sit.
1178 1572 1210 1621 ut
1225 1582 1289 1621 cum
1304 1582 1371 1622 con·

123 1655 174 1708 sitio
193 1668 344 1709 servorum
358 1651 413 1707 Dei
426 1653 461 1707 dc
476 1654 530 1706 ista
547 1653 684 1720 electione
696 1650 817 1722 fecicum,
843 1651 919 1723 quod
938 1652 1019 1706 nobis
1032 1654 1062 1706 in
1078 1666 1225 1707 commune
1236 1669 1294 1723 pro
1309 1651 1371 1708 Deo

123 1746 144 1793 ct
152 1756 204 1809 pro
219 1739 363 1794 ccclesiae
378 1739 499 1792 rctrtitate
514 1738 558 1791 vet
570 1735 675 1807 fructu
690 1737 837 1807 spirituali
851 1743 878 1791 ct
893 1736 1062 1808 defensione
1077 1737 1225 1808 retipionis
1235 1739 1371 1808 optimum

121 1839 173 1879 csse
187 1823 328 1879 rideatur.
359 1820 458 1876 Verum
480 1819 544 1894 quid
560 1829 624 1875 tuuc
639 1819 774 1876 Zacharias
790 1838 820 1876 re
835 1822 964 1876 attentius
980 1837 1097 1893 expensa
1114 1821 1285 1878 sanctissimo
1301 1823 1368 1884 viro,

120 1917 181 1964 certe
196 1906 353 1963 Germaniae
368 1905 502 1981 apostolo,
519 1904 677 1979 respoudit?
712 1905 757 1961 Dc
772 1922 805 1962 co
821 1913 924 1975 aretem,
942 1907 987 1968 ait,
1009 1907 1085 1978 qrcod
1105 1906 1155 1961 tibi
1172 1922 1370 1964 successorem

120 1998 284 2051 conseruere
312 1993 419 2061 dixisti,
442 1998 473 2047 ut
488 1998 515 2046 te
528 1987 655 2064 jaciente
679 1994 709 2047 in
729 1998 777 2047 tuo
798 1993 862 2047 toco
882 1994 1007 2064 stipatur
1027 1995 1188 2062 episcopus,
1213 1993 1268 2048 hoc
1288 1995 1369 2048 nulla

120 2084 219 2136 ratione
235 2078 357 2135 concedi
368 2080 505 2149 patimur,
527 2080 594 2149 quia
616 2083 717 2133 contra
740 2093 848 2133 omnem
868 2079 1095 2133 ecclesiasticam
1115 2076 1246 2149 reputem
1267 2078 1311 2134 oct
1326 2081 1369 2132 in·

121 2170 206 2221 stitutu
220 2170 340 2236 patrum
355 2178 418 2219 esse
438 2169 623 2218 monstratur.
654 2161 692 2217 Ne
707 2170 796 2217 tamen
817 2161 1033 2234 praedecessoris
1054 2161 1096 2216 sui
1116 2161 1216 2235 gratiae
1238 2169 1265 2217 et
1286 2163 1370 2217 menti

123 2250 241 2305 drersari
258 2248 403 2308 videretur.
425 2246 533 2320 speciali
556 2245 663 2302 indulto
679 2245 793 2301 addidit:
820 2263 854 2302 co
870 2249 952 2317 bora,
975 2265 1033 2319 pua
1050 2253 1076 2302 tc
1091 2248 1126 2301 de
1139 2251 1291 2318 praesenti
1304 2263 1368 2303 soc-

123 2338 172 2392 culo
188 2340 378 2408 mipraturum
399 2335 573 2406 copnooeris,
594 2333 798 2403 praesentibus
819 2337 932 2389 curretis
954 2334 1004 2388 tibi
1022 2348 1219 2388 successorem
1239 2333 1367 2405 dcsipnn,

123 2429 144 2475 ut
155 2423 210 2477 huc
226 2422 322 2477 veniat
337 2418 525 2474 ordinandus.
557 2418 622 2474 Hoc
638 2419 710 2473 nrclti
731 2420 784 2473 atii
797 2420 918 2474 concedi
926 2421 1066 2489 potimur,
1090 2419 1167 2490 quod
1181 2419 1230 2473 tibi
1245 2421 1370 2474 caritate

122 2513 225 2578 emente
239 2508 347 2578 tarpiri
361 2505 532 2559 censuimus.
550 2532 587 2542 —
609 2501 646 2556 Ex
667 2504 784 2576 posteris
807 2500 971 2576 temporibus
994 2519 1073 2575 cluam
1095 2502 1223 2575 religiose
1237 2502 1307 2557 idem
1324 2502 1371 2558 ob·

123 2599 241 2646 seruatum
257 2592 301 2653 sit,
324 2596 477 2663 opportune
492 2604 522 2643 se
538 2587 625 2648 uitcrt.
642 2587 715 2660 quod
731 2589 874 2644 memoriae
889 2587 1027 2661 proditum
1043 2590 1127 2643 ostiu
1143 2589 1196 2642 vita
1215 2605 1238 2642 s.
1255 2586 1370 2644 Udalrici

125 2677 289 2750 ,tugusteusis
309 2675 447 2731 antistitis.
484 2670 571 2740 Quum
593 2671 759 2727 venerandus
779 2672 825 2727 illc
845 2672 967 2746 pontifex
985 2671 1040 2743 jam
1061 2673 1137 2728 senio
1160 2674 1249 2745 gravis
1270 2681 1298 2728 et
1319 2674 1371 2729 vir·

126 2770 198 2816 tutum
224 2762 291 2815 lama
317 2760 479 2833 conspicuus
501 2774 580 2813 caeco
601 2775 665 2830 erga
687 2756 881 2813 ddalberouem
903 2759 1006 2812 sororis
1029 2774 1093 2813 suae
1120 2755 1203 2812 hlium
1225 2757 1317 2812 studio
1339 2757 1370 2812 ab

126 2849 209 2901 ttttoue
224 2847 394 2919 imperatore,
411 2852 440 2899 ut
455 2842 507 2898 sibi
521 2842 687 2905 succederet,
709 2850 857 2905 exorasset,
880 2844 1009 2897 continuo
1032 2842 1086 2897 hoc
1100 2842 1193 2898 audito
1215 2841 1370 2899 Germaniae

126 2932 228 3004 episcopi
243 2939 271 2986 ct
285 2929 409 2986 eumdem
425 2926 620 2984 ddalberonenr
641 2935 750 3001 accepta
765 2929 936 3001 episcopatus
952 2928 1143 3001 procuratione
1153 2931 1221 2999 jorn
1236 2929 1370 2983 baculum

125 3018 285 3086 pastoratem
300 3017 418 3087 publica
436 3020 571 3086 portare,
599 3013 789 3068 corruenientes
811 3012 881 3085 apud
901 3012 1084 3086 lagelenheim
1106 3011 1139 3066 dc
1160 3029 1192 3067 eo
1213 3013 1303 3066 statim
1326 3012 1371 3066 dc·

124 3099 224 3168 jicienda
244 3099 427 3156 deliberarunt
459 3097 593 3159 dicentes,
623 3105 654 3153 ut
676 3105 779 3154 contra
802 3101 963 3153 canonicae
984 3098 1166 3154 rectitudinis
1187 3099 1319 3170 reputem
1341 3100 1371 3152 in

127 3186 253 3241 tamesim
267 3187 369 3257 tapsus
381 3185 497 3257 suisset,
516 3189 544 3239 ct
559 3183 637 3255 quod
646 3186 826 3254 pontificatis
839 3184 976 3239 horrorem
989 3184 1171 3238 sublimitatis
1187 3184 1296 3237 uiuente
1312 3185 1371 3253 epi·

128 3285 200 3342 scopo
217 3272 272 3327 sibi
288 3272 356 3342 ptus
370 3273 455 3342 justo
473 3270 640 3336 uindicaret,
663 3276 691 3324 ct
711 3269 774 3324 ideo
796 3270 874 3324 ultra
896 3284 959 3324 curn
980 3271 1146 3339 episcopum
1167 3267 1300 3322 ordinari
1314 3284 1370 3322 non

127 3357 234 3412 bearet.
265 3353 318 3410 Sed
334 3354 424 3409 maritis
439 3355 512 3408 iuter
525 3370 556 3407 se
572 3351 667 3408 habitis
688 3352 830 3425 colloquiis
847 3353 1037 3425 sapientissimi
1052 3368 1146 3407 eorum
1161 3352 1245 3406 satius
1260 3351 1371 3413 (luxere,

127 3442 201 3513 ipsum
214 3440 358 3495 admouere
369 3438 528 3500 Udalricum,
544 3454 579 3493 ue
595 3438 673 3492 vitam
689 3437 722 3492 ad
738 3437 810 3493 laune
825 3436 894 3492 dicun
910 3435 1208 3493 omuibuscelebratam
1225 3437 1273 3491 hae
1288 3437 1371 3491 unani·

128 3525 184 3580 testa
196 3541 325 3582 canonum
349 3522 494 3580 violatione
509 3522 637 3578 iuiuscari
652 3523 767 3578 sineret:
783 3526 834 3595 pui
847 3539 968 3594 semper,
985 3522 1121 3595 inquiunt,
1138 3524 1240 3578 cattam
1251 3522 1370 3577 rcc'titu·

128 3612 187 3666 dinis
205 3612 357 3666 ambulasti
375 3627 432 3665 non
452 3610 600 3672 demando,
624 3626 681 3664 non
701 3610 791 3676 dccet,
815 3614 846 3663 ut
860 3625 938 3663 arcanc
952 3612 1036 3664 istam
1052 3611 1133 3677 cinara,
1156 3625 1243 3679 quam
1257 3623 1372 3679 semper

128 3700 232 3765 tenuisti,
248 3699 386 3762 omittens,
410 3697 594 3750 seminarium
609 3709 649 3749 cac
663 3700 690 3748 tc
705 3700 798 3748 surnat
814 3695 882 3750 totis
897 3709 990 3761 error,
1015 3700 1046 3749 ut
1067 3695 1143 3748 atius
1157 3695 1187 3747 in
1200 3695 1264 3748 loco
1280 3700 1328 3747 tuo
1345 3699 1371 3748 te

129 3784 219 3837 decute
233 3783 383 3838 ordinetur
388 3803 397 3842 ;
419 3783 487 3852 quia
507 3782 533 3835 si
553 3794 593 3834 cac
609 3785 635 3834 te
651 3781 717 3834 tatis
732 3779 907 3834 consuctrulo
923 3781 1023 3850 incipit
1036 3781 1214 3850 perpetrari,
1231 3780 1260 3833 in
1273 3784 1369 3849 postc-

128 3885 177 3922 rum
190 3869 281 3923 multis
295 3867 464 3922 reverendis
480 3871 506 3920 ct
522 3866 602 3919 bortis
617 3866 761 3935 episcopis
776 3864 812 3918 ob
833 3879 931 3919 eorum
954 3865 1104 3936 nepotibus
1125 3870 1152 3918 ct
1168 3864 1283 3918 clericis
1299 3865 1370 3918 talia

127 3952 337 4008 desiderantibus
356 3953 445 4005 multa
468 3956 660 4005 concrescunt
681 3949 815 4004 aduersa.
854 3947 917 4002 Tam
938 3947 1038 4003 salubri
1060 3947 1172 4003 oonsilio
1195 3946 1271 4003 tacite
1294 3945 1371 4002 obse·

126 4045 191 4092 ratris
204 4046 245 4092 est
259 4035 406 4095 Udalricus.
428 4034 519 4108 pergit
534 4041 629 4089 auctor
643 4035 748 4095 citatus,
765 4031 813 4087 sed
830 4032 902 4088 brevi
918 4031 999 4103 liujus
1015 4050 1100 4088 aronae
1115 4049 1229 4106 poenam
1246 4031 1370 4095 exsolvit,

126 4120 198 4177 ¹<dita
213 4130 299 4177 morte
314 4128 409 4194 erepto
426 4117 603 4174 ddalbcronc.
635 4118 709 4173 Unde
726 4126 846 4173 moestus
862 4135 954 4180 surrex,
970 4120 1035 4188 deu,
1051 4120 1116 4188 baca,
1133 4116 1229 4187 ajebat,
1246 4118 1321 4189 quasi
1338 4116 1371 4172 do

125 4209 185 4278 ptari
203 4223 298 4263 somno
325 4204 539 4278 expergefactus,
562 4206 639 4277 quod
652 4207 730 4260 ittum
745 4211 875 4275 nepotem
891 4219 983 4259 meum
997 4205 1206 4259 Adulberoncm
1222 4220 1371 4274 nescioquam

126 4294 175 4362 ridi,
191 4297 256 4366 puio
267 4309 326 4363 pro
348 4307 389 4360 eo,
412 4290 490 4362 quod
508 4293 536 4345 ci
554 4291 710 4345 secundum
731 4305 814 4345 suum
834 4291 1004 4345 desiderium
1028 4288 1249 4348 consentiebam,
1271 4289 1371 4344 nolunt

124 4393 157 4432 nc
169 4382 195 4432 ia
209 4395 292 4434 suum
307 4379 441 4446 recipere
457 4378 648 4431 consortium!
675 4373 761 4428 Porro
781 4375 803 4429 is
819 4372 952 4429 ddaibero
973 4373 1072 4429 ibidem
1094 4372 1263 4446 praedicatur
1278 4373 1371 4427 uiuitis

122 4464 267 4537 rtegrcgiis
289 4468 402 4517 ornatus
423 4457 532 4514 dotibus
553 4458 645 4522 luisse,
673 4460 712 4513 uti
733 4459 761 4513 bt
776 4458 908 4520 irenaeus,
931 4476 1010 4531 quem
1027 4458 1136 4532 llispani
1158 4456 1192 4512 ob
1213 4459 1307 4513 rnerita
1323 4475 1371 4512 sua

121 4545 336 4603 commendabant.
370 4543 474 4612 Quanta
489 4544 572 4617 igitur
587 4545 604 4600 ii
620 4543 779 4617 impendunt
795 4543 872 4606 urata,
889 4545 935 4617 qui
951 4543 1011 4599 solo
1028 4545 1115 4600 earnis
1133 4543 1228 4598 atlectu
1244 4559 1299 4598 non
1315 4560 1371 4598 mo·

119 4649 170 4687 rum
183 4633 322 4688 ironestate
334 4638 379 4685 aut
393 4631 521 4684 virtutum
533 4629 723 4703 experimentis
735 4628 838 4683 inducti
849 4627 978 4685 berredcia
993 4629 1174 4685 ecelesiastica
1185 4636 1213 4683 et
1225 4630 1370 4683 autmarum

118 4734 196 4772 curam
212 4725 241 4772 ut
256 4714 450 4772 haereditatem
472 4716 606 4787 propriam
629 4714 785 4787 dispensant
806 4729 836 4767 ae
851 4702 1062 4787 saepe'indiguis
1079 4714 1261 4787 prostituunt!
1293 4711 1371 4780 Quod

119 4803 199 4857 titium
215 4818 247 4858 ue
263 4804 290 4857 in
311 4800 453 4857 ecelesiam
474 4807 604 4873 serperet,
627 4798 734 4855 llilarus
756 4816 805 4871 pro
821 4797 889 4853 virili
906 4800 987 4860 eavit;
1009 4807 1037 4853 et
1057 4797 1137 4855 tidem
1158 4799 1238 4854 faciet
1253 4814 1370 4870 sequeus

117 4885 251 4950 decretum.
268 4902 394 4960 pereum
410 4901 466 4941 nou
483 4886 598 4946 stetisse.
616 4885 681 4958 quin
697 4883 824 4939 radicitus
841 4883 1010 4939 evelleretur.
