3204 5506
183 296 247 361 884
625 312 654 360 s.
670 311 877 360 nonursniu
899 310 1014 358 erran

52 475 170 543 (anio.)
184 466 362 532 catholicae
383 465 457 530 fidei
481 465 755 550 redintegratione
777 464 997 550 persolvimus,
1021 467 1186 548 optantes,
1209 466 1247 528 ut
1259 462 1325 547 ipse
1338 465 1427 528 reatus

184 568 330 634 sensibus
352 589 411 651 pro
432 567 588 651 religione
610 589 684 650 sua,
708 567 791 652 quod
814 567 989 649 concessit,
1015 565 1116 650 longa
1138 566 1248 629 aetate
1270 587 1427 631 conservare

184 671 336 756 dignetur
363 670 519 734 studium:
553 673 590 733 ut
612 670 695 733 sicut
716 691 885 753 personam
915 671 1052 733 vestram
1087 666 1263 752 imperialis
1288 668 1427 753 sangoinis

185 795 266 837 rena
288 771 449 854 nobilitat,
474 773 521 835 ita
544 772 759 836 conscientiae
782 771 937 836 bonorum
952 769 1140 834 meritorum
1156 768 1227 834 luce
1242 769 1426 853 praefulgeat.

183 873 277 939 Unde
300 872 478 938 salutantes
502 874 590 937 cultu
612 877 706 958 atque
729 872 972 938 honorificentia
995 871 1192 956 competenti
1214 871 1379 955 poscimus,
1402 875 1427 934 ut

183 977 216 1040 in
241 999 277 1040 eo
299 998 361 1060 quo
384 976 533 1060 coepistis
556 997 749 1059 permanere
770 975 934 1060 proposito
963 974 1123 1056 debeatis,
1154 975 1188 1037 et
1214 973 1290 1037 dare
1310 993 1426 1056 operam,

183 1080 220 1141 ut
242 1078 281 1141 ad
304 1078 452 1142 effectum
475 1082 608 1142 conatus
629 1080 742 1142 tantae
759 1099 873 1141 causae
895 1075 1077 1160 perveniat:
1101 1097 1142 1138 ne
1159 1074 1286 1160 aliquod
1300 1075 1332 1139 in
1345 1077 1428 1158 prole

183 1200 253 1242 rum
276 1201 384 1244 semen
406 1179 501 1264 hujus
515 1179 592 1244 mali
607 1183 782 1262 remaneat,
805 1179 891 1243 unde
905 1176 1039 1262 posthac
1053 1176 1112 1240 sub
1127 1175 1272 1262 qualibet
1285 1176 1428 1240 occasione

183 1281 332 1345 inimicus
355 1282 489 1367 quilibet
510 1282 584 1346 fidei
607 1282 788 1346 revirescat.

682 1467 863 1571 Epistola
889 1468 948 1551 86.

518 1621 730 1688 Hormisdae
752 1638 862 1706 papae
885 1620 929 1686 ad
952 1618 1117 1687 (iratum.

517 1762 549 1812 Ut
568 1763 600 1812 de
617 1764 699 1811 salute
716 1777 763 1811 sua
780 1762 861 1826 ipsum
878 1762 1012 1811 certiorem
1028 1760 1118 1823 saciat.

334 1892 546 1957 Hormisda
570 1892 692 1958 Grato
714 1894 796 1958 viro
819 1892 1046 1979 sublimi¹).·

268 2010 480 2077 Contristavit
501 2035 560 2077 nos
581 2012 803 2101 amplitudinis
824 2015 950 2076 vestrae
972 2009 1148 2094 silentium,
1171 2010 1247 2095 quia
1260 2010 1344 2074 inter
1357 2030 1434 2095 quas

182 2112 261 2177 libet
282 2115 507 2199 occupationes
529 2116 631 2179 nostri
654 2137 722 2179 esse
745 2137 811 2179 non
833 2113 987 2178 debuistis
1002 2111 1214 2177 immemores
1252 2111 1298 2175 Et
1317 2111 1436 2175 ideone

182 2214 265 2298 quod
286 2216 320 2280 in
335 2217 425 2281 vobis
447 2217 708 2300 reprehendimus
722 2216 885 2280 incurrere
900 2215 1075 2298 videamur,
1098 2235 1230 2279 neeesse
1243 2213 1308 2277 fuit
1321 2235 1439 2298 operam

182 2317 249 2380 stili
276 2319 454 2401 praesentis
486 2340 662 2401 assumere,
699 2339 756 2402 per
789 2339 884 2403 quam
917 2316 1121 2381 nobilitatem
1155 2319 1244 2380 tuam
1277 2315 1439 2379 honorifice

182 2417 373 2503 salutamus,
402 2421 619 2504 postulantes,
648 2423 686 2483 ut
707 2419 955 2484 sollicitudinem
976 2422 1121 2483 nostram
1148 2418 1187 2482 de
1216 2418 1300 2483 bono
1325 2421 1441 2481 restrae

181 2521 404 2605 prosperitatis
436 2544 502 2586 non
535 2522 689 2586 desinatis
726 2521 853 2586 efficere
892 2521 1074 2604 certiorem,
1112 2521 1187 2605 quia
1222 2518 1444 2585 incolumitatis

180 2626 306 2686 vestrae
338 2623 424 2687 bona
456 2622 652 2707 quibuslibet
678 2622 805 2687 indiciis
835 2623 902 2687 Deo
934 2627 1044 2688 nostro
1076 2623 1222 2706 cupimus
1253 2621 1445 2706 propitiante

182 2746 383 2810 cognoscere.

681 2913 863 3016 Epistola
888 2913 946 2996 87.

38 3042 74 3163 (ζ
82 3041 168 3177 {1¹1}
288 3065 499 3132 Hormisdae
521 3083 632 3150 papae
653 3065 698 3132 ad
720 3064 938 3133 Germanum
960 3017 1170 3146 ceterosque
1192 3064 1346 3146 legatos.

218 3204 251 3254 dr
268 3208 340 3270 apud
355 3207 532 3271 {inperatorem
556 3209 662 3272 ejusque
685 3209 818 3271 conjugem
835 3213 925 3272 agant,
949 3221 998 3271 quo
1016 3218 1100 3255 omnes
1117 3204 1254 3265 eeclesiae,
1278 3206 1425 3270 praecipue

215 3305 275 3340 uero
295 3292 477 3341 Alexandrina
495 3298 521 3341 et
538 3292 710 3351 Antiocheno,
735 3294 770 3342 ad
786 3293 943 3357 apostolieae
960 3291 1031 3340 redr's
1047 3290 1239 3340 communionem
1257 3297 1424 3340 noscemus.

334 3420 547 3488 Hormisda
575 3423 768 3488 Germano
796 3426 836 3488 et
861 3421 1040 3488 Johanni
1073 3420 1294 3505 episeopis,
1326 3421 1459 3488 Felici

385 3529 423 3590 et
444 3525 635 3589 Dioscoro
657 3526 856 3608 diaconis,
881 3527 920 3588 et
941 3521 1093 3587 Blando
1114 3522 1369 3607 presbytero,

73 3660 166 3725 opos.
265 3642 313 3707 De
335 3642 395 3726 his,
420 3666 500 3728 quae
524 3647 596 3708 aeta
619 3645 763 3708 caritatis
779 3647 903 3708 vestrae
919 3642 1032 3707 relatio
1050 3641 1307 3726 comprehendit,
1332 3646 1461 3729 gratias

181 3744 249 3809 Deo
270 3749 381 3809 nostro
407 3747 584 3829 referimus,
608 3747 662 3830 qui
684 3746 826 3810 laborem
849 3747 989 3809 vestrum
1013 3745 1127 3829 juvare
1149 3743 1308 3828 dignatum
1332 3752 1402 3827 est,
1430 3752 1462 3812 et

179 3847 359 3930 hortamur,
388 3851 425 3911 ut
448 3848 694 3912 clementissimo
715 3847 854 3932 principi
877 3849 909 3909 et
934 3846 1096 3928 piissimae
1119 3846 1293 3929 Augustae
1324 3849 1461 3935 conjugi

179 3949 246 4034 ejus
275 3950 389 4015 officiis
416 3950 583 4013 imminere
611 3949 864 4034 competentibus
893 3948 1050 4030 debentia,
1084 3949 1117 4011 et
1147 3967 1246 4032 agere
1276 3950 1461 4016 auxiliante

179 4050 306 4117 Christo
328 4055 438 4116 nostro
461 4052 618 4116 universis
641 4052 700 4116 sub
722 4051 940 4116 ecelesiastica
962 4048 1184 4115 observatione
1205 4048 1398 4135 dispositis,
1426 4058 1461 4117 ut

178 4176 288 4218 omnes
311 4154 473 4237 eeclesiae,
497 4176 578 4237 quae
601 4155 634 4216 in
657 4154 799 4238 qualibet
813 4153 925 4217 mundi
947 4156 1038 4237 parte
1054 4154 1131 4216 sunt
1149 4149 1290 4236 positae,
1315 4154 1360 4218 ad
1376 4177 1460 4219 com·

179 4257 362 4320 munionem
385 4256 467 4320 sedis
490 4255 683 4340 apostolicae
704 4258 903 4320 revocentur.
940 4255 988 4318 De
1011 4253 1235 4318 Alexandrina
1259 4276 1340 4331 vero
1363 4262 1460 4342 atque

178 4357 381 4422 Antiochensi
404 4358 545 4422 ecclesiis
568 4357 738 4448 elaborato,
767 4361 802 4421 ut
824 4360 952 4421 nostrae
975 4356 1048 4420 fidei
1071 4356 1130 4419 sub
1151 4354 1388 4424 observatione
1411 4382 1459 4423 ra·

177 4457 326 4522 tiouabili
349 4463 599 4542 connectantur,
628 4459 703 4544 quia
725 4463 836 4524 tantae
858 4461 904 4523 rei
927 4459 1082 4544 perfectio
1102 4461 1171 4522 tum
1198 4457 1458 4525 elementissimo

176 4703 209 4750 86
247 4701 265 4766 ¹)
278 4698 354 4762 tiriae
373 4699 455 4764 hujus
468 4697 549 4752 Grati
567 4697 689 4764 dignitas
707 4697 802 4763 fircrit,
821 4716 854 4751 ex
867 4698 994 4768 epistolis
1006 4703 1039 4750 42
1052 4698 1080 4751 et
1092 4701 1125 4749 46
1136 4697 1242 4765 repete.
1272 4696 1381 4753 Amice
1393 4714 1455 4753 eum

176 4797 209 4833 eo
232 4781 404 4850 expostulat,
437 4783 511 4851 quod
533 4783 665 4835 l'ullionis
691 4783 901 4853 opportunitate
929 4783 1009 4847 data,
1042 4781 1131 4834 nullas
1152 4780 1189 4833 ab
1212 4794 1248 4833 eo
1269 4779 1390 4837 litteras
1410 4800 1454 4836 ae·

177 4867 289 4934 ceperit.
