3204 5506
212 361 274 425 812
651 379 679 425 s.
696 377 901 426 nounrsnan
925 375 1038 422 eneas

105 557 130 596 a.
141 546 198 595 571.
213 531 372 596 docuisti?
408 531 456 594 Tu
478 530 620 594 ostendis
642 531 732 594 illum
752 553 820 593 esse
843 529 1031 611 maximum,
1062 530 1116 613 qui
1146 529 1294 594 extubere
1321 532 1440 597 studuerit

60 609 246 730 Pffilffirse
269 633 430 717 pusillum.
473 639 600 711 Respice
621 640 659 697 de
679 640 771 710 coelo,
797 638 879 697 rude:
903 640 989 696 cisitu
1014 639 1133 696 educam
1161 645 1190 695 tc
1217 640 1329 697 crettore
1348 640 1438 713 peuer-

99 745 291 800 Mevaniam:
313 737 445 800 intende
468 736 552 800 circa
575 735 727 799 mandata
749 739 805 798 tua
828 733 1022 818 minimoslt,
1047 737 1079 797 et
1103 734 1188 798 circa
1207 735 1353 799 ambitum
1371 735 1440 800 hono

117 820 186 877 Μ’·
213 840 255 902 ris
279 838 394 902 elatos!

296 941 324 1004 3.
359 939 421 1005 Cur
442 941 584 1004 recentia
607 940 733 1023 cupitis,
758 943 790 1002 et
812 941 917 1022 prisca
940 939 1096 1021 deseritis,
1121 939 1207 1003 circa
1222 961 1338 1004 summa
1350 940 1440 1004 desides

212 1046 244 1106 et
266 1064 365 1127 parva
388 1042 561 1106 curantes?
605 1043 720 1106 Nonne
748 1041 808 1105 hoc
835 1045 885 1105 est
906 1063 1011 1107 rerum
1034 1041 1110 1104 vilia
1133 1041 1305 1123 decimare,
1334 1046 1361 1105 et
1383 1041 1440 1126 lep‘s

211 1147 383 1229 praecepta
407 1145 633 1208 contemnere?
667 1144 831 1228 servaret)
847 1143 918 1224 illa,
943 1165 1024 1227 quae
1040 1143 1108 1207 Deo
1124 1149 1314 1229 congruunt,
1334 1144 1440 1207 etfacile

212 1269 248 1310 ea
271 1269 352 1330 quae
375 1250 450 1310 sunt
473 1247 513 1309 ab
535 1246 716 1310 hominibus
740 1247 985 1330 subsequuntur.
1021 1244 1106 1320 Quin
1120 1249 1229 1330 potius
1245 1268 1346 1310 curam
1357 1246 1439 1309 salutis

212 1371 352 1429 assume,
383 1352 415 1411 ct
438 1371 493 1410 cur
521 1351 553 1411 te
575 1348 656 1411 alius
679 1348 881 1432 praevenerit
909 1348 1117 1430 inveritate,
1149 1349 1313 1412 affectione
1333 1349 1438 1431 suspira:

211 1473 251 1513 ne
275 1451 302 1513 si
323 1451 474 1514 insectari
498 1473 550 1514 eos
573 1451 627 1534 qui
650 1451 690 1514 ad
711 1450 875 1515 Ecclesiae
898 1454 1103 1514 revertuntur
1124 1451 1268 1515 membra
1290 1450 1438 1534 perstiteris,

210 1556 245 1615 tu
268 1575 392 1636 quoque
415 1574 486 1616 cum
510 1552 570 1634 his,
595 1575 672 1636 qnos
696 1552 886 1616 nominatim
910 1553 1101 1616 condemnat
1125 1552 1283 1617 catholica
1304 1553 1437 1632 sententie,

211 1654 376 1738 copuleris.
423 1654 508 1717 Data
529 1655 632 1738 pridie
653 1655 729 1718 Idus
745 1653 876 1738 Aprilis,
894 1655 1037 1738 Agapito
1059 1656 1128 1720 viro
1145 1655 1317 1719 clarissimo
1331 1653 1436 1720 consule.

712 1841 893 1944 Epistola
920 1842 976 1924 37.

70 1991 158 2124 1ξῖῑὲ
155 1986 196 2107 ri}
216 2004 220 2015 “
394 1996 604 2063 Horrnlsdao
629 2012 737 2079 pupae
760 1995 803 2060 ad
828 1993 1055 2060 nastasrnm
1078 1993 1292 2078 Augustum.

346 2136 536 2186 veronensem
555 2138 756 2200 Nicopoliluaum
775 2153 790 2184 a
808 2139 927 2185 molestiis
946 2135 1117 2197 infestantium
1136 2143 1246 2191 licentur,
1265 2143 1342 2199 copel.
1382 2120 1386 2131 ⁸

361 2267 572 2334 Hormisda
606 2269 824 2333 Anastasio
857 2270 1040 2353 Augusto
1076 2290 1146 2351 per
1179 2268 1389 2333 Ennodiun
1415 2272 1443 2329 et

454 2371 714 2457 Peregrinum
737 2371 956 2454 episcopos.

294 2489 379 2554 Dum
401 2493 578 2575 sapientiae
594 2494 727 2571 restrae,
753 2488 998 2554 clementissime
1020 2490 1206 2574 imperator,
1230 2489 1378 2574 protunda
1391 2508 1445 2552 eon·

210 2592 328 2674 sidero,
366 2593 570 2676 providentes
603 2591 698 2656 saluti
732 2592 879 2675 propriae
912 2591 1000 2655 vobis
1032 2591 1201 2675 displicere
1232 2613 1298 2657 non
1328 2591 1445 2656 aestino.

210 2694 320 2779 Neque
343 2695 429 2758 enim
451 2698 508 2758 aut
529 2695 637 2758 divina
658 2695 781 2758 monita
810 2697 865 2757 aut
886 2693 1026 2757 humana
1055 2694 1224 2759 continent
1245 2695 1399 2774 instituta,
1421 2696 1448 2755 ut

209 2798 263 2881 qui
286 2797 424 2860 consulit
445 2797 548 2860 bonae
566 2797 644 2880 spei,
669 2797 811 2881 qualibet
826 2796 941 2860 debeat
955 2796 1202 2879 reprehensione
1219 2796 1353 2880 culpari:
1373 2816 1449 2881 quun

209 2900 346 2963 maxime
374 2899 476 2982 pietas
506 2921 630 2982 quoque
658 2902 762 2962 restra
792 2900 906 2962 affectu
939 2920 973 2962 se
1000 2898 1135 2962 unitatis
1163 2901 1196 2962 et
1222 2899 1310 2982 pacis
1336 2899 1451 2983 flagrare

208 3002 358 3065 fateatur.
404 3000 491 3075 Quae
513 3022 563 3063 res
586 3023 636 3064 me
659 3022 781 3085 quoque
812 3000 860 3064 uel
889 3022 946 3083 pro
974 3000 1090 3064 fiducia
1114 3001 1329 3065 eonscientiae
1349 3003 1451 3064 vestrae

208 3104 258 3167 vel
282 3125 338 3188 pro
362 3102 500 3166 creditae
523 3124 645 3186 quoque
668 3102 747 3166 mihi
770 3103 1019 3186 dispensationis
1042 3103 1159 3185 officio,
1186 3107 1367 3188 emergente
1386 3122 1453 3166 con·

208 3205 292 3289 pulit
313 3227 378 3269 non
402 3204 606 3288 supersedere
628 3207 767 3289 negotio
802 3204 968 3268 lohannes
983 3203 1085 3268 frater
1108 3209 1140 3269 et
1161 3206 1364 3290 coepiscopus
1383 3224 1454 3268 meas

208 3307 452 3390 Nicopolitanae
476 3307 616 3371 civitatis
639 3307 783 3389 antistes,
807 3306 1059 3391 praedecessoris
1075 3308 1123 3371 sui
1138 3310 1270 3372 sanctae
1286 3305 1454 3372 recordatio

208 3410 258 3472 nis
282 3408 452 3492 Alcysonis
475 3415 602 3472 secutus
626 3409 814 3492 exemplum,
843 3409 928 3472 beati
951 3408 1039 3472 Petri
1063 3408 1199 3492 apostoli
1223 3409 1455 3474 communionem

209 3533 280 3575 cum
297 3512 417 3595 synodo
433 3534 500 3593 sna,
524 3511 684 3575 damnatis
707 3510 766 3593 his,
791 3533 869 3595 quos
885 3510 1030 3575 Ecclesia
1053 3511 1241 3594 detestatur,
1266 3512 1403 3597 expetiit.
1431 3508 1455 3573 ls

207 3635 295 3676 nunc
323 3613 475 3698 gravibus
503 3613 662 3697 fatigatur
690 3613 825 3678 insidiis
875 3613 992 3678 Precor
1018 3614 1298 3679 mansuetudinem
1324 3617 1455 3693 vestrm,

208 3715 317 3797 iniqua
347 3714 552 3778 molientibus
583 3715 724 3797 obviate,
764 3720 797 3779 et
824 3719 983 3779 removete
1015 3716 1195 3799 molestias,
1231 3719 1267 3781 et
1300 3719 1457 3782 correctum

207 3817 327 3899 fovete,
357 3817 423 3898 cui,
448 3818 483 3879 ut
506 3817 681 3901 corrigeret
691 3819 726 3901 ¹),
751 3817 911 3881 debuisset
933 3818 1049 3881 insisti.
1095 3817 1207 3882 Scient
1229 3819 1316 3882 enim
1337 3819 1388 3903 qni
1407 3821 1457 3880 ter

208 3919 364 4001 daverint,
389 3940 422 3982 se
437 3940 507 3981 reos
522 3919 657 4000 futuros,
682 3941 779 4003 quum
802 3941 820 3981 a
843 3920 932 3983 vobis
953 3920 1054 3983 foveri
1077 3920 1219 3985 viderint
1236 3921 1306 4004 jam
1321 3938 1456 3985 reversae

207 4021 338 4102 Fateor,
375 4020 619 4084 clementissime
651 4022 841 4104 imperator,
876 4021 974 4085 miror
1007 4021 1232 4086 insidiantium
1264 4021 1458 4106 pertinaciam

207 4144 309 4207 neque
337 4122 397 4186 Dei
425 4144 528 4206 neque
556 4125 661 4186 vestro
694 4123 814 4186 intuitu
841 4125 1028 4207 permoveri.
1083 4122 1168 4187 Nam
1196 4125 1250 4209 qui
1279 4122 1458 4189 oderuntir

274 4347 295 4412 ²)
313 4344 373 4398 Hoc
391 4344 444 4409 est,
463 4343 510 4412 qui
528 4361 612 4412 quum
629 4345 763 4400 mandata
774 4344 880 4398 soluere
892 4362 948 4399 non
959 4347 1120 4411 vereantur,
1139 4344 1247 4399 minimi
1258 4343 1457 4407 censendimt

207 4430 356 4483 secundum
378 4429 447 4482 illud
464 4429 563 4482 Matth.
583 4436 606 4494 5,
627 4435 670 4482 19:
699 4432 747 4494 Qm'
763 4449 824 4498 erpo
842 4437 945 4485 soluerit
963 4452 1035 4484 naum
1054 4437 1086 4484 de
1104 4436 1231 4486 mandatis
1247 4436 1305 4485 ielis
1320 4435 1457 4484 uirbis...

207 4519 316 4568 minimas
332 4519 468 4569 vocabitur.

275 4602 294 4668 ³)
313 4599 367 4652 Ed
384 4603 465 4653 Serva
537 4605 719 4669 subsequentur
794 4606 935 4669 apostolica
952 4607 1077 4656 sententia
1095 4603 1126 4656 et
1143 4600 1232 4656 omitt.
1251 4606 1392 4670 affectione.

207 4688 239 4736 37
275 4685 294 4751 ¹)
313 4683 416 4754 Supple
434 4705 470 4742 se,
508 4684 553 4738 Sic
567 4687 596 4738 et
612 4685 641 4738 in
659 4686 720 4740 aliis
738 4686 911 4756 superiorum
928 4687 1086 4756 praesulum
1104 4685 1230 4756 epistolis
1246 4692 1401 4755 compesces
1413 4696 1457 4754 pn

206 4787 233 4820 ee
256 4774 413 4836 corriperem
435 4787 490 4824 non
513 4770 598 4824 semel
619 4771 791 4825 offendimus.
834 4771 968 4836 Quocirca
989 4772 1089 4825 Baton.
1110 4770 1281 4826 substituens
1297 4776 1458 4840 conice&

207 4851 243 4905 ab
261 4851 409 4907 Hormisda
425 4854 518 4923 potius
535 4855 630 4909 littera
648 4874 732 4924 quam
750 4859 843 4912 mente
862 4856 999 4911 discessit:
1021 4856 1115 4911 sedin
1135 4857 1251 4926 utraque
1267 4856 1377 4926 peceat,
1392 4848 1458 4923 quud

207 4936 318 5005 subjicit
336 4942 460 4993 dedicisset
479 4944 607 4994 urescere.
