3204 5506
590 374 785 423 nrrsronan
809 366 858 423 79.
882 366 933 423 80.
1333 358 1395 422 879

124 528 247 614 mum⁴)
270 531 335 611 est,
366 527 582 611 subjectorum
611 527 792 592 libertatem
814 528 932 609 tueris,
966 549 1047 612 quae
1075 527 1257 591 mortalium
1286 528 1394 592 usibus
1406 553 1431 590 a.
1442 542 1498 591 519.

126 633 314 715 comparata
336 630 432 694 simili
454 630 591 716 quadarn
612 631 809 694 mortalitate
839 629 991 694 solvenda
1018 632 1110 692 sunt:
1143 629 1177 692 in
1205 629 1265 694 hoc
1294 633 1394 694 certa-

122 734 212 797 mine
235 732 302 797 vita
324 732 395 816 ipsa
417 732 610 815 defenditur,
635 736 667 796 et
688 731 919 816 quodammodo
943 752 1001 814 pro
1023 731 1236 815 sempiternae
1259 732 1393 796 beatitu-

124 833 210 898 dinis
234 855 307 898 arce
329 838 502 919 pugnatur.

209 936 242 1003 4.
271 934 426 1011 Quocirca
449 937 635 1000 continuam
649 936 734 999 tanti
749 936 855 1020 operis
871 938 1045 1020 apparatus
1067 935 1253 1000 clementiae
1269 938 1394 999 vestrae

123 1039 340 1103 intentionem
362 1038 505 1122 requirit.
551 1037 675 1120 Facite,
704 1041 740 1101 ut
767 1036 889 1100 nullum
916 1059 1046 1121 prorsus
1068 1038 1319 1120 receptaculum,
1355 1060 1393 1101 ex

122 1162 186 1224 qno
208 1161 318 1204 rursus
340 1140 588 1203 immanissimus
611 1140 712 1204 hostis
735 1143 889 1224 emergat,
912 1140 1072 1204 inveniat:
1096 1139 1219 1203 cunctis
1242 1161 1314 1203 eum
1336 1162 1393 1202 nu-

123 1241 199 1305 date
226 1242 410 1326 praesidiis,
445 1245 477 1305 et
506 1242 532 1304 si
560 1243 636 1326 quid
657 1263 791 1326 usquam
814 1240 1021 1324 vestigiorum
1049 1241 1117 1325 ejus
1146 1241 1303 1326 reliquum
1333 1245 1391 1324 est,

122 1343 157 1407 id
179 1365 275 1407 omne
297 1343 446 1407 clementi
469 1343 608 1407 remedio
630 1347 812 1428 repurgate.
858 1344 960 1407 Omne
983 1344 1145 1427 nequitiae
1167 1364 1300 1428 germen
1321 1343 1392 1406 fun-

122 1444 211 1509 ditus
242 1449 386 1529 eruatur,
423 1446 555 1508 adversa
581 1445 649 1509 Deo
682 1446 781 1528 stirps
809 1444 850 1507 ad
877 1444 984 1509 rivum
1013 1467 1112 1529 usque
1139 1450 1314 1527 resecetur,
1352 1467 1393 1508 ne

122 1547 231 1610 minus
249 1569 428 1631 compressa
436 1598 444 1630 ,
468 1548 552 1633 quod
567 1547 666 1628 absit,
691 1546 871 1631 iniquitatis
887 1547 978 1610 radix
993 1551 1151 1611 venenata
1166 1546 1262 1610 latius
1277 1547 1393 1626 iterum

122 1648 266 1732 virgulta
287 1649 454 1713 diffundat.
500 1649 656 1724 Quorsum
679 1647 782 1712 haec?
818 1646 900 1723 Quia
922 1652 1066 1732 superest
1088 1649 1192 1712 adhuc
1213 1648 1303 1712 robis
1318 1649 1392 1712 Ale-

122 1751 302 1815 xandrinae
331 1755 426 1836 amne
453 1750 677 1814 Antiochense
710 1754 743 1814 et
777 1750 913 1813 aliarum
945 1751 1151 1814 ecclesiarum
1184 1750 1272 1814 nullo
1301 1751 1393 1814 modo

121 1853 321 1938 negligenda
351 1853 520 1935 eorrectio,
552 1853 587 1915 in
614 1874 677 1936 qna
705 1853 732 1914 si
759 1853 826 1938 se⁵)
856 1874 931 1915 cura
959 1852 1147 1916 clementiae
1175 1854 1298 1916 vestrae
1326 1875 1392 1916 non

121 1955 304 2039 demiserit,
328 1977 401 2039 spes
423 1958 487 2037 est,
512 1976 574 2039 quo
596 1958 725 2018 auctore
741 1954 825 2018 bona
841 1957 957 2017 cuncta
972 1953 1128 2018 credimus
1143 1954 1259 2037 incipi,
1284 1955 1393 2018 ecdem

122 2058 271 2121 celeriter
294 2058 481 2121 auxiliatore
505 2056 666 2140 compleri.

209 2161 240 2223 5.
279 2158 543 2224 Commendamus
565 2162 731 2242 praeterea
754 2158 877 2242 legatos
900 2158 942 2221 ab
964 2158 1139 2241 apostolica
1153 2157 1227 2222 sede
1242 2158 1390 2241 directos,

120 2263 156 2324 et
179 2261 264 2344 apud
285 2264 425 2324 vestram
446 2260 542 2323 fidem
564 2260 814 2344 religionemque
837 2260 1038 2351 deponimus3
1068 2281 1145 2343 quos
1173 2260 1220 2323 ita
1242 2261 1391 2344 perfectis

119 2363 272 2426 omnibns
295 2363 397 2446 pietas
420 2364 526 2426 restra
554 2361 711 2443 dimittat,
744 2368 781 2425 ut
807 2362 925 2425 divinis
954 2361 1132 2444 vestrisque
1160 2361 1322 2426 beneficiis
1352 2363 1392 2425 ad

120 2464 333 2550 apostolicam
361 2465 468 2528 sedem
494 2464 623 2548 plenam
649 2464 794 2527 referant
827 2465 864 2528 de
898 2464 1104 2528 ecclesiarum
1138 2464 1280 2527 omnium
1312 2487 1391 2548 pace

118 2567 291 2630 laetitiam.
337 2565 425 2642 Quae
448 2566 568 2648 scripta
590 2588 647 2649 per
662 2565 865 2650 Paulinumss)
886 2565 1050 2629 Romanae
1073 2566 1225 2629 ecclesiae
1248 2567 1391 2631 defenso-

118 2690 191 2732 rem
215 2668 372 2732 famulum
394 2671 518 2731 vestrae
540 2668 670 2751 pietatis
692 2669 869 2753 ingerenda
896 2669 1140 2732 transmisimus.
1186 2668 1272 2731 Data
1293 2667 1389 2753 VH7)

117 2770 198 2834 Idus
221 2771 317 2853 Julii,
341 2770 516 2834 Eutharico
538 2770 606 2833 viro
629 2771 805 2834 clarissimo
828 2770 967 2835 consule.

626 2958 807 3060 Epistola
833 2959 892 3040 80.

117 3109 334 3178 Hormisdae
347 3129 457 3194 papae.
469 3109 716 3176 mlichannenr
731 3112 933 3192 episcopani
943 3065 1389 3192 (rinsmnnmpontanunr.
1403 3128 1492 3243 effi
1503 3120 1528 3174 o.

157 3253 238 3301 Unum
255 3267 283 3301 ae
300 3269 354 3300 eum
372 3268 401 3301 eo
420 3253 517 3314 saelum
535 3267 590 3299 esse
607 3253 763 3313 prrrlnlatnr.
785 3251 891 3313 jurnque
909 3251 1053 3312 episcopum
1076 3266 1129 3298 enm
1147 3252 1261 3312 oprroreit
1279 3259 1304 3299 et
1322 3254 1357 3300 nri

154 3339 312 3400 peratormiem
330 3353 415 3384 ererum
432 3337 550 3385 lrortntnr
569 3334 602 3397 (n.
618 3335 711 3399 1—3).
742 3335 824 3382 Instet
836 3337 906 3398 apud
918 3337 1094 3398 imperatorem
1105 3351 1154 3398 pro
1167 3338 1259 3383 ceteris
1276 3340 1354 3385 eecle-

154 3423 201 3471 siis
220 3423 411 3487 nominatimque
430 3422 612 3470 Alexandrina
634 3428 659 3469 et
678 3419 837 3469 Antiocheno
860 3435 876 3466 α
897 3419 1029 3467 selricmute
1051 3418 1202 3473 liberandis.
1230 3427 1254 3468 et
1276 3423 1302 3470 in
1325 3440 1354 3470 ec

371 3508 471 3570 nepotio
489 3511 588 3569 (opertos
605 3507 674 3554 sedis
692 3505 848 3569 apostolieae
866 3505 972 3565 adjuret
990 3502 1025 3566 (n.
1038 3506 1055 3552 4
1067 3512 1092 3552 et
1104 3503 1139 3566 5).

275 3620 484 3685 Hormisda
511 3620 684 3684 Johanni
716 3621 902 3704 episcopo
925 3620 1388 3705 Constantinopolitano.

211 3744 237 3804 1.
273 3741 496 3805 Consideranti
518 3741 596 3803 inihi
619 3743 692 3803 tuae
707 3741 828 3823 scripta
851 3740 1004 3822 caritatis,
1028 3739 1062 3803 in
1085 3740 1199 3824 quibus
1223 3763 1294 3806 euin
1316 3744 1389 3807 sede

194 3832 201 3852 .

189 3912 211 3978 ⁴)
231 3909 265 3963 G¹
283 3921 434 3978 postremum
505 3916 580 3963 simili
597 3916 720 3979 quondam
739 3931 773 3963 ar
791 3931 839 3978 qno
898 3917 1025 3963 elementis
1043 3917 1155 3964 remedie
1173 3911 1228 3977 (ed.
1248 3932 1277 3966 eo
1296 3934 1343 3982 quo

117 4000 239 4049 elementi
255 3999 367 4048 remedio
383 4000 512 4062 perpete).

190 4083 212 4146 i)
230 4079 297 4132 bcc
314 4099 383 4132 suom
405 4100 490 4133 euram
512 4085 642 4133 elementia
664 4091 749 4134 uestra
767 4086 904 4141 immiserit.
929 4084 954 4134 θ’
973 4100 1001 4134 ae
1019 4102 1104 4134 euram
1124 4089 1270 4137 elementiae
1288 4098 1388 4139 restrae

117 4169 258 4221 dimiserit.
283 4164 317 4217 G*
340 4185 369 4218 se
392 4185 453 4217 meru
476 4171 620 4218 elementiae
643 4178 743 4218 vestrae
772 4172 913 4226 demiserit,
938 4167 984 4219 nlri
1006 4165 1118 4219 indubie
1144 4169 1310 4236 particulam
1339 4191 1389 4223 non

118 4247 287 4302 addidimus.

189 4337 210 4399 8)
230 4333 380 4388 llormisda
397 4335 514 4389 necdum
533 4337 594 4389 ullis
613 4336 647 4388 dc
665 4353 734 4404 paee
752 4336 847 4404 regiae
860 4336 935 4389 urbis
948 4336 1120 4403 aliarumque
1133 4337 1309 4391 eeclesiarum
1322 4357 1388 4393 nun·

117 4417 167 4471 tiis
187 4417 321 4486 acceptis,
345 4418 490 4472 Paulinum
508 4420 681 4474 defensorem
700 4439 754 4474 nna
777 4439 838 4474 curn
857 4421 975 4489 epistola
993 4427 1024 4473 73
1042 4421 1144 4489 Aprilis
1162 4428 1194 4475 29
1217 4423 1261 4476 dio
1283 4424 1389 4492 consig-

118 4506 189 4556 nata
207 4502 346 4557 destinare
364 4522 393 4557 sc
415 4504 444 4556 in
463 4505 560 4558 eadem
579 4505 698 4574 epistola
715 4504 859 4574 significat.
896 4505 924 4557 Si
947 4505 1032 4573 igitur
1050 4506 1072 4558 is
1088 4506 1149 4574 ipse
1170 4507 1300 4561 defensor
1317 4509 1388 4563 hane

118 4588 270 4657 epistolam
292 4588 390 4641 eodeni
413 4590 520 4654 retulit,
547 4591 668 4643 nraxima
689 4589 865 4644 {estuatione
888 4593 917 4642 et
939 4591 1028 4643 ltorna
1050 4590 1331 4660 Constantinopolim,
1360 4596 1389 4647 et

117 4673 184 4726 inde
203 4674 321 4727 Romam
345 4674 519 4728 contenderit
542 4691 610 4743 opus
633 4677 683 4727 cst.
724 4675 759 4726 Et
777 4691 842 4728 vcro
860 4674 933 4728 infru
951 4676 1031 4745 epist.
1050 4684 1082 4729 89
1100 4676 1270 4730 lastinianus
1287 4678 1389 4748 episto-
1420 4721 1435 4741 ,

118 4759 176 4812 lani
196 4765 228 4812 78
251 4775 408 4812 memorans
427 4777 444 4813 a
466 4778 494 4813 sc
512 4767 545 4813 2’9
568 4760 612 4812 die
634 4760 709 4812 lunii
732 4781 779 4827 per
804 4765 933 4828 Eulopium
955 4760 1079 4819 arissam,
1104 4761 1219 4815 alteram
1244 4762 1387 4831 aliquanto

118 4847 185 4897 ante
202 4864 253 4911 per
272 4849 402 4897 Paulinum
421 4845 592 4898 defensorem
612 4845 762 4899 destirmsse
780 4864 809 4899 se
827 4845 932 4900 recolit.

188 4932 208 4998 ⁷)
228 4928 262 4982 G'
287 4933 345 4981 r'll
364 4934 426 4982 Idus
446 4934 585 4984 Februarii.
