3204 5506
599 379 770 428 semrom
795 371 821 427 3.
1284 365 1348 431 315

122 522 186 620 'jen
203 554 243 598 ros
257 537 301 601 sut
318 533 509 601 descendere
542 536 598 599 aut
619 533 820 599 descendisse
847 536 1044 600 monstratis.
1089 535 1193 619 Unde,
1218 558 1345 621 quaeso,
1360 547 1395 613 (a.
1407 548 1477 614 492.)

143 638 234 722 nlquo
248 637 297 703 ists
316 639 481 704 descensio
503 637 575 703 est‘?
596 636 716 724 Utique
738 659 777 701 ex
800 638 962 722 superiore
984 637 1122 723 quodam
1143 639 1214 704 loco
1236 640 1276 705 sd
1298 641 1345 705 in-

140 740 219 806 feriori
233 761 356 827 quaeque
376 741 601 828 deponense).
622 737 666 805 'A
689 739 848 805 catholica
869 741 1107 827 apostolicaque
1124 743 1345 808 communione

138 841 332 915 ellsereticom
354 840 602 930 damnatamque
625 845 792 928 prolapsos
815 865 871 907 vos
893 843 1018 926 videtis,
1044 844 1249 930 cognoscitis,
1279 867 1345 912 non

135 946 231 1032 regetn
253 950 282 1011 et
301 968 367 1012 non
390 946 492 1011 solum
514 967 570 1018 ros
591 947 627 1011 in
654 946 774 1011 infimis
793 947 902 1029 jacere
924 945 1073 1030 delectat,
1103 947 1159 1012 sed
1185 949 1284 1014 etiam
1311 950 1345 1014 in

132 1047 242 1132 superiore
260 1052 425 1114 manentes
447 1048 522 1113 sede
543 1049 641 1113 vultis
662 1048 794 1133 impelli.
834 1054 1080 1114 condescendere
1101 1072 1159 1114 nos
1182 1052 1346 1117 vobiscum

127 1149 228 1216 nitetis
247 1152 284 1217 ad
303 1151 370 1216 ima
392 1152 432 1217 de
454 1152 596 1234 summis,
626 1173 684 1216 nos
706 1158 907 1217 coascendere
930 1172 985 1215 vos
1007 1153 1174 1217 nobiscum
1195 1175 1345 1239 rogamus

124 1252 263 1319 sdmnma
282 1254 323 1318 de
343 1254 428 1319 imis.
472 1253 569 1318 Nunc
597 1253 697 1339 igitur
724 1254 784 1318 sub
812 1257 985 1336 conspectu
1013 1254 1098 1319 illius
1126 1256 1271 1321 excelsae
1294 1257 1345 1340 ju·

121 1355 197 1421 sene
209 1357 326 1440 judicet
347 1378 451 1441 genus
472 1355 659 1440 humanum,
688 1357 927 1441 quisnostrum
953 1357 1068 1421 debeat
1090 1358 1182 1423 alteri
1204 1360 1343 1424 obedire.

177 1459 200 1522 6.
236 1460 288 1524 An
310 1458 401 1541 dicis,
431 1463 468 1523 ut
497 1461 604 1523 cetera
630 1480 718 1524 nune
740 1460 901 1524 omittam:
931 1462 1085 1525 descendit
1113 1465 1257 1528 dominas
1283 1470 1347 1543 ipse

80 1496 84 1651 l
116 1565 233 1626 ecda?
263 1561 440 1626 Descendit
460 1561 567 1646 plane,
592 1561 647 1626 sed
668 1565 705 1625 ut
726 1561 888 1626 hominem
911 1562 951 1625 ab
974 1584 1079 1628 errore
1094 1564 1256 1646 liberaret,
1280 1586 1386 1679 nonM
1404 1626 1449 1680 ab

80 1682 82 1739 ξ
116 1663 208 1746 atejus
231 1663 420 1729 misceretur
447 1664 556 1729 errori.
602 1663 718 1729 Nonne
740 1664 809 1749 ipse
837 1665 1049 1747 praemonuit,
1078 1669 1115 1729 ut
1143 1674 1197 1746 qni
1216 1675 1247 1731 in
1269 1679 1346 1733 tecta
1364 1643 1457 1761 2217]
1491 1662 1495 1666 “

116 1773 279 1844 amaseni,
303 1787 364 1832 non
384 1760 599 1832 descenderent
613 1771 674 1832 nec
689 1767 729 1831 ad
744 1788 792 1849 ea,
816 1787 897 1850 quae
920 1767 954 1830 in
977 1768 1070 1831 domo
1093 1768 1243 1833 videntur
1264 1790 1343 1853 esse,
1386 1831 1406 1885 C

115 1864 240 1933 tolum?
260 1869 379 1934 Nonne
401 1890 459 1954 pro
481 1869 629 1935 omnibus
648 1869 950 1955 apostolusclamat
972 1892 1064 1953 unus,
1088 1879 1143 1951 qni
1158 1878 1231 1950 ples
1252 1879 1345 1936 ornni-
1364 1838 1449 1966 11533,

119 1971 310 2050 taidmarit,
345 1993 443 2056 quum
476 1972 516 2036 de
545 1972 689 2037 custodis
720 1971 866 2036 veritatis
895 1976 1058 2056 ageretur:
1092 1979 1199 2053 peribas
1226 1995 1281 2039 nec
1303 1981 1347 2039 ad
1358 1983 1479 2051 edes.

121 2072 191 2136 mon
201 2082 334 2140 cessimus
347 2080 541 2155 subjectionis
553 2082 669 2154 pratia
695 2087 727 2139 at
741 2081 854 2139 ceritas
872 2081 1034 2154 Enanpelii
1043 2089 1238 2155 permaneret
1260 2083 1347 2156 apud

124 2173 169 2237 ra?
186 2174 300 2241 Videtis
323 2177 492 2242 coelestem
514 2177 705 2262 magistrum
729 2177 981 2242 condescendere
1004 2178 1108 2242 noxiis
1131 2181 1343 2243 recusantem.

125 2269 240 2343 Postremo
265 2279 423 2345 faciamus
449 2279 588 2364 aliquem
610 2281 776 2363 corruisse,
807 2280 846 2344 ad
869 2303 963 2365 quem
984 2281 1214 2366 benignissime
1242 2282 1345 2348 suble-

127 2377 218 2443 mlum
236 2382 400 2465 paululum
422 2382 582 2467 quispiam
605 2382 682 2447 velit
702 2382 836 2448 inflecti.
877 2382 975 2467 Ergo,
1000 2387 1036 2448 ut
1058 2384 1201 2468 erigatur
1219 2384 1342 2468 jacens,

127 2476 279 2547 menum
302 2485 454 2549 convenit
474 2484 627 2549 inclinari
639 2485 676 2570 ¹⁶)
683 2535 693 2567 ,
722 2506 788 2549 non
816 2488 852 2549 ut
879 2507 951 2549 cum
979 2486 1088 2551 eodem
1115 2487 1345 2571 praecipitetur

129 2575 265 2652 nissam.
295 2586 400 2672 igitur
421 2608 479 2672 per
500 2586 635 2668 litteras,
660 2608 737 2671 quas
759 2610 817 2672 per
837 2588 1082 2674 Syncletium¹⁷)
1105 2589 1272 2655 diaconem
1293 2591 1345 2656 de.

130 2679 234 2770 11111111,
260 2689 298 2754 de
316 2688 371 2754 ‚his
396 2711 475 2774 quos
496 2689 685 2774 baptizavit,
714 2712 792 2775 quos
819 2691 980 2756 ordinavit
1008 2692 1156 2773 Aeacius,
1187 2693 1345 2776 majorum

130 2781 248 2856 nitore
274 2792 456 2857 confectam
478 2796 512 2856 et
536 2795 714 2856 vestrarum
741 2795 913 2878 praecipue
940 2795 1109 2890 regionum
1136 2794 1344 2861 sollicitudini

131 2902 252 2971 duptam
275 2894 466 2980 praebemus
494 2895 567 2959 sine'
591 2895 781 2961 difficultate
814 2896 1015 2962 medicinam.
1060 2896 1129 2972 Quo
1160 2920 1220 2963 nos
1248 2899 1344 2964 vultis

257 3072 379 3079 ..Ἄ-

174 3161 194 3227 ¹³)
207 3163 240 3221 lle
249 3166 280 3222 F⁴
292 3168 334 3222 F¹³
346 3168 380 3223 1(Ι
394 3168 430 3222 Κ1
443 3168 517 3222 011.Ι
532 3173 565 3234 0⁹,
583 3168 609 3222 h.
624 3184 648 3223 e.
662 3188 694 3222 ea
706 3176 798 3239 utiquc,
812 3190 876 3240 qnae
889 3175 1001 3239 deponat
1013 3182 1088 3240 nique
1100 3177 1216 3238 dejiciat.
1236 3172 1253 3224 b
1267 3179 1344 3241 depa-

132 3245 175 3302 du,
187 3250 244 3304 c²o¹⁰
258 3259 374 3323 deposito
392 3255 421 3308 et
439 3253 476 3308 acl
494 3271 582 3324 marg.
603 3259 742 3323 depositio,
763 3257 786 3308 c'
802 3257 827 3308 o²
846 3261 982 3324 deponitis.

175 3330 271 3396 'ideam
288 3344 365 3399 enen,
386 3337 477 3407 inquit
494 3340 614 3408 Prosper
631 3341 764 3393 sensere
782 3340 942 3407 (secundum
956 3359 976 3393 s.
991 3339 1139 3408 Augustini
1152 3341 1231 3411 epist.
1246 3342 1279 3396 ol.
1295 3350 1344 3399 '268

134 3422 177 3465 1111
190 3421 209 3470 11
222 3439 244 3475 n.
256 3427 280 3491 t)
299 3431 439 3494 quempiam
461 3430 536 3493 eripit
559 3430 596 3477 ad
616 3429 645 3477 id
662 3430 730 3493 quad
748 3427 803 3493 ipse
822 3435 871 3487 est,
894 3431 944 3479 nisi
960 3432 1113 3495 aliquantam
1131 3433 1167 3481 ad
1183 3434 1221 3488 id,
1246 3434 1271 3481 in
1295 3450 1344 3498 quo

133 3503 202 3560 ran,
215 3511 351 3564 descendat.
387 3508 442 3563 Sed
461 3509 528 3563 nulli
546 3509 714 3564 descendere
732 3509 772 3564 ita
790 3508 867 3577 licet,
892 3511 924 3565 ut
941 3511 984 3565 vel
1002 3510 1103 3565 erroris
1122 3512 1164 3567 vel
1181 3513 1289 3582 peccat-i
1307 3514 1344 3569 le·

134 3572 295 3648 mauras.

176 3669 196 3733 ¹¹)
208 3674 242 3732 111
255 3679 288 3733 Fi
298 3679 384 3746 ch⁹3
404 3681 440 3735 al.
454 3684 600 3736 Sinclr'tiarn.
620 3681 726 3737 Deinde
740 3683 764 3735 c'
778 3693 803 3735 et
815 3701 899 3736 veram
910 3689 1050 3751 praecipue
1064 3690 1209 3752 religionum
1221 3690 1344 3739 sollicita·

135 3748 245 3816 Allaruae
254 3786 400 3835 congruam,
417 3764 465 3820 ubi
479 3769 504 3820 c²
517 3764 606 3821 omitt.
620 3776 733 3828 cestrae,
752 3766 770 3820 b
783 3783 840 3835 seq.
854 3773 990 3836 religiosae
1001 3775 1171 3822 sollicinalini.
1196 3768 1345 3836 Sequimur

135 3826 248 3914 0111111
263 3850 343 3904 F‘Fm
355 3856 435 3907 scilic.
450 3863 550 3905 nestrae
563 3851 735 3919 apamenus.
759 3850 901 3915 Quaenam
916 3869 979 3906 vcro
992 3852 1028 3906 sit
1040 3853 1087 3907 illa
1097 3853 1242 3919 medicina,
1261 3872 1343 3921 quem
1449 3847 1454 3864 '

135 3909 215 4008 mdiu,
228 3934 380 4002 pollicetur,
400 3954 433 3990 ex
452 3935 549 3990 Felicis
567 3937 592 3989 11
612 3935 691 4006 epist.
707 3942 737 3989 14
750 3954 776 3990 u.
791 3945 806 3990 5
819 3937 1017 4007 comperimus,
1036 3955 1107 4006 quae
1119 3939 1150 3991 ut
1162 3937 1280 3992 diximus
1293 3938 1340 3993 (ie-

187 4013 339 4087 mentitur,
363 4021 429 4090 quia
451 4037 549 4076 revera
571 4021 608 4076 ab
628 4020 691 4090 ipso
715 4020 831 4092 scripta:
857 4027 936 4077 Nobis
961 4029 1014 4077 Deo
1037 4029 1180 4091 inspirante
1201 4029 1343 4092 provisuris

135 4092 275 4168 'emaum
296 4117 324 4160 ai
344 4112 503 4175 scripsimus,
526 4112 549 4161 si
570 4117 660 4162 cancia
683 4112 862 4170 conuenirent,
890 4120 917 4162 ui
944 4128 1041 4172 eararn,
1069 4129 1131 4179 qaas
1153 4114 1281 4163 ordinarit
1307 4116 1345 4162 cei

134 4165 223 4238 ”illm
237 4194 354 4254 Aeacius,
377 4198 449 4246 salua
466 4197 626 4259 consessione
643 4197 768 4246 carnolica
784 4212 833 4260 pra
852 4198 970 4247 caritatis
988 4199 1205 4262 rediniepratione
1223 4199 1284 4248 ninii
1298 4214 1344 4262 pe-

135 4266 174 4311 '‘¹l·
193 4264 252 4328 Hanc
267 4276 432 4332 medicinam
450 4277 490 4331 ait
508 4277 635 4332 Gelasius
652 4276 775 4345 nraJ'arnni
793 4283 930 4333 traditione
948 4284 1101 4346 corisccian,
1122 4279 1218 4348 utpote
1236 4277 1344 4331 concilii

134 4328 206 4438 1111111
219 4356 419 4417 decretiscirca
436 4361 607 4417 Novatianos
625 4362 874 4432 Africanorumque
893 4364 1004 4417 statutis
1023 4365 1052 4416 in
1070 4363 1186 4417 concilio
1200 4362 1343 4431 Carthagi-

134 4430 181 4481 'ffl'l
192 4435 248 4498 tiras
262 4444 434 4512 Donatistae,
452 4449 484 4501 ut
502 4447 557 4502 alia
575 4448 730 4514 mittemus,
749 4452 972 4503 consentaneam.
1003 4448 1089 4502 Addit
1106 4453 1245 4517 praecipue
1260 4454 1344 4515 repic-

135 4519 296 4592 'llnararan
321 4531 434 4602 quia'jn
452 4532 564 4587 Oriente
583 4533 710 4588 habitum
733 4534 786 4587 fuit
804 4533 954 4588 Nicaenum
974 4533 1128 4598 concilium,
1146 4533 1230 4600 etque
1249 4531 1344 4586 Orien-

133 4584 237 4679 Alam
250 4632 308 4683 eos,
331 4615 380 4684 qui
402 4616 606 4672 haereticorum
625 4619 755 4688 contagio
779 4619 878 4688 polluti
897 4621 1018 4683 fuerant,
1042 4618 1216 4688 recipiendos
1235 4634 1344 4687 semper

80 4760 82 4769 ,
134 4675 293 4756 “lllltuiiores
315 4701 489 4756 exstiterunt.
526 4703 596 4758 Vide
620 4705 810 4758 Innocentium
834 4705 1089 4774 epist.311.3,16,
1110 4709 1146 4757 17.
1171 4719 1231 4772 cap.
1245 4710 1262 4757 ³
1278 4703 1307 4755 et
1319 4709 1341 4757 5.

80 4786 82 4817 ²
199 4793 276 4839 sulem
287 4774 372 4840 'senx
391 4787 500 4856 aperto,
523 4788 704 4857 Gelasiusquc
723 4787 853 4843 correctis
871 4807 926 4844 non
945 4787 1035 4842 minus
1054 4789 1130 4843 ‹Jerto
1141 4786 1288 4859 promittit
1306 4787 1344 4841 in·

131 4864 351 5013 tinnim’adlanc
359 4872 398 4926 et
409 4887 504 4929 eorum
517 4890 657 4929 successor
668 4874 830 4938 Anastasius
842 4875 868 4929 Il
881 4875 961 4958 epist.
976 4874 1012 4929 ed
1024 4873 1203 4930 Anastasium
1215 4873 1342 4942 imperat.
