3204 5506
260 317 323 382 954
701 330 729 379 s.
746 330 954 381 uoanrsuaa
976 332 1091 380 rursu

136 495 248 562 (at-20.)
346 483 613 571 Christodolusfl)
642 482 858 550 misericordia
886 484 947 549 Dei
974 486 1144 571 episcopua
1173 485 1437 572 Methymnensis
1466 491 1528 556 ciri·

259 591 338 656 tatis
359 592 397 654 ut
418 611 526 673 supra.

348 691 550 757 Palmantius
582 689 733 755 minimus
765 691 932 776 episcopus
963 690 1139 757 Oeuandae
1178 692 1326 758 civitatis
1360 694 1529 779 provinciae

260 795 378 881 Lyciae
400 798 437 857 ut
458 815 565 877 supra.

345 897 367 962 J
368 899 512 961 ohannes
527 895 746 959 misericordia
756 894 817 959 Dei
832 897 999 980 episcopus
1014 897 1209 962 Attalicnsis
1222 898 1368 963 civitatis
1384 906 1529 984 utsupra

345 999 511 1063 dohanncs
540 997 757 1062 misericordia
784 997 844 1062 Dei
873 999 1040 1084 episcopus
1069 998 1266 1085 Olympinae
1303 1001 1443 1066 civitatis
1470 1024 1529 1086 pro

260 1101 386 1165 vinciae
408 1100 524 1186 Lyciae
546 1103 710 1183 utsupra.

345 1203 530 1267 Marcianus
566 1201 717 1266 minimus
755 1203 922 1287 episcopus
955 1201 1141 1268 Marcianae
1178 1204 1326 1270 civitatis
1358 1206 1529 1290 provinciae

260 1305 377 1390 Lyciae
402 1307 565 1389 utsupra.

345 1407 470 1471 Phocas
497 1407 648 1471 minimus
677 1407 844 1491 episcopus
872 1407 1044 1473 Dardanae
1078 1407 1220 1473 civitatis
1248 1410 1438 1494 provinciae
1464 1409 1529 1474 Hel·

260 1509 400 1592 lesponti
422 1511 459 1572 ut
480 1531 587 1593 supra.

346 1610 473 1675 Zoticus
501 1611 718 1675 misericordia
745 1611 806 1677 Dei
839 1614 1007 1697 episcopus
1035 1611 1258 1697 carpatiensis
1296 1614 1439 1679 civitatis
1468 1636 1529 1699 pro

260 1712 386 1777 vinciae
407 1711 590 1777 Insularum
612 1715 648 1776 ut
670 1735 777 1797 supra.

347 1813 517 1878 Sabbatius
542 1814 760 1880 misericordia
783 1816 844 1880 Dei
866 1817 1034 1902 episcopus
1057 1815 1276 1883 stratoniciae
1306 1818 1448 1884 civitatis
1468 1839 1530 1903 pro

261 1915 387 1981 vinciae
410 1915 529 2002 Lydiae
551 1920 588 1981 ut
610 1938 717 2002 supra.

759 2103 943 2208 Epistola
969 2106 1035 2190 132

873 2257 923 2296 seu

120 2311 247 2381 (abacti.

132 2378 248 2450 asept.)
281 2351 485 2420 Exemplum
507 2350 674 2421 splstolae
688 2350 877 2408 Justmiani
899 2353 1051 2410 consulis
1072 2355 1117 2411 ad
1139 2355 1364 2412 Hor-mindam
1385 2369 1511 2424 papam

296 2481 372 2531 Suum
392 2498 443 2547 pro
463 2484 516 2545 fide
539 2482 665 2532 catholica
685 2484 793 2532 studium
816 2492 961 2534 contestans
978 2492 1114 2549 precabar,
1142 2493 1169 2536 ut
1190 2487 1335 2537 Hemesa
1357 2488 1390 2536 de
1412 2486 1502 2536 duobus
1536 2496 1554 2547 p.
1563 2482 1594 2536 132¹,

296 2569 415 2633 capitulis
433 2570 568 2617 etiamtunc
590 2571 763 2619 controversis
784 2569 917 2634 perfectae
937 2572 1111 2637 pacificasque
1130 2573 1245 2636 popinas
1268 2573 1306 2621 ad
1327 2577 1501 2637 inperatore·

833 2654 969 2705 rescribat.

415 2785 581 2850 Domino
609 2787 693 2851 viro
720 2787 952 2852 beatissimo
981 2791 1199 2873 sanctoque
1228 2790 1340 2874 patri
1362 2788 1528 2854 Hormis-

509 2887 580 2951 dae
602 2887 712 2952 urbis
734 2889 880 2953 Romae
901 2891 1093 2975 pontifici
1115 2890 1426 2977 lastinianum).

350 3011 377 3072 1.
415 3006 578 3084 Quantam
599 3007 839 3073 venerationem
861 3007 1027 3093 religionis
1049 3008 1239 3093 habeamus,
1269 3033 1431 3096 quamque
1453 3011 1528 3076 solli·

263 3112 319 3178 citi
342 3132 467 3195 semper
487 3110 642 3174 fuerimus
669 3113 802 3195 propter
829 3110 987 3175 uniendas
1015 3114 1145 3176 sanctas
1167 3111 1338 3195 ecclesias,
1367 3114 1460 3178 testis
1486 3117 1528 3177 est

262 3235 386 3300 quoque
408 3216 516 3277 vestra
537 3211 711 3276 beatitudo.
746 3211 921 3297 Postquam
943 3214 1092 3299 regnavit
1113 3213 1234 3278 etenim
1257 3213 1407 3279 dominus
1429 3219 1529 3279 noster

261 3315 394 3380 inclitus
415 3315 599 3399 imperator,
623 3335 681 3398 per
695 3334 806 3378 omnes
828 3315 869 3378 ad
883 3314 1014 3379 Italiam
1027 3316 1193 3380 venientes
1208 3315 1385 3380 direximus
1400 3316 1527 3385 litteras,

169 3411 176 3458 ἶ
263 3416 476 3501 apostolatum
505 3420 596 3480 tuum
627 3419 780 3500 rogantes
815 3417 899 3480 sicut
930 3416 1073 3482 decebat.
1128 3415 1226 3481 Nunc
1258 3417 1358 3482 etiam
1393 3417 1528 3503 nequid

263 3540 372 3583 eorum
394 3538 473 3602 quae
496 3517 565 3582 fieri
588 3518 738 3582 convenit
759 3519 1052 3602 praetermittatur,
1081 3518 1248 3584 Johannes
1269 3519 1320 3584 vir
1342 3520 1528 3584 reverendis

262 3621 360 3685 simus
384 3620 534 3704 antistes,
558 3618 771 3684 Heraclianus
792 3621 976 3706 presbyter,
1007 3624 1040 3685 et
1056 3620 1290 3687 Constantinus
1312 3620 1466 3687 diaconus
1486 3643 1528 3685 sa-

264 3724 449 3786 crosanctae
472 3721 624 3786 ecclesiae
646 3721 741 3805 hujus
764 3722 895 3787 inclitae
923 3723 1062 3787 civitatis
1083 3722 1236 3787 destinati
1259 3726 1339 3787 sunt
1360 3725 1401 3788 ad
1418 3723 1528 3790 Urbem

246 3823 415 3906 feliciter,
445 3825 482 3887 ut
503 3844 598 3907 super
620 3823 783 3905 omnibus,
813 3846 893 3908 quae
916 3825 1046 3909 scripsit
1073 3824 1157 3887 filius
1184 3826 1292 3887 vester
1314 3826 1528 3891 serenissimus

262 3926 451 4009 imperator,
479 3925 644 4010 integrum
666 3946 854 4009 responsum
876 3927 1048 4010 accipiant.
1093 3925 1257 4010 Dignetur
1279 3947 1359 4012 ergo
1382 3927 1528 3992 sanctitas

261 4032 318 4093 tua
347 4028 507 4113 suscipere
534 4030 726 4092 memoratos
753 4026 838 4092 viros
870 4027 1127 4113 religiosissimos
1154 4027 1312 4111 libenter,
1352 4031 1387 4094 et
1419 4027 1528 4094 habitis

261 4130 460 4194 orationihus
482 4129 672 4214 placataque
694 4128 873 4194 Divinitate
896 4131 942 4194 sic
964 4130 1072 4194 omnia
1095 4129 1210 4194 debeat
1231 4130 1386 4196 ordinare
1408 4151 1528 4196 venera·

261 4232 380 4313 biliter,
403 4235 440 4295 ut
461 4230 542 4295 nihil
565 4230 650 4295 ultra
672 4235 839 4295 remaneat
860 4232 895 4295 in
917 4231 1114 4316 ambiguum.

346 4335 377 4398 2.
406 4333 438 4397 N
439 4332 508 4398 obis
524 4332 643 4397 etenim
657 4333 793 4416 ridetur,
817 4333 968 4417 quoniam
982 4332 1082 4397 Filius
1097 4333 1158 4397 Dei
1172 4333 1237 4397 riri
1252 4333 1416 4400 Dominus
1429 4337 1528 4400 noster

260 4436 356 4501 Jesus
384 4435 530 4502 Christus
558 4457 596 4499 ex
627 4435 753 4521 virgine
783 4435 887 4499 Maria
915 4439 1026 4518 natus,
1066 4457 1160 4520 quem
1192 4435 1364 4519 praedicat
1397 4456 1527 4501 summus

156 4518 479 4654 ¹fflt¹·ap0stolorum
500 4559 595 4603 carae
612 4559 754 4622 passum,
778 4541 865 4603 recte
887 4536 1005 4602 dicitur
1018 4559 1101 4601 unus
1126 4536 1160 4601 in
1172 4536 1337 4604 Trinitatc
1353 4530 1427 4604 cnm
1440 4537 1527 4603 Patre

332 4811 363 4878 ¹¹)
381 4809 417 4864 G¹
437 4814 611 4866 Cmtodolm
628 4810 646 4863 i.
660 4825 684 4863 e.
703 4808 805 4864 Christi
822 4826 923 4865 servus.
958 4810 1009 4864 Ed.
1029 4788 1218 4865 Chrhtodorus.

263 4901 312 4951 132
349 4895 368 4963 ¹)
386 4894 436 4950 Ed.
455 4894 562 4951 addunt
579 4914 623 4949 cor
640 4896 678 4966 (q.
697 4912 721 4951 e.
740 4897 837 4965 consul)
855 4896 904 4953 aut
921 4917 943 4951 υ.
962 4916 996 4963 c,
1016 4894 1092 4965 quod
1109 4895 1259 4963 utrumque
1279 4895 1361 4952 deest
1377 4896 1408 4953 in
1424 4898 1466 4953 G'.
