3204 5506
558 360 752 411 saissonis
777 354 827 412 11.
854 348 916 413 12.‘
1304 360 1365 426 153

59 510 187 596 mixtis,
215 512 256 578 in
282 513 513 598 praejudicium
527 536 630 599 suum,
653 516 737 581 sicut
759 541 886 584 annexa
900 520 1067 587 declarant
1074 525 1110 608 Ι),
1135 526 1292 610 quaedam
1307 552 1366 595 nos
1378 559 1402 593 a.
1417 548 1467 596 463

63 618 219 699 petente
244 616 352 681 fratre
372 620 405 681 et
426 619 612 704 coepiscopo
626 622 738 685 nostro
754 622 937 709 Auxamm)
959 625 1108 691 statuisse
1126 634 1363 717 commemorat,
1377 615 1462 665 ‘4⁶⁵

65 844 203 906 culpatus
228 836 342 893 dicitur.
377 837 521 908 Siquidem
541 856 593 910 pro
616 842 693 896 certo
716 843 808 912 ponit,
835 843 1005 913 provinciam
1027 846 1140 917 Alpium
1162 848 1364 905 maritimarum

69 922 248 991 antiquitus
266 923 319 978 sub
336 924 486 995 metropoli
503 926 659 980 Arelatensi
676 926 767 994 imese,
791 945 842 983 nec
860 929 911 983 nisi
930 947 963 985 ex
981 948 1031 985 sna
1048 949 1066 986 a
1083 932 1171 987 solida
1188 934 1364 991 Narbonensi

69 1006 224 1063 divisione
244 1007 360 1078 politica
377 1009 593 1066 eeclesiasticam
612 1012 666 1066 sibi
682 1013 909 1083 praerogativam
920 1016 1147 1086 praesumpsisse,
1166 1019 1216 1073 sed
1233 1021 1327 1074 statim
1346 1039 1364 1075 a

71 1092 194 1187 synodo
213 1092 349 1163 Regiensi
367 1111 440 1149 anno
458 1102 508 1151 439
525 1099 648 1152 retusam
667 1098 758 1153 luisse.
786 1099 889 1153 Veram
907 1100 968 1169 jam
984 1100 1126 1154 Ballerinii
1148 1101 1176 1156 in
1199 1102 1363 1159 doctissimis

52 1177 135 1258 ‚suis
155 1177 198 1232 ad
217 1176 298 1234 illem
315 1178 536 1235 dissertationem
555 1182 796 1237 observationibus
809 1184 840 1251 (L
843 1201 902 1239 ceu.
918 1185 1013 1255 Oppt
1016 1202 1068 1239 om.
1083 1187 1117 1251 ΙΙ,
1126 1193 1176 1242 993
1186 1191 1234 1256 ss)
1254 1188 1362 1243 eviden-

73 1266 123 1318 ter
142 1263 387 1331 demonstrarunt,
405 1264 474 1318 nihil
493 1266 527 1321 de
546 1267 696 1338 suppositis
708 1270 790 1336 stare,
809 1269 909 1323 cadere
921 1271 1063 1340 scrupulos
1075 1270 1139 1326 inde
1151 1271 1360 1341 subsequentes

74 1348 255 1403 Nimirum
246 1366 275 1403 m
294 1348 385 1404 Gallis
407 1349 480 1405 cuca
497 1352 581 1406 finem
598 1352 710 1407 denium
728 1354 830 1407 saccali
848 1354 886 1408 IV
912 1354 1060 1424 privilegia
1081 1357 1300 1425 metropolitane
1322 1376 1362 1414 se·

76 1433 211 1488 mundum
228 1432 346 1489 Nicaeni
369 1435 477 1489 concilii
500 1453 619 1492 canones
642 1437 770 1492 constitui
794 1440 823 1492 et
844 1438 963 1493 stabiliri
986 1441 1361 1510 coeptasant,utpalan1

77 1518 194 1573 fidunt
217 1518 341 1589 synodus
358 1518 508 1575 Valentino
525 1539 549 1576 a.
563 1527 613 1576 eu
635 1524 664 1576 et
687 1522 864 1577 Taurinensis
887 1523 949 1577 circ.
974 1542 1037 1579 ann.
1051 1531 1109 1578 400.
1151 1525 1228 1579 Haec
1250 1526 1360 1592 quidem

78 1603 212 1673 synodus
218 1602 399 1659 Taurinensis
412 1612 457 1658 ct
470 1605 851 1674 disceptantibusArelatensi
864 1608 1048 1663 ctViennensi
1058 1609 1093 1663 de
1105 1608 1153 1663 illa
1164 1612 1362 1679 praerogativa

79 1687 230 1759 episeopis
248 1690 325 1743 recte
341 1689 573 1759 proclamaverat,
597 1692 628 1743 ut
646 1697 690 1761 qui
706 1713 741 1747 es
759 1698 797 1746 eis
814 1697 987 1761 approbasset
1007 1713 1077 1747 suam
1094 1699 1219 1747 ciuitatem
1236 1714 1292 1748 esse
1310 1715 1361 1748 me·

78 1780 206 1843 trapetis·
226 1773 364 1842 (intellige
382 1780 587 1837 ecclesiasticen,
610 1792 674 1830 nam
694 1777 727 1830 de
747 1776 820 1830 civili
837 1776 906 1829 nihil
918 1776 995 1830 dubii
1014 1793 1073 1831 esse
1091 1778 1222 1846 poterat),
1245 1785 1267 1831 is
1286 1785 1362 1833 totiens

78 1865 239 1928 prodamus
248 1864 374 1927 primam
384 1863 504 1914 honoras
515 1863 642 1914 obtinent
653 1860 750 1927 (Hard.
762 1862 823 1916 coll.
838 1878 914 1916 conc.
925 1863 1021 1930 leae).
1049 1860 1127 1926 Quae
1138 1863 1237 1931 regula
1249 1863 1361 1918 omnino

77 1961 134 2015 pro
153 1942 356 1998 constituenda
372 1942 421 1998 illa
437 1944 636 2014 praerogativa
654 1946 801 2001 observata
819 1947 901 2002 faisse
919 1946 1036 2001 videtur.
1067 1945 1224 2001 Secundum
1237 1965 1298 2002 eam
1311 1948 1361 2016 igi·

78 2032 127 2083 tur
146 2030 178 2083 et
189 2027 399 2082 Ebredunensis
417 2029 540 2093 ecclesia,
559 2029 662 2100 quippe
679 2031 823 2099 religionis
840 2033 868 2085 in
881 2031 1024 2101 provincia
1034 2031 1145 2101 Alpium
1158 2032 1361 2087 maritimarum

79 2112 261 2184 metropolis,
280 2112 445 2184 dignitatem
464 2114 708 2185 metropolitanam
725 2116 817 2169 sortiri
836 2117 966 2171 debebat.
995 2117 1048 2170 Per
1061 2117 1174 2184 aliquod
1187 2120 1280 2171 tanuen
1292 2119 1361 2171 tem-

78 2219 132 2271 pus
151 2198 305 2254 Patroclus
322 2197 468 2269 episcopus
485 2199 654 2254 Arelatensis
672 2201 840 2255 auctoritate
858 2219 878 2255 s.
898 2201 998 2255 Zosimi
1016 2219 1107 2271 papae
1131 2203 1233 2255 abusus
1253 2202 1361 2270 justum

78 2285 215 2340 ordinem
235 2283 372 2349 turbavit,
391 2283 458 2352 jura
474 2301 540 2338 suae
558 2284 630 2339 sedis
652 2303 737 2355 supra
754 2284 868 2339 modum
886 2286 1044 2340 extendens.
1080 2288 1144 2340 Mox
1167 2288 1261 2340 autem
1284 2303 1361 2340 revo-

78 2370 159 2425 cavit
174 2388 197 2424 s.
212 2367 374 2423 Bomfaeius
392 2386 475 2439 papa,
493 2370 565 2423 hanc
581 2371 709 2439 regulam
732 2369 891 2439 generalem
909 2371 1096 2440 proclamans:
1121 2375 1191 2425 Natis·
1206 2378 1306 2426 evidetur
1323 2379 1361 2426 in-

78 2461 188 2524 coquita
204 2458 304 2522 synod
319 2460 463 2508 constitutio
477 2459 615 2519 Nicaenae,
634 2476 699 2526 quae
716 2462 753 2509 ita
770 2461 964 2525 praecipit
980 2477 1030 2525 per
1048 2477 1242 2526 unamquamque
1258 2462 1360 2525 prouin-

10 2548 13 2559 '
78 2548 147 2594 daur
163 2547 217 2607 jus
239 2544 450 2607 necropottranas
469 2546 581 2607 sinqutas
602 2544 695 2594 labere
718 2545 824 2606 debere,
858 2561 904 2595 nec
926 2547 1041 2610 cuiquam
1067 2546 1131 2594 duas
1154 2560 1210 2595 esse
1232 2547 1361 2609 subiectas

80 2624 186 2689 [Bonis.
207 2621 293 2693 epist.
307 2630 338 2679 ΙΙΙ
354 2642 382 2678 n.
396 2628 430 2692 1).
471 2622 550 2689 Quod
566 2625 640 2679 idem
664 2624 838 2679 confirmvit
855 2642 994 2680 successor
1012 2645 1033 2680 s.
1054 2625 1231 2693 Caelestinus,
1258 2626 1286 2680 in
1305 2625 1361 2696 epi-

80 2711 185 2765 stolas
205 2714 266 2763 md
284 2708 321 2763 ed
339 2708 482 2780 episcopos
499 2710 657 2781 provinciae
666 2708 829 2764 Viennensis
842 2713 871 2766 et
882 2711 1069 2765 Narbonensis
1085 2714 1226 2780 repetens:
1245 2718 1361 2778 utJ'rtata

78 2804 192 2851 decreta
211 2813 338 2849 canonum
353 2815 518 2865 unaquaeque
533 2801 667 2864 provincia
683 2815 729 2850 suo
747 2802 941 2864 metropolitana
959 2806 1078 2850 contenta
1095 2802 1129 2849 sit
1149 2836 1198 2856 ...‚
1223 2816 1269 2848 nec
1287 2816 1359 2849 asur·

77 2887 186 2951 patiani
202 2887 279 2934 lacus
295 2885 371 2934 aduri
386 2885 517 2934 sacerdoti
537 2885 564 2934 in
585 2885 690 2934 abecias
712 2887 868 2934 concedatur
890 2886 1018 2948 injreriam.
1056 2880 1135 2934 Tunc
1156 2880 1243 2948 igitur
1265 2881 1361 2934 statim

79 2964 298 3021 Ebredunensis
320 2964 435 3018 ecclesia
457 2964 623 3034 dignitatem
645 2965 681 3018 ab
704 2963 784 3019 initio
807 2965 859 3019 sibi
881 2967 1086 3035 competentem
1109 2964 1228 3033 repetiit.
1271 2963 1360 3029 Quam

79 3052 182 3123 paullo
200 3051 270 3121 post
287 3048 462 3120 impugnavit
479 3049 625 3120 episcopus
643 3050 811 3104 Arelatensis
829 3050 964 3104 memoria
982 3049 1102 3104 Patrocli
1120 3048 1254 3112 suffudtus
1274 3051 1303 3102 et
1319 3066 1361 3102 rc·

79 3155 150 3193 cera
168 3135 307 3207 episcopo
324 3133 500 3189 Amentario
519 3134 644 3204 deposito
663 3135 702 3197 (in
720 3153 778 3203 syn.
796 3134 926 3204 Regiensi
945 3151 970 3188 a.
983 3138 1043 3200 439)
1066 3134 1175 3188 noviter
1198 3132 1301 3188 electus
1319 3134 1360 3187 lu-

80 3240 194 3292 genum
212 3219 363 3291 privilegio
380 3236 429 3273 suo
445 3220 475 3273 in
486 3220 611 3274 favorem
622 3220 790 3274 Arelatensis
803 3220 883 3274 cessit
895 3222 939 3287 (ci.
955 3237 1012 3288 syn.
1028 3218 1149 3273 Arausio.
1163 3236 1187 3272 a.
1199 3224 1256 3284 441,
1275 3218 1359 3272 Leon.

80 3309 166 3379 epist.
172 3309 231 3373 66).
257 3304 340 3370 Quod
350 3305 424 3359 idem
441 3323 527 3374 quum
543 3305 573 3359 in
590 3305 660 3360 alios
672 3320 782 3373 qnoque
794 3304 987 3374 metropolites
998 3305 1161 3372 usurpatum
1174 3305 1283 3368 assate
1286 3303 1360 3357 Leo

80 3410 162 3466 papa
178 3389 297 3456 restitit,
319 3392 349 3445 et
365 3388 495 3460 episcopo
513 3390 661 3460 Aquensi
654 3409 682 3443 in
699 3389 842 3460 provincia
859 3389 1033 3443 Narbonensi
1056 3387 1176 3442 secunda
1193 3387 1361 3478 dignitatem

80 3478 239 3535 resm'tusem
255 3473 427 3545 generaliter
438 3474 536 3530 edixit:
557 3478 745 3530 Ordinationem
761 3478 839 3529 sibi.
848 3481 959 3543 singuli
975 3479 1164 3541 metropolitani
1179 3492 1282 3527 suarurn
1297 3494 1360 3541 pro·

79 3570 263 3619 aheim..
273 3566 411 3619 .restituto
427 3564 476 3614 eibi
489 3580 541 3628 per
557 3579 604 3614 nas
615 3564 838 3628 jaredesendant
863 3565 1008 3613 Alienum'
990 3579 1038 3625 Jus
1056 3565 1122 3611 atter
1138 3562 1188 3612 sibi
1205 3579 1254 3613 non
1266 3564 1360 3613 audeat

81 3649 528 3704 mammaemammal
546 3651 659 3699 terminis
675 3650 709 3698 sit
730 3650 898 3714 unusquisqne
920 3654 1063 3706 contentus,
1087 3654 1113 3696 et
1135 3648 1291 3712 privileqtum
1312 3648 1362 3698 sibi

80 3739 195 3789 debitum
214 3737 242 3785 iu
261 3737 336 3785 aliam
353 3736 498 3798 transferre
514 3750 543 3784 se
559 3750 637 3799 posse
655 3735 752 3785 nacerat
770 3749 819 3783 non
837 3735 922 3782 licere.
950 3732 1023 3794 Quod
1038 3734 1137 3797 siquis,
1156 3734 1285 3798 neptiqens
1298 3749 1359 3798 apo·

78 3826 192 3875 delicus
210 3822 366 3879 saumones,
383 3822 440 3884 ptus
456 3821 559 3884 gratias
577 3819 691 3870 tribuens
706 3819 845 3883 personati,
864 3820 904 3868 sai
919 3819 1022 3868 nonoris
1040 3819 1160 3868 desertor
1177 3832 1232 3867 esse
1244 3820 1360 3880 coluerit,

78 3908 248 3974 fflteqtm
265 3920 337 3956 suum
352 3907 379 3954 in
396 3906 472 3954 adum
488 3905 635 3968 transferre
656 3919 733 3969 posse
754 3919 782 3953 se
805 3904 927 3966 credens,
950 3918 999 3952 non
1022 3904 1044 3952 is
1066 3904 1107 3952 cui
1128 3904 1246 3960 cesserit,
1269 3904 1318 3953 scd
1339 3905 1361 3953 is
1444 3952 1448 3961 ,

79 3997 126 4062 qra'
142 3996 220 4044 intra
239 3991 396 4056 pronianum
417 3990 570 4055 antiquitate
593 3991 734 4054 epncopati
753 3995 853 4039 ceteros
874 3990 1007 4051 praeuenit
1032 3989 1193 4046 sacerdotes,
1224 3988 1363 4038 ordinandi

77 4080 131 4130 sibi
146 4077 266 4128 uindicet
282 4078 452 4139 potestatem‘⁴
470 4070 564 4137 (Iseon.
584 4069 663 4140 epist
678 4075 708 4124 10
726 4088 748 4123 c.
763 4073 797 4137 6).
839 4069 912 4122 Num
930 4069 1078 4138 praeterea
1099 4067 1172 4122 idem
1195 4086 1216 4121 s.
1234 4067 1360 4137 pontifex

76 4158 202 4231 speciffi
225 4155 389 4226 episcopum
409 4154 637 4210 Ebredunensem
659 4155 740 4224 hujus
766 4153 955 4223 negligentiae
982 4169 1098 4207 censura
1123 4153 1274 4218 notaverit,
1305 4171 1360 4207 non

77 4247 180 4315 liquet
210 4241 319 4297 Verum
331 4241 392 4310 jam
409 4258 443 4296 ex
461 4239 542 4295 dicas
558 4239 625 4294 sads
642 4242 729 4311 patet,
748 4239 887 4307 quomodo
905 4240 958 4293 hoc
975 4239 1038 4293 loeo
1056 4238 1201 4308 episcopus
1212 4238 1259 4291 ille
1272 4237 1361 4307 digni-

78 4334 141 4387 uie
158 4325 388 4397 metropolitana
407 4345 509 4394 semper
525 4328 648 4380 saturans
670 4326 699 4379 et
721 4325 780 4392 ejus
801 4331 890 4379 illicita
913 4331 1027 4379 cessione
1050 4329 1142 4378 dudum
1164 4327 1196 4376 ab
1218 4329 1362 4400 apostolica

75 4423 141 4472 sede
159 4421 289 4483 alpem
306 4410 361 4465 diei
377 4409 472 4480 possit.

148 4503 172 4569 ⁴)
193 4498 241 4553 na
262 4496 383 4551 Pe⁸e¹¹.
412 4495 450 4550 At
466 4495 530 4567 A¹d
549 4501 694 4565 deplorant,
713 4495 741 4549 a'
759 4500 875 4548 declarat
894 4500 1058 4563 querirnonia.

146 4588 172 4654 ⁸)
193 4587 222 4638 a¹
244 4586 384 4636 Auxuma.
424 4580 503 4635 Hunc
526 4580 686 4651 episcopum
708 4582 865 4649 Aquensem
887 4579 971 4633 fuisse
998 4580 1137 4648 conjectat
1159 4578 1361 4645 Tillemontius,

75 4690 130 4729 nec
147 4664 386 4740 improbabiliter
403 4665 553 4733 existimat,
571 4682 633 4720 cum
651 4665 795 4720 occasione
814 4665 969 4734 legationis,
988 4682 1072 4732 quam
1090 4676 1162 4718 anno
1175 4669 1224 4717 452
1244 4665 1361 4718 exeunte

74 4757 152 4813 obiit
170 4752 316 4824 cnjusque
333 4750 459 4806 meminit
475 4750 586 4818 Hilarus
604 4751 715 4821 epist8
732 4769 758 4804 n.
775 4759 796 4816 l,
823 4750 999 4820 privilegimn
1016 4749 1089 4803 istud
1108 4749 1266 4815 obtinuisse,
1287 4749 1361 4817 quod

74 4859 152 4896 nanc
176 4838 261 4893 idem
282 4852 361 4906 papa
382 4835 441 4907 ipse
457 4841 602 4905 subreptum
620 4836 754 4906 agnoscit.
798 4836 895 4904 Neque
913 4837 1038 4888 recentes
1056 4836 1121 4888 snnt
1137 4833 1296 4901 hujusmodi
1314 4832 1361 4886 ob-

74 4926 239 4999 reptiones,
263 4936 319 4976 nee
331 4919 467 4989 judicium
484 4922 519 4978 de
536 4920 570 4977 iis
586 4939 709 4990 unquam
726 4921 848 4976 dubium.
872 4920 913 4975 De
931 4919 1060 4985 Basilide,
1079 4918 1127 4987 qui
1140 4919 1215 4988 juste
1233 4918 1357 4987 dejectus
