3224 5506
516 400 731 452 annonarum
756 395 901 454 12—15.
1290 394 1353 458 491

52 550 182 622 dietus
216 559 364 643 pontifex
396 559 522 624 noverit
554 579 624 623 esse
653 559 885 644 eoncessam2),
919 565 1076 645 quatenus
1105 563 1189 646 apud
1212 564 1354 647 judicem

57 660 270 737 provinciae
293 659 448 726 atrocium
470 660 661 746 injuriarum
683 664 816 746 quaerat
837 664 1055 748 propositione
1077 664 1261 730 vindictam.

533 865 813 970 Fragmentum
841 869 894 952 15.

10 981 57 1041 ⁸3·
111 1004 149 1055 Ut
170 1009 204 1058 de
223 1007 332 1072 objectis
350 1008 457 1058 diacono
474 1007 620 1058 Veuuiauae
638 1007 748 1057 ciuitatis
765 1010 895 1059 calumniis
906 1009 1031 1072 jacaicimu
1049 1011 1183 1061 instituant
1200 1018 1224 1061 et
1243 1012 1320 1077 difflua

595 1095 689 1143 uitione
707 1094 840 1143 uiuaiiceut.

239 1209 425 1274 (talasius
446 1209 631 1296 Rufino¹)
653 1213 691 1273 et
712 1208 829 1274 Justo
852 1210 1062 1295 episcopis.

171 1328 328 1393 Honorati
355 1332 388 1393 et
408 1329 552 1414 primarii
574 1328 757 1393 Verulanae
786 1327 925 1394 civitatis
957 1309 1072 1393 fusius¹
1085 1331 1178 1395 nobis
1205 1333 1353 1416 precibus

99 1431 321 1516 supplicarunt,
344 1430 429 1496 sieut
450 1431 586 1496 habetur
607 1432 642 1496 in
665 1431 811 1515 subditis,
835 1432 949 1516 quibus
972 1432 1068 1496 etiam
1087 1433 1354 1518 subscriptionem

103 1534 248 1619 propriam
270 1534 521 1618 commodarunt,
544 1555 578 1599 se
601 1535 642 1598 ab
658 1533 798 1618 Agnello
821 1533 955 1598 ‹liaeorm
977 1534 1068 1618 gravi
1089 1535 1354 1600 contumeliarum

107 1646 205 1710 maere
224 1635 323 1701 fuisse
345 1638 539 1720 maceratos,
563 1638 601 1701 ut
623 1638 720 1700 etiam
742 1657 812 1700 reos
820 1636 846 1721 ²)
868 1636 1017 1720 perjurii,
1042 1636 1125 1701 sicut
1146 1637 1208 1720 ipsi
1231 1637 1352 1722 dictant,

105 1747 133 1797 Se
151 1740 288 1803 asserant
310 1737 493 1803 inclinatos.
539 1738 583 1803 Et
605 1738 692 1821 ideo,
726 1739 843 1802 fratres
872 1739 1044 1821 carissimi,
1079 1740 1252 1803 secundum
1274 1741 1353 1824 peti-

101 1826 277 1904 unitioni
298 1839 483 1924 supradicto
504 1840 639 1905 diacono
662 1840 860 1904 silvestrum
879 1840 1046 1924 judicium,
1070 1841 1259 1906 imminente
1274 1843 1354 1907 Imu-

92 1942 196 2006 renuo
215 1940 378 2007 Romanae
402 1940 553 2007 eeclesiae
582 1943 765 2025 defensore,
799 1965 872 2006 mox
901 1943 1052 2027 deducto,
1088 1944 1231 2008 veritatis
1254 1967 1353 2010 asser-

82 2030 180 2106 tione
203 2044 343 2109 discussa
372 2046 400 2110 si
428 2046 609 2110 constiterit
632 2045 836 2130 integrita83)
858 2045 1119 2129 supplicantium,
1150 2048 1205 2110 aut
1226 2047 1353 2112 intenta

68 2131 200 2211 doceat
219 2146 382 2229 diaeonus,
406 2151 462 2211 aut
483 2148 521 2210 ‹le
544 2150 612 2231 ejus
633 2147 842 2230 protervitate
857 2147 1010 2212 noveritis
1026 2169 1094 2212 esse
1111 2148 1352 2213 vindicandum:

62 2249 242 2317 luamnus
271 2248 310 2313 (le
338 2249 438 2314 tantis
467 2249 647 2314 excessibus
674 2252 867 2316 memoratae
895 2250 1059 2334 improbae
1082 2251 1273 2315 temeritatis
1301 2274 1352 2315 ex·

55 2406 390 2434 X—

80 2607 89 2616 ·
154 2538 181 2606 ²]
197 2539 264 2594 Galli
282 2538 397 2594 clericos
412 2539 519 2608 judicia
534 2538 648 2609 publiea
665 2556 713 2593 scu
729 2540 883 2594 saecularia
894 2539 1049 2594 inconsulto
1061 2556 1094 2593 ae
1106 2557 1161 2594 non
1173 2543 1353 2610 permittente

48 2624 217 2694 ‘lescopo
237 2626 386 2679 vetuerunt
407 2626 546 2694 expetere.
584 2624 662 2679 istud
684 2625 848 2680 nominatim
871 2641 944 2680 anno
961 2630 1012 2679 ios
1033 2623 1063 2678 in
1086 2625 1200 2681 concilio
1218 2625 1353 2682 Venetieo

50 2709 68 2745 ⁰·
86 2700 131 2749 9
171 2709 374 2765 constituerunt:
398 2716 498 2764 clericis
515 2714 565 2764 uisi
581 2729 616 2763 eu
635 2716 761 2778 perusinae
780 2717 956 2779 cpiscoporum
973 2730 1073 2765 cuorum
1091 2717 1235 2765 saecularia
1252 2717 1354 2778 judicia

51 2779 170 2843 aifre
185 2815 228 2848 nou
245 2801 329 2851 liceat.
365 2794 396 2848 Id
414 2793 506 2864 ipsum
524 2796 553 2847 et
570 2795 654 2849 antea
671 2811 744 2849 anno
762 2802 811 2849 453
830 2794 858 2848 in
875 2794 1070 2865 Andegavcnsi
1085 2796 1200 2851 concilio
1214 2799 1353 2865 caverant,

52 2858 84 2951 tl,
112 2880 234 2939 naua
254 2879 284 2934 in
306 2878 498 2934 Aurelianensi
520 2879 559 2933 III
582 2898 605 2933 c.
623 2887 655 2933 32
678 2897 711 2934 ue
732 2878 858 2950 pluribus
882 2879 942 2934 aliis
965 2881 1117 2935 firmarunt.
1158 2880 1293 2945 Quocirca
1313 2882 1354 2935 nil

55 2958 201 3044 mimum,
221 2964 402 3020 siitomanns
426 2963 541 3020 antistes
563 2963 700 3034 episeopis
722 2964 820 3019 ltaliae
841 2964 894 3019 sibi
912 2965 1044 3034 subjectis
1060 2964 1089 3019 id
1111 2965 1292 3035 permittendi
1306 2968 1353 3037 jas

59 3024 131 3088 ”bl
167 3050 287 3119 amarit,
305 3068 338 3105 ac
355 3069 428 3106 niune
440 3049 567 3106 Gelasius
579 3049 717 3120 Salpinati
735 3049 865 3119 episcopo
884 3050 921 3104 ad
934 3049 1059 3118 J'udieem
1076 3049 1219 3120 publicum
1232 3052 1353 3106 aulemrdi

60 3115 255 3202 iteratam
272 3135 417 3194 concedat.
448 3136 560 3201 Quanta
577 3136 671 3191 atatem
688 3132 836 3190 sonoritate
854 3135 915 3189 Al'ri
932 3135 1080 3204 episcopie,
1097 3135 1270 3204 presbyteris
1282 3139 1352 3191 ceto·

60 3211 182 3332 xque
197 3220 301 3277 clericis
320 3220 428 3290 judicia
449 3219 562 3292 publica
585 3219 791 3287 interdixerint,
815 3219 896 3274 docet
916 3219 1045 3288 vulgatus
1064 3219 1150 3274 codex
1169 3237 1265 3275 canon.
1285 3223 1350 3277 eccl.

88 3291 174 3357 rio.
190 3322 211 3361 c.
225 3313 255 3362 15
268 3307 298 3360 ei
312 3313 368 3360 iot.

63 3386 87 3434 ¹5
162 3409 178 3476 ¹)
194 3407 257 3464 (lod.
276 3408 445 3463 Laborantis
464 3412 580 3463 Martiae
598 3420 623 3462 et
640 3414 721 3467 deusto.

159 3509 235 3577 ulta
252 3510 296 3565 T‘.
327 3508 404 3564 Ediii
421 3531 472 3565 res.

159 3610 249 3677 ')lioe
273 3611 386 3683 quidem
407 3612 500 3684 ipsum
523 3612 669 3667 coucilimn
692 3612 914 3669 Calelredonense
938 3633 960 3668 e.
979 3622 1010 3666 ‘tl
1034 3614 1068 3667 de
1091 3613 1215 3682 personis
1238 3615 1352 3670 clericos

59 3664 284 3753 lmeuentibus
303 3699 428 3753 caverat:
446 3703 559 3753 tiericus
571 3709 616 3752 aut
629 3704 720 3758 laicos,
740 3696 878 3765 inquiens,
896 3709 1045 3753 accusantes
1063 3705 1198 3768 episcopos
1215 3710 1259 3753 aaut
1277 3707 1350 3755 cleri·
1398 3770 1402 3777 ,

59 3769 127 3854 eff·
160 3789 249 3849 meum
266 3795 293 3837 ct
309 3788 365 3837 siue
385 3787 539 3852 probatione
557 3789 593 3837 aii
609 3789 793 3837 (accusationem
811 3791 893 3851 recipi
910 3805 960 3839 uuir
978 3787 1083 3844 debere,
1107 3790 1157 3838 miei
1175 3791 1249 3852 priua
1267 3805 1352 3840 courum

60 3842 236 3921 &comm
253 3874 449 3924 existimationis
466 3874 561 3937 opinio.
597 3869 725 3922 Pluribus
743 3868 777 3921 de
796 3869 893 3923 eadem
912 3885 942 3922 rc
961 3868 1047 3923 codex
1066 3886 1202 3923 canonum
1220 3869 1351 3925 ecclcsiae

60 3919 228 4007 tfrimnae
247 3969 270 4007 e.
288 3959 337 4008 128
355 3954 384 4008 et
401 3959 449 4007 129
468 3954 537 4023 (syn.
553 3953 605 4008 Vll
623 3953 754 4022 carthag.
769 3971 791 4007 o.
808 3957 863 4008 let
875 3957 901 4022 2)
920 3953 993 4022 agii:
1025 3959 1160 4021 Definimus
1178 3975 1232 4009 cum
1249 3961 1298 4009 rite
1317 3962 1353 4010 ad

60 4026 267 4104 &Quianam
289 4036 356 4106 (scil.
376 4041 535 4107 clericorum)
554 4045 731 4101 moneamini,
757 4038 805 4108 qui
826 4051 993 4109 posteaquam
1014 4045 1241 4094 caccemmuaicatus
1261 4044 1350 4106 suerit,

60 4107 78 4144 ¹⁸
106 4111 186 4180 iDia
200 4128 282 4178 auuuc
299 4129 555 4179 excommunicatione
573 4131 735 4185 constitutas,
753 4130 805 4178 siue
823 4131 856 4177 sii
874 4130 982 4178 ciericas
993 4129 1046 4178 siue
1063 4131 1156 4187 laicus,
1175 4144 1297 4178 accusare
1309 4145 1351 4179 oo-

142 4206 171 4257 't
197 4211 259 4262 Item
275 4215 386 4278 placuit,
404 4221 431 4263 ut
448 4229 533 4264 caumes
550 4215 618 4264 serui
634 4218 672 4264 oet
687 4215 791 4278 proprii
808 4213 894 4263 liberti
910 4215 946 4264 aad
957 4215 1142 4264 accamatiouem
1154 4229 1203 4263 uoa
1216 4215 1350 4263 admittan-

117 4318 133 4337 ·
169 4298 202 4346 uei
221 4312 319 4358 omues,
343 4314 406 4363 quos
428 4300 464 4349 ad
484 4301 630 4349 accusanda
654 4299 758 4364 publiea
780 4301 885 4348 munina
908 4303 976 4361 tepea
997 4299 1113 4362 publicae
1137 4314 1185 4348 auu
1207 4299 1348 4348 adimittuut.

151 4393 179 4429 ec
192 4384 263 4433 etia·
283 4383 404 4456 ipsasmet
427 4385 531 4434 mealia
553 4389 666 4449 asperet,
690 4386 718 4434 ui
739 4393 777 4434 est
800 4385 936 4434 iistrtouca
954 4400 985 4432 uc
1003 4383 1201 4447 turpitudinibus
1218 4382 1350 4446 subjectae

65 4450 222 4532 ”utinm
238 4467 364 4519 λιποῦσι·
380 4471 463 4527 etiam,
480 4470 533 4519 siue
550 4472 653 4534 papatui,
671 4470 724 4519 stuc
741 4470 843 4520 iuducet.
879 4468 933 4518 Sed
953 4477 1033 4517 tamea
1052 4467 1175 4526 erunibus,
1199 4468 1289 4534 quitur
1307 4485 1349 4518 ac·

67 4536 185 4611 5⁸⁸⁶&
195 4553 345 4620 denegatur,
363 4554 390 4603 iu
407 4557 492 4605 causis
508 4556 623 4619 propitia
639 4555 779 4604 accusandi
795 4555 897 4603 ticcutta
914 4569 964 4601 uon
977 4560 1016 4602 est
1027 4555 1185 4617 deuepauda.
1216 4547 1350 4603 Similiter

70 4618 148 4673 Μ
171 4632 302 4687 mneilium
320 4634 346 4688 Π
364 4632 583 4705 carthaginense
606 4654 678 4692 anno
696 4642 746 4690 390
764 4652 823 4689 ean.
843 4640 858 4687 6
881 4634 1029 4688 statuerat:
1059 4640 1192 4689 Geuectius
1214 4640 1350 4704 episcopua

75 4694 177 4763 Νι·
192 4723 269 4784 uiam
285 4738 348 4788 erpo
366 4724 473 4774 caritati
488 4733 601 4783 uestrae,
625 4733 652 4775 ut
669 4726 691 4775 is
709 4728 752 4790 qut
768 4725 893 4790 aliquibus
910 4724 1047 4774 sceleribus
1064 4726 1179 4775 irretitus
1197 4731 1248 4782 est,
1266 4739 1349 4775 vocem

79 4783 209 4893 Μ
224 4809 479 4872 criminaremur
498 4809 590 4860 babeat
607 4811 763 4860 accusandi?
793 4809 974 4858 Atuatuca-sa
992 4811 1120 4874 episcopis
1138 4811 1300 4859 dictumest:
1326 4813 1351 4859 si

63 4272 108 4315 iav-

83 4873 231 5018 w
246 4899 297 4959 eat,
315 4901 344 4945 ut
354 4909 405 4945 uou
416 4896 578 4958 aduuattatur,
597 4895 707 4946 omuibus
724 4896 818 4962 piacet.
849 4890 919 4945 Hinc
930 4888 1017 4996 igitur
1030 4889 1108 4961 justa
1118 4889 1257 4962 pontificis
1267 4907 1371 4960 prae.
