3204 5506
617 368 787 418 errarem
811 361 841 418 3.
1310 361 1369 425 181

84 526 257 612 sanguine
280 526 461 612 manibus⁵)
488 546 555 590 non
582 523 692 588 divina
725 523 883 588 sacrificia
911 524 966 589 sed
994 526 1166 612 sacrilegia
1195 518 1372 595 celebrasse
1385 547 1479 596 arro.

84 632 303 694 memoratur.
338 628 376 694 ln
398 649 460 713 quo
487 625 596 711 utique
623 645 690 690 non
712 626 781 709 ejus
803 630 852 690 est
874 627 1001 690 firmata
1023 630 1194 713 susceptio,
1218 631 1273 695 sed
1297 653 1370 697 con·
1402 642 1405 647 '

86 732 236 796 sciorum
267 730 433 816 divulgata
460 728 599 813 proditio
628 749 700 793 cum
722 727 832 792 eodem
855 728 893 792 de
915 729 972 793 illa
994 729 1175 814 iniquitatis
1198 732 1282 816 sede,
1307 734 1370 799 nisi

87 833 303 918 resipiscant,
327 830 541 918 omnimodo⁶)
565 852 758 914 casurorum,
782 851 877 914 quam
899 830 983 895 sicut
1005 831 1150 896 diabolus
1172 837 1266 917 pater
1288 836 1368 918 ejus,

85 935 265 1001 Altissimo
287 934 423 1000 similem
445 933 635 1017 refaciens,
664 936 829 997 aeternam
851 933 912 998 sibi
935 933 1073 1018 perfidus
1098 938 1280 1000 construere
1302 958 1368 1002 non

84 1036 214 1102 desinit
235 1037 277 1101 ad
298 1037 433 1102 ruinam.

175 1137 211 1203 4.
234 1137 327 1204 Haec
348 1138 540 1204 venerabilis
562 1139 747 1223 imperator,
771 1159 867 1222 quum
882 1137 1012 1203 horreat
1027 1138 1153 1202 animus
1176 1140 1225 1203 vel
1241 1161 1260 1204 a
1275 1143 1367 1205 tanto

83 1239 277 1327 gladiatore
297 1240 396 1306 fuisse
423 1244 560 1325 tentata,
591 1241 730 1305 maximo
758 1243 878 1323 tamen,
907 1240 1022 1323 fateor,
1051 1245 1181 1325 stupore
1210 1242 1365 1327 detineor,

82 1343 150 1406 sub
171 1345 303 1407 vestrae
322 1341 454 1428 pietatis
476 1343 681 1427 adspectibus
707 1342 846 1426 potuisse
870 1342 1036 1406 committi.
1066 1342 1142 1418 uuis
1166 1343 1251 1407 enirn
1274 1343 1366 1409 dero-

80 1449 156 1509 tam
179 1465 310 1529 semper
323 1445 392 1510 Deo
412 1444 601 1511 clementiae
621 1449 747 1513 vestrae
768 1446 909 1508 mentem
932 1447 964 1508 et
986 1444 1169 1509 orthodoxis
1192 1444 1366 1532 deditaml)

79 1547 214 1633 regulis
236 1549 294 1611 aut
315 1547 444 1633 ignoret
465 1551 522 1612 aut
543 1546 713 1632 ambigat?
755 1546 880 1630 Quippe
902 1546 956 1630 qui
979 1567 1136 1630 supernae
1158 1546 1366 1629 dispositione

79 1648 316 1734 providentiae
337 1648 420 1713 sicut
440 1670 499 1733 pro
521 1650 665 1714 utilitate
687 1648 816 1733 publica
839 1651 994 1732 augustae
1016 1648 1188 1712 memoriae
1206 1647 1365 1712 Marciani

78 1751 217 1835 pariter-
234 1754 271 1814 et
290 1749 406 1831 leonis
429 1751 546 1816 eruditi
567 1750 755 1833 virtutibus,
779 1750 826 1814 sic
849 1771 957 1813 eorum
979 1750 1049 1814 sitis
1073 1750 1170 1814 etiam
1193 1750 1233 1814 ar]
1257 1751 1364 1814 catho-

76 1853 181 1918 licam
207 1852 379 1917 veritatem
401 1851 547 1917 sensibus
569 1853 726 1936 instituti,
753 1874 814 1918 nec
836 1852 982 1936 cuiquam
1005 1851 1135 1915 omnino
1158 1853 1200 1915 sit
1222 1851 1363 1934 dubium,

76 1953 249 2040 pietatem
271 1953 508 2018 tnamillorum
531 1975 600 2018 esse
622 1954 695 2019 fidei
718 1974 897 2038 sequacem,
921 1963 1054 2038 quorum
1076 1974 1109 2016 es
1131 1975 1294 2018 successor
1307 1955 1364 2018 im·

74 2056 175 2142 perii.
218 2054 311 2132 Quae
333 2078 430 2141 quum
451 2055 491 2120 de
513 2059 638 2121 vestrae
659 2055 905 2141 tranquillitatis
928 2055 1036 2119 animo
1056 2058 1143 2118 certa
1159 2055 1200 2118 ab
1215 2055 1363 2120 omnibus

73 2161 268 2225 teneantur
288 2160 321 2222 et
342 2157 417 2241 fixa,
441 2157 536 2241 absit,
559 2160 596 2222 ut
617 2159 813 2243 temporibus
829 2157 942 2222 vestris
958 2157 1058 2220 divini
1074 2156 1177 2220 cultus
1192 2157 1364 2241 integritas

69 2265 106 2327 et
128 2258 325 2344 antiquius
339 2260 489 2324 roborata
504 2258 579 2323 fidei
594 2260 772 2325 catholicae
787 2262 917 2343 putetur
931 2258 1168 2342 interpellanda
1183 2258 1361 2324 sinceritas.

68 2361 268 2448 Respicite,
298 2382 425 2446 quaeso,
456 2361 497 2426 ad
524 2360 634 2426 divina
662 2362 834 2445 beneficia,
865 2365 898 2424 et
931 2382 1012 2444 quae
1035 2361 1101 2424 sint
1122 2360 1212 2424 vobis
1246 2361 1363 2425 collata

65 2462 292 2550 perpendite,
316 2467 411 2548 atque
433 2466 469 2527 ut
490 2462 571 2528 haec
588 2485 741 2548 prospera
755 2464 887 2528 valeant
901 2483 1100 2546 permanere,
1123 2463 1363 2547 propitiandum

64 2590 142 2632 ease
183 2568 322 2632 censete
353 2567 515 2630 auctorem
542 2566 699 2649 muneris,
733 2588 799 2630 non
827 2563 1026 2629 laedendum.
1082 2563 1173 2628 Inter
1205 2566 1364 2650 quaslibet

60 2670 164 2735 enim
199 2667 433 2752 occupationes
460 2668 605 2752 publicas
638 2691 657 2733 a
686 2667 835 2752 religioso
865 2666 1010 2750 principe
1032 2687 1229 2751 magnopere
1251 2689 1362 2751 procu-

61 2771 222 2837 randum
248 2772 309 2852 est,
333 2768 417 2853 quod
439 2768 507 2853 ejus
529 2770 672 2855 protegit
693 2769 921 2854 principatum,
951 2771 984 2832 et
1004 2767 1216 2852 praeferenda
1239 2770 1362 2833 cunctis

58 2875 175 2940 rebus
201 2875 258 2937 est
279 2870 425 2937 coelestis
447 2871 671 2937 observantiae
692 2871 860 2954 rectitudo,
891 2870 961 2934 sine
983 2892 1046 2954 qua
1068 2873 1155 2935 recte
1177 2870 1266 2935 nulla
1289 2893 1361 2935 cou-

33 2977 215 3042 ‘eistrmt
247 3002 250 3007 ·

162 3077 201 3143 5.
250 3074 436 3160 Suppetunt
457 3076 581 3140 affatim
608 3076 796 3140 clementiae
818 3079 904 3160 tuae,
932 3074 958 3138 si
981 3074 1016 3138 iu
1038 3074 1152 3157 palatii
1174 3074 1222 3138 sui
1244 3075 1362 3158 requiri

60 3177 221 3246 mandet
244 3177 396 3261 archivis,
427 3200 499 3243 cum
520 3181 708 3242 'nostrorum
736 3177 884 3242 coeuntia
913 3175 1099 3241 definitione
1125 3177 1282 3257 majorum
1308 3176 1361 3239 do-

61 3282 239 3348 cumenta
266 3280 405 3364 copiosa.
449 3278 562 3364 Neque
588 3280 674 3345 enirn
697 3278 926 3343 conscientiam
949 3282 1087 3342 vestram
1109 3278 1209 3341 latere
1233 3277 1361 3341 creden-

61 3385 153 3449 dum
183 3384 250 3465 est,
274 3402 356 3466 quae
378 3402 436 3466 per
459 3384 591 3446 cunctas
612 3381 795 3466 provincias
811 3379 953 3446 Orientis
977 3401 1015 3443 ex
1037 3380 1163 3464 imperii
1175 3379 1272 3443 vestri
1288 3401 1361 3444 arce

62 3487 202 3552 diffusa
226 3487 320 3549 sunt:
343 3483 400 3548 illa
422 3484 556 3566 scilicet,
580 3505 661 3569 quae
682 3483 733 3547 vel
756 3483 796 3546 ad
825 3485 981 3567 augustae
1009 3481 1181 3546 memoriae
1203 3481 1362 3546 Marciani

63 3586 299 3656 nihilominus
321 3589 355 3650 et
375 3584 492 3650 Leonis
514 3585 600 3670 vell)
623 3586 664 3649 ad
686 3584 960 3658 Calclrcdonensis
980 3584 1107 3649 concilii
1130 3586 1243 3649 beatae
1259 3606 1361 3649 recor·

64 3689 229 3756 dationis
259 3687 484 3772 praedecessor
510 3708 599 3751 meus
627 3687 691 3751 Leo
721 3686 867 3752 consulta
896 3686 1028 3751 direxit:
1060 3688 1174 3771 quibus
1197 3687 1244 3751 ita
1267 3686 1361 3770 plene

65 3799 182 3878 atque
211 3787 352 3854 dilucide
384 3792 621 3855 sacramentum
654 3788 832 3853 dominicae
865 3788 1098 3853 incarnationis
1132 3788 1292 3872 exposuit,
1325 3792 1361 3851 ut

66 3917 144 3961 non
171 3890 272 3956 modo
301 3890 488 3975 catholicus,
522 3890 577 3955 sed
599 3912 641 3955 ne
664 3889 867 3956 Christianus
889 3889 1016 3975 quidem
1038 3890 1146 3954 valeat
1168 3890 1358 3974 nuncupari,

68 3993 232 4082 quisquis
259 3993 327 4058 illic
355 3996 389 4058 et
409 3992 637 4077 redemptionis
667 4014 741 4057 suae
771 4014 882 4057 causas
909 4015 975 4057 non
1003 3992 1166 4057 evidenter
1193 3995 1358 4077 agnoscat.

17 4088 24 4095 ¹
69 4100 181 4166 Certe
202 4098 244 4161 ut
263 4094 424 4191 faciliusl)
453 4095 543 4159 vobis
566 4094 747 4159 necessaria
769 4116 835 4159 non
863 4094 946 4159 desit
967 4095 1147 4176 instructio,
1178 4093 1359 4158 earumdem

70 4197 284 4283 exemplaria
312 4196 493 4262 litterarum
530 4196 570 4261 ad
597 4197 731 4260 fratrem
759 4198 792 4259 et
819 4197 1039 4281 coepiscopum
1068 4218 1172 4260 meum
1206 4195 1360 4259 Acacium

147 4422 173 4487 ⁸)
191 4418 259 4474 Non
277 4417 352 4486 quod
370 4416 517 4472 novissime
535 4417 621 4472 ullam
640 4417 753 4473 caedem
770 4419 947 4488 perpetrasse
962 4418 1082 4484 (licetur,
1101 4416 1150 4471 sed
1168 4416 1243 4484 quod
1260 4432 1358 4471 manna

72 4507 147 4562 olim
168 4503 199 4558 in
219 4501 342 4558 Proterii
359 4518 425 4557 nece
443 4501 600 4557 sordidatas
618 4501 694 4557 nulla
711 4518 803 4571 poena
820 4501 959 4557 abluisset.

148 4589 240 4657 ⁶)1ra
257 4587 302 4643 θ’.
338 4587 414 4642 Editi
431 4593 568 4643 omnimode
587 4607 700 4642 casuros.
735 4587 800 4640 Mox
818 4598 947 4642 netarum
966 4589 1084 4641 refertur
1103 4587 1138 4641 ud
1156 4593 1260 4641 urinum.

147 4678 172 4743 ¹)
192 4672 267 4728 Eum
279 4671 399 4727 maxime
413 4675 541 4735 Zraoar'de
553 4679 662 4741 corpupe
673 4693 721 4726 sua
732 4679 854 4726 adversus
866 4677 1025 4727 orthodoxos
1036 4678 1157 4726 incitante
1169 4677 1256 4726 bellum
1268 4681 1359 4727 contra

67 4768 154 4829 fldem
172 4777 278 4813 nouere
296 4762 419 4826 coepisse,
438 4756 600 4813 Theodorus
617 4758 706 4813 lector
718 4758 743 4812 h.
760 4758 810 4812 e.l
829 4758 882 4825 (cd.
896 4757 986 4812 Vales.
1006 4773 1071 4826 pag.
1085 4761 1145 4826 556)
1164 4758 1289 4812 testatur.

148 4848 170 4912 ⁸)
190 4843 230 4898 G'
249 4848 338 4898 redu&
355 4846 472 4898 Oalcled.
491 4849 678 4914 spritualia.

147 4933 170 4999 ⁹)
189 4929 238 4984 lta
256 4927 293 4984 G*
307 4927 352 4982 θ’.
386 4927 462 4983 Editi
477 4932 563 4995 saedis
634 4933 810 4999 coepiscopum
828 4940 947 4984 nostrum.
