3204 5506
250 334 312 400 818
693 350 721 401 s.
737 352 944 402 somursnnn
966 352 1081 400 eneas

121 514 157 578 (a.
169 511 238 579 51⁷.)
252 505 433 571 Simeonius
449 504 617 589 presbyter
638 508 675 569 ut
689 527 796 590 supra.
841 505 980 571 Thomas
995 507 1164 591 presbyter
1181 507 1217 568 ut
1231 525 1337 588 supra.
1376 503 1480 570 Jacobus

252 607 419 692 presbyter
441 611 600 691 utsupra.
645 607 811 672 lohannes
829 608 996 692 presbyter
1018 612 1054 672 ut
1070 630 1178 692 supra.
1223 605 1339 671 Paulus
1352 607 1481 691 presbyter

251 713 408 794 utsupra.
453 708 581 774 Priscus
603 710 770 794 presbyter
792 714 949 794 utsupra.
994 711 1159 775 Antonius
1174 710 1342 795 presbyter
1361 712 1482 793 utsupra

250 812 417 877 Johannes
433 812 600 896 presbyter
622 814 658 875 nt
673 834 780 896 supra.
825 812 963 877 Thomas
978 812 1147 897 presbyter
1170 816 1327 897 utsupra.
1368 810 1484 876 Julianus

251 914 419 997 presbyter
440 917 598 997 utsupra.
644 912 823 978 Simeonius
846 916 1013 1000 presbyter
1034 920 1193 999 utsupra.
1239 912 1374 978 Thomas
1387 913 1485 997 presby·

250 1019 300 1079 ter
322 1019 359 1079 ut
381 1038 487 1100 supra.
548 1015 727 1081 Simeonius
748 1016 916 1100 presbyter
946 1021 981 1081 ut
1003 1040 1110 1101 supra.
1170 1015 1334 1081 Zachaeus
1354 1014 1485 1100 presbyter

251 1123 287 1180 ut
314 1139 421 1201 supra.
481 1117 619 1181 Thomas
648 1118 816 1202 presbyter
848 1121 1019 1202 utsupra.
1086 1118 1267 1185 Simeonins
1292 1117 1442 1203 presbyter
1461 1119 1486 1179 nt

250 1242 357 1304 supra.
403 1219 541 1284 Thomas
557 1220 724 1304 presbyter
738 1223 896 1304 utsupra.
942 1219 1122 1286 Simeonius
1133 1221 1303 1306 presbyter
1317 1224 1353 1285 ut
1363 1219 1484 1303 snpra¹⁵).

251 1322 382 1408 Sergius
404 1322 571 1406 presbyter
593 1326 629 1386 ut
651 1344 757 1406 supra.
802 1321 943 1387 Thomas
964 1323 1133 1408 presbyter
1154 1326 1191 1387 ut
1204 1338 1319 1408 snpra.
1362 1320 1485 1386 Eusebius

250 1425 418 1508 presbyter
440 1427 596 1509 utsupra.
641 1423 759 1488 Paulus
780 1425 949 1509 presbyter
970 1430 1006 1490 ut
1021 1447 1128 1510 supra.
1173 1424 1340 1490 lohannes
1354 1423 1486 1509 presbyter

250 1530 415 1610 utsupra.
478 1524 608 1611 Sergius
630 1526 783 1591 diaconus
811 1530 848 1591 ut
876 1549 982 1612 supra.
1039 1527 1123 1592 Item
1146 1526 1279 1613 Sergius
1305 1527 1441 1592 diaconus
1461 1527 1486 1588 rt

251 1650 356 1711 supra.
415 1627 564 1692 Julianus
586 1629 753 1712 presbyter
781 1633 944 1712 utsupra.
1005 1628 1136 1714 Sergius
1158 1630 1328 1714 presbyter
1353 1632 1485 1712 utsupra.

250 1729 441 1794 Ammonius
464 1730 617 1795 diaconus
640 1733 805 1814 utsupra.
857 1730 996 1796 Thomas
1018 1731 1186 1816 presbyter
1207 1735 1245 1794 ut
1267 1753 1371 1816 supra.
1409 1729 1486 1795 Lucas

250 1833 416 1917 presbyter
438 1832 475 1896 ut
497 1855 603 1917 supra.
649 1831 787 1897 Thomas
809 1831 962 1898 diaeonus
984 1836 1021 1898 ut
1036 1855 1143 1918 supra.
1189 1831 1368 1899 Simeonius
1387 1832 1486 1919 presby·

250 1936 301 1998 ter
322 1939 358 1999 ut
381 1957 488 2019 supra.
735 1932 738 1939 ’

335 2037 365 2101 8.
403 2036 574 2101 Flavianus
602 2036 853 2103 archimandrita
881 2042 917 2102 ut
944 2061 1050 2123 supra.
1115 2037 1278 2103 Monimns
1305 2037 1488 2103 diaconiart

251 2161 358 2222 supra.
402 2138 569 2204 Johamnes
592 2139 744 2203 diaconus
766 2142 931 2224 utsupra.
975 2139 1142 2205 lohannes
1164 2139 1333 2225 presbyter
1352 2143 1385 2205 ut
1404 2158 1487 2222 supra.

252 2240 413 2305 Antonius
437 2240 589 2305 diaconus
611 2245 647 2304 ut
670 2262 777 2325 supra.
833 2240 972 2306 Thomas
995 2242 1148 2307 diaeonus
1171 2245 1335 2327 utsupra.
1389 2240 1487 2304 Elisens

250 2342 417 2427 presbyter
438 2347 475 2407 ut
497 2365 603 2427 supra.
649 2343 780 2428 Sergius
803 2343 954 2408 diaconus
976 2348 1139 2429 utsupra.
1190 2343 1333 2410 Isaacius
1353 2342 1489 2428 presbyter

250 2449 287 2508 ut
309 2467 416 2528 supra.
463 2444 593 2530 Sergius
614 2445 782 2529 presbyter
803 2449 840 2509 ut
862 2468 968 2530 supra.
1013 2445 1154 2511 Thomas
1176 2446 1331 2511 diaconus
1351 2448 1385 2509 nt
1404 2464 1488 2527 supra.

250 2546 417 2610 Johannes
432 2548 599 2631 presbyter
619 2550 775 2632 utsupra.
820 2546 988 2632 Philippus
1004 2549 1157 2613 diaconus
1179 2551 1336 2633 utsupra.
1377 2544 1490 2612 Jacobus

250 2649 417 2732 presbyter
439 2652 602 2733 utsupra.
655 2648 813 2713 Zenobius
835 2650 1003 2734 presbyter
1023 2654 1061 2715 ut
1081 2672 1188 2735 supra.
1238 2650 1345 2715 Mores
1366 2649 1491 2714 diacoma

250 2753 407 2835 utsupra.
453 2750 594 2816 Isaacius
616 2752 783 2836 presbyter
805 2756 962 2836 utsupra.
1007 2752 1154 2817 Ananias
1170 2754 1337 2837 presbyter
1357 2753 1490 2834 utsupra

251 2852 381 2937 Sergius
403 2853 572 2937 presbyter
592 2857 629 2916 nt
650 2875 755 2937 supra.
816 2852 945 2919 Simeon
967 2854 1135 2940 presbyter
1157 2857 1322 2938 utsupra.
1378 2851 1492 2917 Thomas

250 2955 417 3039 presbyter
438 2959 475 3019 ut
496 2978 601 3039 supra.
647 2954 813 3019 Johannes
835 2956 1002 3040 presbyter
1024 2959 1060 3020 ut
1082 2979 1189 3041 supra.
1240 2955 1367 3022 Simeon
1387 2952 1493 3041 presby·

250 3060 300 3120 ter
321 3062 358 3120 ut
380 3080 485 3141 supra.
537 3058 676 3122 Thomas
698 3057 866 3142 presbyter
887 3062 924 3122 ut
945 3080 1050 3142 supra.
1105 3058 1273 3123 Johannes
1296 3057 1450 3144 presbyter
1467 3056 1494 3118 nt

252 3180 357 3243 supra.
404 3158 532 3224 Simeon
555 3160 722 3244 presbyter
743 3163 781 3224 ut
802 3182 909 3244 supra.
959 3160 1157 3225 Davidethos
1180 3161 1333 3226 diaconus
1353 3164 1494 3243 utsupra

251 3260 389 3325 Thomas
412 3263 563 3326 diaconus
585 3265 622 3326 ut
636 3284 743 3346 snpra.
788 3262 954 3327 Johannes
977 3262 1129 3327 diaconus
1151 3266 1317 3348 utsupra.
1360 3260 1496 3326 Lamneus

252 3364 419 3447 presbyter
440 3368 477 3427 ut
500 3387 605 3448 supra.

335 3466 365 3530 9.
403 3466 519 3530 Daniel
543 3464 793 3531 archimandrita
821 3471 857 3531 ut
879 3490 985 3552 supra.
1045 3467 1174 3532 Simeon
1204 3465 1498 3532 archimandritant

252 3590 357 3651 supra.
417 3567 589 3632 Abramius
611 3569 779 3653 presbyter
810 3572 973 3655 utsupra.
1032 3568 1137 3633 David
1158 3570 1328 3654 presbyter
1353 3573 1496 3653 utsupra.

255 3668 431 3733 Dorotheus
465 3671 632 3754 presbyter
668 3674 704 3734 ut
734 3693 840 3756 supra.
912 3671 1098 3736 Antoninus
1135 3672 1304 3756 presbyter
1339 3675 1376 3737 ut
1409 3691 1498 3756 snpra.

252 3771 390 3837 Thomas
412 3773 580 3856 presbyter
601 3776 638 3836 ut
660 3795 766 3857 supra.
825 3772 1001 3838 Darsumas
1023 3774 1191 3858 presbyter
1218 3781 1255 3838 nt
1282 3796 1390 3858 snpra.
1444 3771 1501 3838 Ser·

251 3875 323 3961 gius
346 3875 513 3959 presbyter
534 3878 571 3938 ut
593 3897 699 3959 supra.
759 3875 917 3939 Eusebius
939 3876 1106 3960 presbyter
1128 3879 1165 3940 ut
1187 3898 1295 3961 snpra.
1341 3874 1504 3942 simeonius

251 3979 419 4063 presbyter
445 3981 481 4040 nt
508 3998 614 4060 supra.
674 3976 845 4042 Marcellus
873 3978 1040 4062 presbyter
1065 3982 1102 4042 ut
1129 4000 1234 4064 supra.
1293 3977 1423 4044 Priscus
1447 3998 1505 4062 pre

252 4080 361 4164 sbyter
393 4088 429 4143 ut
456 4101 562 4162 supra.
622 4078 729 4142 Maras
756 4080 923 4164 presbyter
953 4084 989 4143 ut
1017 4102 1124 4164 supra.
1191 4079 1323 4166 Sergius
1357 4081 1509 4166 presbyter

251 4185 287 4245 nt
315 4204 421 4266 supra.
489 4182 630 4246 Jacobus
663 4181 831 4264 presbyter
867 4186 905 4246 ut
937 4205 1044 4266 supra.
1111 4181 1251 4246 Thomas
1279 4184 1448 4269 presbyter
1480 4186 1511 4247 nt

252 4305 358 4367 supra.
417 4283 500 4346 Item
528 4283 667 4346 Thomas
696 4283 863 4367 presbyter
890 4286 926 4348 ut
955 4306 1060 4368 supra.
1121 4283 1260 4348 Thomas
1288 4286 1516 4372 presbyterut¹

252 4406 358 4468 snpra.
419 4384 546 4450 Selinus
574 4385 742 4469 presbyter
770 4388 932 4469 utsupra.
992 4385 1129 4450 Thomas
1157 4385 1329 4471 presbyter
1357 4393 1396 4454 ut
1416 4410 1514 4475 snpra.

250 4485 416 4550 Johannes
439 4489 606 4572 presbyter
632 4490 797 4572 utsupra.
841 4486 1035 4552 Varasaldas
1057 4487 1224 4572 presbyter
1256 4493 1429 4576 utsupra.
1469 4490 1517 4557 do·

250 4586 375 4651 hannes
398 4587 550 4654 diaconus
573 4592 730 4672 utsupra.
775 4588 945 4653 Marcellus
960 4590 1112 4654 diaconus
1134 4592 1171 4653 ut
1186 4611 1294 4674 supra.
1344 4592 1518 4659 Simeonius

250 4688 418 4772 presbyter
440 4695 477 4754 ut
491 4713 597 4775 supra.
643 4691 828 4756 Gennadius
843 4692 1010 4775 presbyter
1031 4694 1068 4755 ut
1082 4713 1188 4775 supra.
1234 4691 1383 4760 Thomas
1398 4696 1521 4783 presby·

323 4910 352 4976 ¹⁵)
371 4908 420 4962 lid.
440 4910 502 4964 add.
526 4915 631 4965 Thomas
647 4916 785 4980 presbyter
802 4923 828 4967 ut
845 4934 934 4984 supra.
