3204 5506
584 360 788 448 ,urrsrouau
812 349 958 409 23—25.
1200 328 1201 332 ¹
1349 346 1410 411 391

121 516 291 602 dignitate
315 517 563 602 praestandum,
586 517 661 601 quia
680 515 748 580 Deo
763 515 976 580 servientibus
992 516 1181 581 beneficium
1203 538 1323 602 negare
1346 539 1411 582 non
1424 520 1520 585 (11494

60 704 62 709 Ι
123 620 294 684 conuenit.
344 619 502 685 Silvester
524 620 632 704 itaque
661 622 756 702 atque
780 617 1023 699 Faustinianus,
1053 607 1108 702 uui
1136 642 1169 683 se
1197 642 1216 682 a
1245 620 1410 684 cunabulis
1423 592 1528 654 *4⁹⁵'l

60 742 62 779 t
123 721 262 787 clericos
287 722 501 804 confitentur,
532 721 739 786 aTheodora
766 743 799 784 se
822 720 957 804 opprimi
986 744 1043 804 per
1067 721 1252 786 violentiam
1274 744 1410 806 conque·

60 782 92 913 l·
122 826 263 908 rantur,
299 825 382 909 quia
410 825 522 891 dicunt
549 847 582 888 se
604 825 763 909 ingenuos
792 826 886 907 atque
909 822 983 907 abl)
1007 827 1135 888 auctore
1157 824 1312 908 pristinae
1337 848 1409 891 con-

60 922 64 1019 Ῑ
123 927 263 992 ditionis
292 928 435 993 nexibus
462 927 640 1022 absolutos,
673 927 709 991 in
737 928 856 990 sortem
883 925 1073 990 deterrimae
1101 927 1217 991 iterum
1245 927 1421 1020 servituti,

123 1028 244 1114 addici,
272 1033 308 1094 et
331 1051 391 1114 per
413 1030 637 1096 auctoritatem
651 1028 776 1115 regiam
791 1032 903 1094 contra
923 1028 1011 1114 leges
1026 1029 1182 1114 publicas,
1206 1052 1304 1114 quum
1320 1030 1409 1094 cleri-

122 1131 186 1197 cali
210 1133 356 1218 cingulo
384 1136 572 1198 tenerentur
594 1131 758 1214 adstricti,
782 1153 839 1215 per
862 1130 1121 1211 archidiaconum
1143 1133 1230 1197 urbis
1254 1132 1409 1198 Grumen-

120 1236 213 1300 tinae
231 1257 309 1300 esse
327 1237 517 1318 conventam
533 1257 629 1320 quum
646 1236 771 1299 constet
783 1257 865 1319 eum,
886 1235 939 1319 qui
956 1234 1124 1300 coelestem
1140 1235 1274 1298 militem
1288 1235 1407 1320 pulsat,

119 1339 259 1403 nonnisi
292 1339 365 1422 ejus
387 1337 492 1402 fomm
514 1338 628 1402 debere
656 1336 783 1403 sectari.
839 1336 884 1401 Et
910 1337 997 1420 ideo,
1032 1336 1146 1401 dilecte
1175 1338 1236 1420 fili,
1269 1338 1408 1423 depenso

118 1440 343 1506 salutationis
372 1441 472 1504 affatu
499 1439 698 1524 supradictos
728 1440 859 1504 clericos
888 1439 981 1524 tibi²)
1012 1439 1214 1523 commende,
1250 1443 1285 1503 ut
1313 1440 1338 1504 si
1368 1441 1408 1505 ad

114 1543 359 1630 delegatorum
376 1542 534 1628 judicium
556 1564 664 1606 eorum
686 1542 868 1606 adversaria
876 1543 901 1625 ³)
925 1541 1033 1606 venire
1050 1542 1288 1626 contempserit,
1312 1543 1407 1607 subli-

117 1647 251 1712 mitatis
277 1649 357 1711 tuae
380 1645 516 1709 tuitione
539 1643 713 1727 vallentur,
748 1668 788 1709 ne
811 1645 886 1730 quid
908 1644 972 1708 illis
995 1649 1052 1709 aut
1073 1645 1246 1729 subreptio,
1272 1649 1327 1710 aut
1349 1645 1407 1710 ini-

116 1750 204 1814 mica
230 1749 368 1835 legibus
390 1747 531 1812 violenta
553 1747 727 1813 necessitas
750 1748 909 1832 imponat:
933 1748 1006 1831 quia
1028 1748 1082 1830 qui
1100 1747 1257 1831 judicium
1275 1749 1406 1833 refugit,

116 1854 266 1937 apparet
290 1874 367 1917 eum
389 1851 429 1915 de
446 1850 575 1935 justitia
596 1850 747 1915 diffismn.

638 2019 818 2125 Epistola
844 2021 900 2103 25.

1419 2148 1453 2211 (a.
1465 2152 1515 2201 494

381 2175 518 2268 Gelasii
541 2165 650 2258 pupae
672 2174 716 2241 ad
738 2172 926 2256 quemdam
950 2174 1164 2256 episcopum.
1418 2219 1521 2280 495„

155 2319 190 2370 Ut
215 2334 314 2370 nouam
337 2318 468 2367 ecetesiam
488 2318 543 2367 sine
564 2317 651 2366 summi
669 2315 798 2379 pontificis
825 2318 977 2364 arectorttate
1000 2322 1185 2371 consecratam,
1217 2317 1291 2378 cujus
1314 2317 1371 2366 ideo

271 2405 365 2453 missas
381 2403 560 2466 suspenderat,
577 2408 696 2465 nnceptn
715 2416 779 2450 nune
797 2404 950 2450 artctorr'tnte
969 2401 1044 2449 cultui
1062 2400 1144 2448 diuino
1163 2401 1264 2449 reddat.

212 2535 398 2620 Praecepta
419 2534 601 2618 synodalia,
624 2517 717 2617 'quae
747 2536 822 2596 ante
850 2554 968 2616 paucos
991 2554 1115 2595 menses
1138 2531 1176 2595 dc
1199 2532 1271 2596 sede
1295 2539 1406 2598 nostra

130 2638 171 2704 ad
192 2637 398 2723 prouinciam
425 2640 502 2703 sunt
528 2636 665 2720 directa,
696 2639 728 2699 et
755 2635 895 2719 antiquis
912 2634 1096 2728 =canonibus
1120 2635 1343 2719 consentirmt,
1373 2640 1407 2703 et

60 2788 62 2797 .
136 2762 277 2826 eaquae
297 2740 405 2805 minus
427 2761 495 2804 esse
517 2739 697 2823 probantur
723 2737 917 2818 addidimus;
950 2737 1037 2801 etin
1060 2740 1195 2821 utraque
1218 2741 1309 2821 parte
1333 2761 1406 2803 con-

61 2867 64 2873 ’
141 2844 218 2925 stat,
240 2843 344 2928 sine¹)
367 2842 482 2906 summi
503 2840 665 2925 pontificis
689 2839 880 2904 auctoritate
903 2838 1070 2903 ecclesiam
1093 2839 1218 2903 noviter
1241 2841 1404 2904 conditam

149 2963 208 3008 uon
232 2966 322 3031 posse
349 2944 499 3009 dedicari.
545 2943 651 3029 Teque
674 2963 713 3007 ex
734 2942 796 3007 hac
818 2941 961 3025 basilica,
986 2963 1067 3026 quae
1090 2942 1199 3005 taliter
1222 2943 1261 3005 ad
1284 2943 1404 3006 cultum

60 3123 81 3155 ⁴
164 3144 236 3204 lutee
249 3149 398 3221 elegantius
420 3148 558 3206 diceretur
581 3154 607 3204 tn
625 3127 733 3204 verereri
743 3153 882 3215 judicium,
908 3164 940 3201 eo
960 3147 1035 3217 quod
1053 3144 1169 3212 scilicet,
1193 3147 1223 3198 ut
1241 3145 1269 3199 in
1287 3144 1405 3213 epistola

61 3210 93 3303 ἶ
168 3234 266 3301 unns
282 3234 424 3304 soemo,
444 3234 584 3305 Crispinus
603 3234 632 3289 u
649 3231 767 3288 aaran
785 3235 866 3288 erano
884 3232 1014 3303 delegati.

67 3308 94 3337 ³⁷
221 3321 237 3387 ¹)
250 3318 289 3376 Sic
299 3320 496 3389 conigendum
507 3321 645 3391 putamus,
659 3318 733 3388 quod
744 3319 817 3373 male
832 3321 867 3373 Π1
881 3314 958 3388 atque'
970 3329 1067 3385 actare,
1085 3316 1165 3386 pejus
1178 3317 1197 3370 Z
1211 3327 1286 3387 atque
1299 3328 1404 3372 erectore

61 3390 97 3472 j
179 3402 220 3472 itt·
244 3405 296 3464 Hoc
316 3405 371 3462 sibi
392 3406 453 3461 vult
473 3410 506 3461 ab
529 3418 647 3466 auctare,
662 3392 746 3474 ‘quoa
768 3402 847 3458 initio
872 3402 1005 3474 epistolae
1024 3401 1172 3473 superioris
1191 3408 1284 3458 dorrrinr'
1300 3408 1339 3457 rui
1362 3407 1405 3457 be·

68 3568 72 3575 ¹
224 3575 282 3640 'ill'
300 3575 407 3633 amitat
423 3581 470 3632 tibi
486 3582 628 3632 commendo
647 3586 686 3638 ut,
706 3574 794 3630 habet
811 3574 839 3627 Z.

70 3650 81 3657 ”
151 3658 163 3679 '
224 3658 265 3727 'ld
281 3666 426 3720 aduersarii
441 3669 525 3717 uenire
543 3666 748 3731 contempserint.
787 3659 1004 3714 Praeferendum
1028 3677 1089 3714 cum
1109 3664 1145 3715 ΠΙ
1170 3667 1321 3715 (aduersaria
1346 3663 1402 3716 scil.

64 3744 78 3765 ⁶
188 3738 284 3805 stuata.
309 3746 363 3805 Hic
381 3749 476 3804 autem
494 3747 688 3818 delegatorum
702 3744 829 3815 judicum
847 3744 958 3800 nomine
977 3744 1132 3815 Crispinum
1151 3748 1179 3801 et
1197 3745 1330 3802 Sabinum
1349 3747 1404 3818 epi-

60 3824 99 3855 “
185 3834 253 3896 mla,
267 3833 297 3889 ad
315 3848 386 3904 quos
405 3831 530 3902 superior
549 3831 667 3903 epistola
686 3830 753 3886 data
774 3831 830 3896 est,
854 3829 981 3899 intelligi,
1004 3848 1037 3885 ex
1056 3831 1180 3900 ejusdem
1198 3832 1331 3902 epistolae
1351 3833 1403 3889 fine

64 3928 85 3991 ſs
185 3907 377 3974 *umnam
820 3925 823 3931 ’
1008 3906 1017 3920 ’

225 3998 238 4066 ¹)
249 4002 276 4057 In
289 4008 381 4075 prima
398 4003 479 4074 parte
498 4002 632 4075 epistolae
652 4009 683 4057 14
702 4019 761 4072 cap.
776 4008 792 4056 4
810 4000 980 4070 generaliter
997 4001 1182 4072 praecipitur:
1212 4008 1339 4058 Basilicas
1357 4026 1402 4058 na-

61 4070 85 4159 :
185 4079 223 4131 ἦ
232 4089 341 4145 usuam
359 4109 410 4145 non
426 4095 514 4159 petitis
532 4109 567 4144 ea
585 4109 654 4143 more
671 4091 895 4157 praeceptionibus
913 4091 1034 4142 dedicare
1047 4108 1096 4143 non
1109 4095 1234 4148 audeant‚·
1253 4090 1312 4142 tum
1324 4088 1353 4142 in
1366 4088 1403 4143 al·

63 4228 102 4255 4
185 4153 222 4219 Q
232 4180 320 4243 111)λὸ
337 4172 462 4233 additur:
482 4180 513 4230 de
530 4181 642 4230 locorum
660 4179 852 4230 consecratione
869 4184 1025 4237 sanctornm,
1045 4179 1153 4242 waureio
1166 4179 1284 4243 superius
1295 4179 1402 4228 strictim

60 4254 92 4332 ζ
184 4244 445 4330 mauraneum,
464 4264 535 4316 nobis
553 4281 651 4332 quoque
666 4265 825 4329 patefactum
843 4270 893 4324 est,
913 4264 980 4330 quod
997 4263 1090 4330 absque
1105 4270 1246 4328 praerepto
1258 4265 1327 4313 redte
1338 4280 1402 4328 apo·

67 4403 71 4406 .
174 4337 251 4394 'Q‘
263 4352 367 4402 munulli
381 4352 470 4415 sactus
487 4353 608 4402 ecclesias
626 4354 665 4400 aet
682 4351 799 4401 oratoria
810 4365 917 4401 sacrare
928 4358 1100 4415 praesumunt.
1131 4343 1236 4408 Quibus
1247 4344 1315 4398 locis
1328 4344 1401 4400 inter

60 4482 100 4511 ,ἓ
186 4422 291 4484 ”aba
305 4430 407 4503 Quat,
426 4431 536 4488 Gelasio
555 4448 709 4502 synonyma
726 4447 786 4486 esse
804 4431 859 4487 tria
878 4431 959 4486 haec:
982 4429 1104 4501 primum
1123 4427 1256 4500 epistolae
1276 4434 1308 4483 14
1326 4448 1348 4484 c.
1368 4436 1401 4486 25

66 4582 92 4599 ..
187 4501 245 4574 &pe
258 4529 389 4589 pampro
411 4524 669 4588 sedisapostolicae,
692 4517 811 4572 alterum
834 4516 968 4588 epistolae
992 4518 1073 4586 hujus
1090 4523 1144 4571 sine
1166 4522 1252 4570 sermm·
1272 4523 1401 4585 porru'ficr'r

102 4668 106 4673 ¹
187 4600 302 4664 “bium
318 4605 490 4674 postremum
506 4602 669 4674 praedictae
682 4603 818 4674 epistolae
833 4610 863 4657 11
877 4622 898 4657 o.
913 4609 994 4657 tsine
1006 4623 1096 4656 urnrrno
1114 4606 1241 4670 pontifice.
1269 4601 1402 4657 Notanda

64 4674 79 4684 ³
189 4678 293 4760 &thau
311 4688 425 4758 locutio,
449 4706 505 4760 qua
526 4689 632 4744 nullum
654 4690 719 4744 ante
738 4688 880 4743 Gelasium
898 4688 934 4742 ad
950 4689 1107 4742 Romanum
1125 4685 1279 4743 antistitem
1297 4688 1399 4759 specia-
1484 4693 1493 4707 ⁴

68 4762 106 4851 {3
189 4747 419 4856 &designandum
442 4793 521 4831 usum
546 4791 605 4831 esse
630 4774 818 4842 meminimus,
849 4772 974 4844 quarnvis
996 4771 1113 4827 subinde
1136 4772 1252 4828 celebris
1275 4775 1345 4829 adeo
1367 4793 1400 4829 ac

190 4833 287 4985 w
300 4861 420 4917 amerit.
456 4862 548 4918 Antea
565 4860 639 4916 enim
661 4860 772 4930 quosvis
794 4860 939 4932 episcopos
956 4880 1060 4914 camuros
1080 4865 1214 4928 pontifices
1233 4859 1322 4914 dictos
1341 4877 1398 4916 esse

60 4992 104 5005 ,.
257 4950 347 5002 timu.
