3204 5506
256 362 320 430 826
696 376 949 428 succursum
971 376 1086 424 raam

146 548 240 598 asle.
253 539 311 619 τῆς
332 535 485 616 πίστεως,
510 532 550 598 ἐν
570 531 702 609 τούτοις
723 532 759 616 ot
778 553 860 614 προ·
913 533 995 618 iu¹⁹)
1019 553 1081 617 quo
1096 530 1245 596 Christus
1268 532 1425 617 agnoscitur

252 639 404 721 μαχῶνες
417 638 476 718 τῆς
490 631 662 718 ἀληθείας,
679 635 717 699 ἐν
730 634 863 711 τούτοις
913 634 963 699 his
985 634 1216 718 redemptionis
1243 638 1368 699 nostrae
1386 656 1425 721 sp

253 735 430 822 ὁΧριστός
444 737 655 820 γινώσκεται,
678 736 717 802 ἐν
731 737 863 813 τούτοις
914 758 1010 801 causo
1039 738 1194 800 servatur.
1246 735 1318 801 Hoc
1348 736 1425 802 esti

119 834 237 956 H¹00113
215 845 311 939 τῆς
338 839 536 922 λντρύσεως
569 843 627 923 τῆς
653 837 815 923 ἡμετέρας
841 835 861 923 ἡ
913 838 1033 924 quod
1023 862 1059 902 1n
1086 838 1232 922 apostolo
1264 838 1411 954 legimus,

177 904 347 1019 mitris
375 941 431 1006 καί
455 936 620 1017 ὑπόθεσις
648 940 860 1063 φυλάττεται.
914 942 1116 1024 dementum,
1144 941 1181 1005 in
1208 963 1273 1026 qno
1306 941 1425 1026 seipsuu

254 1036 363 1120 Οὗτός
386 1043 479 1109 ἐστιν
502 1039 693 1126 ἐκεῖνος,
682 1066 722 1107 ον
751 1042 789 1108 ἐν
816 1067 862 1128 τῳ
914 1043 1002 1127 cipit,
1030 1043 1173 1128 quisquis
1195 1042 1298 1129 ligna,
1324 1045 1425 1109 fenum

253 1144 471 1232 ἀκοστύλῳ’
452 1144 665 1228 ανέγνωμεν,
693 1144 860 1229 θεμέλιος,
912 1146 1004 1229 pulas
1021 1145 1254 1210 consumendas
1273 1147 1425 1232 ignibuss

253 1249 291 1315 ἐν
314 1238 341 1335 ᾦ
367 1246 488 1314 ἑαυτόν
518 1270 568 1323 τις
594 1249 860 1329 καραλογιζεται,
913 1248 1081 1313 aedificare
1107 1249 1295 1313 tentaverit.
1344 1247 1425 1314 Risi

253 1356 287 1417 εί
294 1375 344 1428 τις
359 1349 453 1432 ξύλα,
477 1347 610 1432 χόρτον,
626 1349 779 1433 καλάμην
800 1371 860 1412 κα·
911 1350 998 1415 fecta
1020 1353 1096 1414 sunt
1117 1349 1311 1435 Eutychetis
1333 1354 1367 1416 et
1381 1350 1425 1417 Ne

251 1451 519 1536 ταναλισκόμενα
547 1454 592 1537 τῷ
619 1450 703 1534 τιυρλ
726 1451 861 1516 ἐποικο-
913 1474 1037 1518 venena
1071 1452 1232 1517 conciliis:
1270 1455 1326 1539 qui
1358 1453 1425 1519 adra

252 1556 396 1640 ἀομῆσαι
418 1556 600 1637 πειρασθῇ.
644 1550 698 1618 Ἐν
725 1551 862 1630 ταύταις
913 1556 1092 1620 dominicae
1119 1556 1372 1639 dispensationis
1396 1578 1425 1622 sa

251 1654 407 1742 ἀνηρήθη
423 1652 463 1721 τά
474 1653 651 1738 Εύτυχούς
666 1654 721 1719 καὶ
732 1658 877 1719 Nesco·
913 1657 1101 1742 mysterium
1136 1657 1213 1722 dum
1246 1658 1406 1723 contraria

252 1765 329 1840 ρίου
361 1768 433 1834 ταῖς
470 1756 628 1833 συνόδοις
664 1758 860 1842 δηλητηρια,
913 1781 946 1824 se
989 1759 1208 1843 disputatione
1255 1760 1417 1844 nituntur,

252 1861 374 1936 οἵτινες
397 1859 431 1937 ἐξ
455 1859 611 1936 ἐναντίας
632 1863 691 1944 τῆς
705 1860 860 1924 δεσποτι-
913 1862 1050 1947 quadam
1061 1861 1225 1946 sacrilegii
1241 1861 1425 1946 aequalitate

252 1966 312 2047 κῆς
333 1966 394 2027 τοῦ
417 1960 654 2045 σωτηριύάονς
673 1965 861 2047 μυστηρίου
913 1964 1072 2045 sentiunt,
1102 1964 1273 2028 sententiis
1301 1963 1425 2048 dispare

251 2065 457 2149 οἰκονομίας,
485 2064 524 2130 ἑν
546 2060 614 2150 ὅσῳ
638 2063 780 2150 ἐναντίῳ
802 2087 861 2149 με·
912 2065 1078 2151 impietate
1102 2065 1294 2130 concordes:
1325 2087 1425 2150 quoru]

251 2163 333 2244 ταξύ
360 2165 491 2232 ἑαυτῶν
519 2168 734 2253 συλλογισμῷ
762 2169 860 2249 φιλο·
912 2172 962 2232 ter
983 2168 1096 2233 nolens
1118 2167 1258 2232 Mariam
1282 2168 1425 2253 virginem

251 2272 437 2351 νεικοῦσιν,
465 2264 535 2333 ύιτύ
556 2289 623 2333 τινι
646 2272 704 2352 τῆς
727 2269 861 2351 ίεροσυ-
914 2292 982 2335 esse
1009 2269 1217 2355 genitricem,
1246 2269 1283 2333 in
1304 2268 1425 2334 Domint

252 2373 325 2447 λίας
339 2369 466 2454 ἰσότητι
481 2374 740 2454 συμφωνοῦσιν,
748 2366 861 2435 ἄνισοι
913 2375 980 2437 stro
1021 2393 1103 2456 qnae
1139 2372 1232 2436 unita
1279 2375 1356 2436 sunt
1393 2370 1425 2435 di·

251 2484 323 2550 ταῖς
354 2472 503 2557 γνώμαις
535 2470 591 2536 καί
621 2469 787 2557 ὁμόψυχοι
819 2474 861 2556 τῇ
913 2474 994 2538 alter
1016 2474 1091 2537 dum
1113 2474 1371 2538 convenientium
1388 2494 1425 2538 na

251 2573 401 2661 ἀσεβείᾳ·
436 2564 485 2640 ἀν
507 2571 525 2639 ὁ
547 2574 660 2658 ἕτερος
680 2571 725 2658 μὴ
747 2571 860 2638 θέλων
911 2598 982 2639 rum
1008 2576 1138 2659 propria
1166 2580 1200 2640 et
1227 2578 1316 2640 certa
1343 2573 1425 2640 confr

251 2675 313 2762 την
327 2675 503 2759 παρθένον
514 2680 655 2759 Μαρίαν
668 2679 758 2741 Θεοῦ
774 2669 861 2740 εἶναι
912 2678 1099 2762 mysterium
1131 2681 1264 2742 nostrae
1297 2678 1425 2762 redempt

250 2779 470 2864 γεννήτριαν,
499 2776 584 2862 ἅπερ
615 2778 653 2843 ἐν
675 2780 720 2862 τῷ
743 2778 860 2861 Κυρίῳ
912 2781 1105 2866 exstinguit:
1134 2779 1218 2845 alter
1238 2779 1367 2845 Photini
1385 2798 1425 2843 sec

250 2878 348 2966 ἡμῶν
375 2881 461 2945 είσιν
489 2876 645 2964 ἡνωμένα
673 2883 812 2961 διαιρεῖ,
842 2875 860 2943 ὁ
913 2882 994 2946 alter
1037 2882 1177 2947 Manetis
1221 2882 1378 2946 insaniam
1411 2879 1425 2944 i

252 2983 288 3049 dt
304 2983 427 3068 ἕτερος,
451 2982 490 3047 ἐν
504 2980 574 3068 ὅσῳ
597 2982 666 3047 ίὸια
686 2985 755 3046 τῶν
777 2999 862 3046 συν-
914 2985 1106 3071 contagione
1129 2985 1334 3071 contingens.

253 3088 431 3151 ελθουσων
452 3083 591 3167 φύσεων
611 3085 668 3149 καὶ
689 3083 729 3150 τοὶ
751 3080 861 3167 ἀληθῆ

253 3197 382 3271 συγχεῖ,
405 3186 442 3251 τὸ
465 3186 654 3271 μυστήριον
673 3190 731 3271 τῆς
745 3184 862 3271 ἡμετέ-

254 3313 314 3374 ρας
329 3288 528 3372 λυτρύσεως
543 3288 742 3373 σβέννυσιν·
761 3283 863 3364 ἀλλος

255 3396 428 3456 Φωτεινού
451 3389 514 3476 τήν
528 3395 728 3476 θρησκείαν,
750 3389 863 3472 ἕτερος

251 3496 313 3557 τού
348 3491 527 3569 Μάνεντος
562 3490 624 3577 την
660 3491 862 3576 ἀφροσύνην

252 3592 369 3678 ἀσεβεῖ
388 3598 567 3681 συγγενείᾳ
589 3594 783 3661 συνάπτων.

294 3698 323 3761 7.
347 3694 442 3761 Κατά
457 3697 599 3781 τούτων,
622 3695 763 3780 ἀδελφοὶ
779 3694 862 3779 ἀγα·
956 3700 985 3762 7.
1020 3698 1199 3763 Adversum
1221 3698 1297 3782 hos,
1323 3693 1425 3762 dilectit

251 3799 366 3883 κτητοί,
403 3799 664 3884 προενοήθησαν
701 3800 857 3881 ἰατρεῖαι·
910 3801 1039 3884 fratrea,
1062 3801 1192 3884 provisa
1214 3800 1352 3865 remedia
1371 3797 1416 3864 ills

251 3902 384 3978 ἐκείνας
405 3905 446 3986 τῇ
461 3904 522 3965 τοῦ
538 3905 701 3986 λογισμοῦ
719 3900 860 3984 ἀννάμει
910 3904 955 3967 mi
978 3903 1097 3967 virtute
1119 3901 1299 3986 defendite,
1330 3896 1425 3987 quair

251 4003 493 4088 ἀιεκάικήσατε,
519 4001 633 4088 ἐπειδὴ
657 3999 859 4088 είςάνατρο-
910 4005 1124 4069 befactionem
1158 4026 1269 4068 eorum
1301 4000 1406 4068 viderit

250 4103 318 4189 τὴν
346 4102 460 4170 αύτῶν
494 4102 596 4186 ὁρᾶτε
628 4103 706 4182 τούς
734 4106 858 4188 αἱρετι-
892 4102 1025 4171 ‘reticos
1052 4106 1219 4189 impietate
1247 4124 1395 4191 pugnare.

250 4203 332 4281 κούς
359 4203 500 4291 διαὶ-της
528 4205 682 4291 ἀσεβείας
715 4206 858 4291 μαχομὲ-
910 4210 953 4273 sit
974 4209 1069 4293 pigra
1089 4207 1237 4272 veritatis
1265 4207 1399 4271 assertio.

251 4330 341 4383 νους.
377 4310 437 4393 Μη
460 4311 544 4374 ἔστω
568 4309 607 4373 ἐν
629 4307 719 4396 ὄκνῳ
734 4314 792 4393 της
808 4310 859 4373 ἀι·
910 4312 1015 4375 studio
1063 4311 1191 4394 oportet
1241 4309 1372 4373 salutem
1404 4302 1425 4367 di

251 4409 433 4487 dorcatius
455 4407 474 4494 ἡ
499 4409 655 4496 ἀλήθεια·
688 4413 767 4496 ποίᾳ
796 4408 857 4495 χρὴ
911 4436 1008 4497 quum
1030 4411 1164 4476 videatis
1186 4411 1425 4497 perditionemn

251 4512 384 4596 σπουδῇ
397 4509 459 4596 την
471 4516 641 4596 σωτηρίαν
652 4510 860 4597 ἀγαπᾶσθαι,
910 4516 1011 4580 feram
1035 4514 1081 4577 sic
1103 4512 1230 4578 amari?
1271 4512 1387 4577 Pudeat
1402 4526 1425 4572 st

251 4636 395 4644 *-

319 4684 350 4749 ¹⁹)
370 4698 404 4736 cc
422 4699 475 4737 sec.
495 4700 588 4752 graec.
608 4689 633 4737 in
654 4689 693 4738 ίιῖε
711 4688 833 4739 Christus.
876 4682 1026 4738 Concilium
1045 4682 1272 4738 Calchedonenae
1289 4672 1416 4737 act'Vir

249 4765 354 4820 uitione
377 4766 442 4820 fidei
463 4767 535 4822 hanc
551 4768 651 4822 Leonis
669 4769 816 4839 epistolam
838 4769 937 4824 laudat
957 4771 989 4824 ut
1012 4774 1096 4838 ααριιι·
1113 4773 1188 4821 Petri
1210 4770 1425 4836 confessionum

249 4860 297 4904 tem
315 4861 340 4904 et
358 4872 506 4906 communem
523 4859 655 4923 quamdam
673 4859 809 4908 columnam
828 4860 950 4908 aduersus
966 4874 1046 4923 prave
1058 4859 1198 4908 εειιίίειιίεε
1214 4863 1241 4906 εί
1258 4857 1295 4907 ad
1307 4847 1425 4918 roffi

249 4945 376 4990 rectorum
394 4941 544 5005 dogmatum.
