3204 5506
538 363 734 413 nrrsrouan
758 355 903 414 10—12.
1294 351 1357 414 349
1462 353 1470 361 ’

147 517 289 582 omnbus
315 519 490 582 aestimant
521 518 762 601 immiscendos,
798 518 946 600 anobis,
980 518 1035 602 qui
1062 517 1129 582 sedi
1163 519 1356 603 apostolicae
1369 531 1479 598 (atat.)
1566 527 1572 544 ¹

144 618 265 684 andum
283 619 392 689 divina
414 623 586 705 praecepta
614 624 647 685 et
675 623 803 705 patrum
831 623 953 684 statuta
980 620 1137 704 inculpati
1163 622 1282 687 servire
1304 621 1355 686 de-

140 715 273 806 a'tlcunus,
295 722 383 788 omni
405 723 530 787 ratione
552 722 676 786 vitandi
698 727 784 788 sunt.
831 723 874 786 Et
896 724 923 786 si
946 723 1000 807 qui
1022 723 1106 787 forte
1128 746 1228 807 prava
1249 725 1356 789 inten-

137 819 241 910 tione,q
241 825 298 890 uod
319 847 424 910 neque
446 826 640 890 arbitramur
661 847 764 910 neque
786 829 949 909 optamus,
980 848 999 888 a
1027 825 1100 890 sede
1124 826 1300 911 apostolica
1321 848 1356 891 se

64 925 281 1007 natitant
302 928 535 1013 segregandos,
569 928 610 991 ab
638 949 747 992 eorum
775 950 834 991 nos
855 928 983 992 alienos
1011 950 1080 992 esse
1103 929 1262 993 consortio
1284 951 1356 1014 pro-

117 1027 233 1115 titemnr3
261 1030 429 1116 quoniam,
459 1034 497 1095 ut
516 1029 637 1095 dictum
660 1034 725 1113 est,
756 1031 922 1115 patrum
912 1054 948 1094 1n
970 1031 1117 1094 omnibus
1141 1031 1355 1096 custodientes

10 1194 15 1201 .
104 1136 260 1218 praecepta
281 1136 314 1197 et
336 1132 536 1198 inviolabilia
557 1135 832 1197 sacrosanctorum
864 1154 1022 1205 canonum
1050 1133 1202 1198 instituta
1230 1137 1355 1198 sectan-

97 1239 153 1319 tes,
180 1235 369 1320 apostolicae
391 1239 425 1300 et
446 1235 603 1321 singulari
631 1234 678 1298 illi
701 1235 767 1298 sedi
790 1238 914 1299 vesbae
942 1235 1103 1299 communi
1125 1236 1186 1300 fide
1209 1238 1242 1300 et
1263 1236 1355 1300 devo-

88 1339 176 1403 tione
196 1359 308 1423 parere
331 1337 563 1403 contendimus.

168 1441 202 1504 2.
231 1438 277 1504 Et
291 1443 443 1526 quoniam
464 1440 659 1526 suggerendi
673 1440 820 1504 fomitem
834 1440 927 1505 nobis
945 1462 1004 1525 pro
1019 1440 1117 1504 insita
1132 1442 1193 1506 sibi
1208 1441 1355 1526 benigni-

69 1548 149 1608 tate
172 1539 342 1607 beatitudo
364 1546 470 1608 vestra
494 1543 661 1625 concessit,
686 1542 793 1627 aliqua
815 1546 991 1614 memorato
1006 1542 1172 1626 Tryphoni
1194 1544 1262 1607 viro
1284 1543 1355 1607 reli-

64 1647 170 1732 gioso
208 1645 275 1709 filio
307 1649 433 1729 nostro,
471 1649 716 1730 praeceptorum
743 1649 920 1708 vestrorum
949 1645 1113 1729 portitori,
1153 1645 1356 1730 suggerenda

61 1747 318 1814 mandavimus.
352 1746 396 1811 Et
417 1752 452 1812 ut
474 1749 716 1833 suggestionem
732 1748 812 1831 ejus,
836 1750 992 1831 quantum
1008 1748 1212 1831 arbitramur,
1232 1748 1356 1831 justam

60 1855 101 1915 ct
124 1849 365 1914 rationabilem
392 1872 450 1934 pro
479 1850 713 1935 supplicatione
741 1854 853 1914 nostra
880 1849 995 1914 libenti
1023 1851 1130 1915 animo
1159 1849 1355 1934 apostolatus

56 1956 185 2018 vester
210 1951 366 2036 dignetur
391 1952 578 2037 admittere,
608 1953 706 2036 justis
733 1952 881 2037 precibus
909 1974 1091 2036 exoramus,
1124 1952 1207 2037 quod
1236 1951 1355 2035 suppli-

56 2057 161 2122 catio
188 2057 305 2118 nostra
326 2059 467 2120 meretur
490 2054 654 2119 effectum:
682 2078 782 2119 unum
810 2078 848 2119 ex
878 2054 1025 2140 angelica
1053 2054 1127 2117 sede
1154 2057 1260 2118 vestra
1283 2075 1355 2116 cum

53 2177 173 2242 saepe
200 2156 291 2220 dicto
312 2157 380 2222 viro
401 2158 552 2243 religioso
575 2156 615 2221 ad
637 2179 696 2222 nos
718 2180 817 2243 usque
839 2157 1015 2242 praecipite
1037 2156 1209 2237 destinare,
1237 2158 1273 2217 ut
1295 2154 1354 2218 sub

54 2261 140 2344 ejus
167 2263 329 2343 praesent
330 2262 376 2343 ia,
406 2283 488 2346 quae
509 2259 588 2324 fides
610 2259 786 2324 orthodoxa
808 2264 841 2324 et
866 2264 991 2324 vestrae
1009 2259 1164 2343 jussionis
1187 2258 1355 2322 sinceritas

55 2361 239 2448 postulat,
264 2361 462 2428 ordinentur.
509 2368 760 2444 etsubscriptio.

157 2463 338 2529 Johannes
365 2466 532 2551 episcopus
561 2470 784 2530 sacrosanctae
812 2466 965 2530 ecclesiae
988 2465 1146 2549 Scopinas
1174 2420 1355 2547 metropoli-

40 2576 174 2634 -tanae
209 2566 353 2632 civitatis
381 2567 456 2632 huic
484 2570 639 2653 rescripto
667 2593 686 2633 a
713 2569 806 2634 nobis
829 2569 904 2632 dato
928 2590 1045 2631 consen
1049 2567 1149 2650 tiens,
1181 2566 1220 2630 ad
1248 2566 1356 2629 omnia

54 2693 154 2758 quae
182 2669 336 2753 superius
358 2671 564 2735 continentur
585 2694 683 2736 manu
706 2672 836 2755 propria
858 2670 1043 2754 subscripsi.

160 2770 318 2836 Bonosus
339 2771 507 2858 episcopus
529 2777 566 2838 ut
588 2795 684 2857 supra
706 2773 890 2856 subscripsi.

158 2873 300 2939 Samuel
322 2859 488 2959 episcopus
510 2879 546 2939 ut
568 2897 664 2959 supra
686 2875 869 2959 subscripsi.

157 2974 331 3042 Varianus
362 2977 529 3062 episcopus
567 2999 625 3061 per
651 2976 862 3042 Valentinum
897 2976 1157 3041 archidiaconum
1189 2981 1224 3039 ut
1257 2998 1353 3060 supra

60 3077 271 3164 subscripsi.

158 3181 344 3247 Faustinus
366 3181 533 3265 episcopus
554 3186 592 3246 ut
613 3204 711 3267 supra
732 3182 916 3267 subscripsi.

162 3282 309 3349 Ursinus
331 3282 499 3367 episcopus
520 3287 558 3347 ut
580 3305 677 3369 supra
699 3285 882 3370 subscripsi.

588 3471 770 3574 Epistola
797 3473 849 3555 12.

305 3621 441 3691 aaran
465 3641 575 3708 papae
597 3595 650 3690 ad·
663 3623 893 3692 anastasium
915 3622 1158 3730 Augustum..
1369 3643 1481 3709 (atat)

10 3772 56 3831 ,Ἀ
103 3767 264 3818 Promitte
282 3767 457 3826 crematione,
477 3766 546 3830 quad
562 3767 598 3815 ad
614 3766 680 3814 allata
697 3782 746 3829 per
764 3766 882 3815 Faustum
904 3774 929 3815 et
938 3765 1074 3815 Irenaeum
1091 3768 1193 3815 litteras
1210 3781 1259 3816 noa
1278 3767 1322 3815 de-

34 3832 46 3851 .
105 3852 184 3903 derit
202 3846 242 3913 (a.
256 3847 292 3913 1),
311 3851 344 3898 de
363 3849 460 3899 duodus
475 3849 646 3913 potestatibus
664 3852 837 3900 ecclesiastica
855 3856 879 3898 et
897 3852 980 3915 reputt
997 3852 1102 3900 disserit
1119 3848 1153 3913 (a.
1168 3853 1183 3898 2
1196 3856 1221 3898 et
1233 3850 1274 3914 3),
1297 3860 1322 3899 et

105 3938 237 3989 ductat
255 3934 441 3999 inperatorem,
463 3934 645 3986 aeEoctest'am
661 3939 714 3984 auia
732 3935 884 3999 temporibus
904 3937 995 3985 Acaca'i
1012 3952 1089 3985 caran
1107 3937 1248 3985 dilacerari
1262 3951 1321 3999 per·

105 4025 197 4073 mittat
220 4017 313 4081 (11.4).
356 4019 469 4086 Denique
491 4022 578 4071 ocriae
600 4020 756 4082 objectiones
776 4036 827 4084 pro
850 4020 999 4083 deferutoac
1024 4022 1165 4070 satistrictis
1190 4022 1323 4084 oppositas

595 4106 668 4155 diluit
686 4104 720 4168 (a.
733 4104 847 4170 5—12).

10 4314 13 4321 Ι
164 4242 195 4304 1.
237 4236 398 4322 Famuli¹)
421 4241 545 4302 vestrae
567 4238 708 4323 pietatis,
732 4238 790 4302 filii
813 4240 875 4302 mei
898 4239 1033 4302 Faustus
1056 4238 1212 4321 magister
1238 4241 1271 4300 et
1290 4237 1355 4301 Ire·

71 4360 180 4409 uacus
191 4339 258 4405 viri
272 4338 414 4404 illustres
420 4339 447 4425 2)
464 4344 559 4424 atque
577 4361 685 4404 eorum
698 4340 829 4405 comites
846 4341 975 4424 publica
991 4341 1153 4424 legatione
1168 4339 1353 4422 fungentes,

145 4514 168 4581 ¹)
186 4511 217 4566 ι’
238 4525 282 4564 cc
298 4507 345 4563 hic
365 4507 395 4562 in
415 4525 523 4565 morem
540 4511 714 4565 salutationis
732 4510 883 4580 subjiciunt
902 4516 1016 4565 Galerius
1034 4516 1169 4580 episeopus
1186 4515 1222 4563 od
1240 4516 1354 4564 Anarta-

68 4605 137 4655 ἀι
157 4601 319 4666 Aaronem,
337 4597 451 4665 praeter
467 4595 551 4650 fidam
568 4614 632 4650 mss.

141 4686 166 4752 ¹)
184 4682 225 4737 F
236 4678 280 4735 F*
293 4686 334 4735 air
344 4686 397 4742 tat..
414 4678 449 4733 Κ1
461 4686 510 4735 oiri
520 4687 676 4751 consularia,
695 4685 770 4736 certe
782 4687 878 4736 Fausto
889 4688 990 4736 consule
1003 4698 1091 4735 armus
1103 4687 1153 4735 491)
1166 4681 1353 4750 consignatur.
1361 4698 1380 4727 θ

67 4769 138 4828 Ιοῐ
156 4768 251 4823 iidem
266 4769 400 4836 publiea
420 4772 546 4834 tepattane
565 4771 713 4835 stupentes,
737 4767 790 4820 hoc
808 4771 861 4833 est,
881 4783 933 4836 pro
952 4766 1076 4821 civilibus
1093 4767 1134 4820 rei
1151 4766 1280 4836 publicae
1299 4785 1355 4822 non

10 4876 21 4895 ·
66 4873 124 4929 pro
142 4847 352 4912 mensatim
371 4849 503 4920 negotiis:
527 4865 582 4920 quo
605 4867 686 4905 sensu
709 4851 782 4906 infra
799 4868 825 4905 n.
845 4860 860 4905 2
878 4858 1008 4921 rettptonts
1026 4858 1153 4907 antistites
1174 4851 1284 4921 legibus
1305 4853 1354 4907 im-

67 4941 233 5015 Whlffiun
251 4951 357 5008 parere
375 4934 515 5004 dicuntur,
533 4946 650 5007 quantam
668 4942 703 4990 ad
719 4944 833 4999 ordinem
849 4942 997 5005 publicae
1012 4944 1126 5008 pertinet
1144 4943 1302 5009 disciptinae.
