3204 5506
652 395 847 452 nrtsronss
870 391 899 450 5.
923 387 953 451 6.

661 590 842 694 Epistola
870 593 903 674 6.

516 744 649 834 Felicis
671 762 781 827 papae
803 745 847 810 sil
870 743 1049 810 Acacium.
1431 707 1558 828 {iiiiii

74 881 109 927 to.
159 884 293 932 Aradum
315 884 633 948 Constantinopolitanam,
652 885 806 948 multifarias
824 886 881 946 ejas
898 886 1116 947 transgressiones
1133 900 1281 933 cnaraerans
1299 881 1333 946 (a,
1350 883 1382 945 ll,

306 1032 310 1041 ¹
335 985 353 1017 a
370 970 528 1019 sacerdotali
544 970 639 1019 honore
657 976 683 1018 et
700 970 825 1019 catholica
842 971 1011 1020 communione
1029 970 1119 1031 dejicit
1137 966 1171 1031 (a.
1185 969 1219 1031 2).

295 1100 412 1165 Felix
439 1101 651 1186 episcopus
680 1104 843 1166 sanctae
872 1101 1069 1165 acclesiae
1099 1100 1325 1164 catholicae
1354 1122 1418 1163 ur-

393 1204 453 1267 bis
475 1202 652 1287 Romae¹)
676 1204 835 1267 Acacio.

224 1326 255 1386 l.
297 1321 475 1385 Multarum
496 1322 789 1407 transgressionum
811 1321 961 1405 reperiris
983 1322 1149 1405 obnoxiuS,
1177 1325 1209 1385 et
1231 1324 1265 1385 in
1287 1345 1418 1386 vessera-

130 1424 212 1488 bilis
236 1422 371 1488 concilii
394 1422 529 1488 Nicaeni
553 1424 745 1488 contumelia
761 1445 862 1507 saepe
884 1427 1037 1507 versatus,
1067 1424 1244 1486 alienarum
1266 1425 1326 1487 tibi
1347 1446 1418 1507 pro-

130 1526 325 1589 vincinam
343 1525 419 1608 jura
440 1526 608 1589 temerarie
630 1525 812 1589 vindicasti.
857 1525 1045 1589 Haereticos
1075 1526 1139 1598 epa,
1162 1545 1347 1609 pervasores
1371 1529 1415 1589 at-

132 1649 199 1711 que
222 1627 269 1690 ab
291 1627 463 1691 haereticis
484 1628 659 1710 ordinatos,
689 1631 722 1691 et
743 1650 821 1712 quos
842 1629 911 1712 ipse
931 1629 1141 1691 damnaveras
1164 1631 1259 1711 atque
1282 1628 1322 1691 ab
1344 1650 1418 1710 apo-

132 1729 257 1794 stolica
285 1729 469 1814 institisti³)
497 1730 570 1793 sede
593 1729 750 1813 damnari,
784 1753 849 1793 non
877 1729 970 1794 modo
992 1728 1115 1813 masaa
1143 1734 1197 1791 tuo
1219 1729 1418 1812 recipiendos

133 1832 283 1916 putasti,
321 1852 431 1895 verum
460 1832 558 1896 etiam
587 1831 660 1894 aliis
688 1830 846 1914 ecclesiiS,
885 1832 968 1915 quod
997 1854 1057 1895 nec
1084 1832 1122 1895 de
1151 1831 1316 1894 catholicis
1349 1831 1416 1894 fieri

133 1936 284 2017 poterat,
307 1932 488 2016 praesidere
510 1933 627 2016 fecisti,
652 1932 827 1997 autetiam
849 1932 1033 2016 honoribus,
1064 1955 1142 2017 quos
1165 1954 1231 1996 non
1252 1933 1418 1996 mereban-

132 2037 201 2117 tur,
233 2033 367 2098 auxisti.
419 2033 569 2098 Testatur
596 2034 657 2098 hoc
684 2033 861 2117 iohannes,
891 2057 984 2119 quem
1013 2057 1032 2096 a
1060 2033 1225 2098 catholicis
1253 2034 1416 2117 Apameae

132 2157 204 2200 non
227 2138 410 2219 receptum,
438 2135 626 2220 pulsumque
649 2137 687 2201 de
710 2135 895 2218 Antiochia,
920 2136 1025 2219 Tyriis
1034 2138 1059 2220 ⁵)
1083 2135 1281 2218 praefecisti:
1305 2140 1337 2198 et
1359 2134 1416 2199 Hi-

131 2237 273 2320 merius,
302 2240 383 2300 time
404 2237 443 2301 de
465 2237 611 2301 diaconio
633 2238 776 2322 dejectus
800 2241 894 2321 atque
917 2236 1092 2302 Christiani
1114 2236 1253 2299 nominis
1277 2238 1417 2319 appella-

131 2340 227 2403 tione
256 2338 421 2423 privatus,
456 2363 475 2404 a
502 2342 535 2403 te
564 2339 662 2403 etiam
694 2340 729 2429 in
760 2339 950 2422 presbyterii
973 2342 1141 2422 provectus
1170 2338 1320 2402 officium.
1373 2339 1418 2402 Et

130 2442 230 2525 quasi
259 2440 345 2505 haec
371 2441 432 2504 tibi
460 2440 584 2505 minora
614 2440 812 2523 viderentur,
842 2441 876 2504 in
904 2442 1007 2524 ipsam
1036 2441 1200 2505 doctrinae
1223 2441 1416 2523 apostolicae

130 2544 313 2607 veritatem
330 2544 459 2628 ansusi)
481 2546 556 2606 tuae
578 2542 746 2625 superbiae
767 2542 951 2606 tetendisti:
975 2547 1010 2605 ut
1027 2541 1152 2626 Petrus,
1177 2565 1271 2625 quem
1286 2543 1416 2606 damna-

127 2651 203 2708 tum
227 2644 400 2729 sanetae)
423 2645 593 2709 memoriae
615 2643 772 2707 decessori
794 2665 864 2706 meo
886 2644 954 2727 ipse
969 2644 1134 2727 retuleraS,
1158 2644 1241 2707 sicut
1256 2649 1418 2731 testantur

202 2835 223 2898 ¹)
245 2830 293 2884 Its
315 2830 429 2899 plurimi
450 2848 513 2884 mss.
532 2831 564 2884 E¹
577 2831 661 2884 ΕῗΗ8
684 2836 806 2885 ecclesiae
829 2835 956 2886 Romanae
975 2837 1071 2885 Acacio
1094 2831 1141 2898 (Hq
1160 2837 1213 2885 uiro
1238 2835 1361 2899 Acacia),
1380 2831 1416 2884 D¹

127 2914 246 2969 amittit
265 2919 374 2969 Romae.
393 2915 781 2980 N³ecciesiaecatlrolicae17n
801 2923 898 2973 acacio.

199 3003 223 3068 ²)
246 3000 294 3053 Its
311 2999 426 3069 plurimi
443 3018 507 3054 mss.
526 3001 558 3053 Ε1
578 3014 605 3055 et
619 3013 826 3069 pemersatores,
848 3000 915 3054 etiiti
933 3002 1066 3055 omittunt
1084 3014 1116 3055 et.

197 3088 221 3154 ³)
244 3085 279 3138 In
292 3083 404 3152 aliquot
415 3102 479 3140 mss.
492 3091 594 3153 petisti,
613 3085 646 3138 Ει
658 3085 693 3138 E*
705 3091 847 3147 instituisti,
860 3085 894 3138 F²
906 3092 1022 3140 docuisti.
1046 3087 1171 3156 Respicit
1184 3085 1260 3139 Felix
1273 3087 1308 3140 ad
1322 3088 1416 3142 Aeacii
1451 3137 1456 3143 ,

126 3170 322 3233 relationem,
345 3169 380 3222 de
403 3188 458 3239 qua
480 3169 509 3224 in
526 3169 627 3223 notitia
644 3169 826 3239 epistolarum
846 3165 980 3239 Simplicii
1002 3189 1058 3225 non
1079 3172 1246 3225 exstantium
1264 3190 1290 3225 n.
1305 3172 1342 3225 Vl
1362 3173 1415 3226 dis-

125 3255 285 3310 seruimus.
318 3253 351 3306 In
369 3270 425 3321 que
435 3254 567 3309 videlicet
575 3255 700 3308 -Acacius
717 3255 791 3309 hunc
809 3273 913 3325 papam
926 3256 1134 3331 commonebat,
1152 3255 1307 3309 iohannem
1322 3274 1415 3323 quem-

127 3342 196 3394 dam
216 3358 238 3394 a
256 3339 347 3393 Petro
369 3337 484 3393 Fullone
502 3339 652 3408 Apamenis
675 3340 834 3394 ordinatum
853 3340 888 3394 ab
912 3341 951 3394 eis
969 3341 1104 3409 rejectum
1123 3342 1151 3394 et
1169 3358 1186 3393 a
1204 3357 1233 3393 se
1253 3341 1416 3395 damnatum

125 3442 204 3491 esse,
224 3423 421 3495 petebatque,
439 3426 470 3477 ut
487 3441 549 3479 eum
568 3424 722 3494 apostolica
739 3425 818 3478 sedes
836 3442 888 3479 nec
905 3426 966 3478 visu
984 3424 1101 3493 <lignum
1118 3426 1237 3480 haberet
1253 3443 1304 3479 uec
1321 3427 1416 3495 poeui-

125 3511 258 3565 tentiam
276 3509 342 3577 ejus
360 3508 505 3578 reciperet.
1084 3562 1090 3575 ,

180 3599 222 3664 ἰ)
244 3594 293 3647 lta
312 3591 348 3645 E²
362 3593 397 3646 F²
407 3593 444 3646 Ι)2
462 3593 504 3661 (E¹
522 3605 549 3647 ta
568 3606 618 3660 tao,
636 3594 657 3646 Ιι
677 3605 743 3647 mata
761 3597 823 3663 tao).
859 3594 939 3648 Unde
958 3613 1043 3662 qumn
1061 3596 1169 3651 librarii
1187 3613 1281 3650 errore
1304 3614 1416 3650 excissa·

126 3680 178 3734 bili
196 3691 274 3734 nats
294 3677 458 3744 excidisset,
480 3679 660 3747 sequentibus
677 3679 736 3733 lata
753 3678 873 3732 mmandi
892 3681 920 3731 ct
937 3680 1064 3733 mutandi
1082 3698 1166 3735 causa
1184 3683 1295 3750 aperta:
1322 3682 1358 3735 D⁹
1377 3701 1416 3737 se-

125 3764 232 3820 cundis
253 3762 332 3817 curis
351 3773 417 3825 tuto,
439 3763 600 3830 autetiam
619 3766 657 3832 a³)
680 3775 706 3817 ta
725 3784 782 3822 eos:
805 3764 853 3817 alii
871 3771 1035 3820 commissioni
1056 3766 1100 3819 vel
1118 3774 1223 3836 callepio
1243 3769 1416 3837 supplerunt,
1468 3806 1474 3818 .

124 3851 258 3919 hincque
277 3859 341 3902 taae
359 3848 404 3901 vel
416 3860 457 3904 tao
476 3848 637 3903 scribentes.
665 3849 772 3903 Deinde
785 3848 819 3901 D‘
833 3849 871 3901 N³
889 3870 935 3903 aec
952 3856 1091 3913 catholicis,
1110 3869 1230 3921 moxque
1249 3852 1316 3905 editi
1335 3865 1416 3906 autem

124 3935 183 4001 (sel
203 3935 302 4005 atque)
322 3939 404 3987 etiam,

195 4023 221 4090 ⁸)
243 4019 294 4073 Its
311 4017 347 4071 E*
365 4019 394 4072 et
411 4017 479 4072 editi
490 4017 527 4074 ad
539 4035 627 4088 marg.
639 4019 661 4072 1¹
676 4025 741 4073 titiis·
753 4026 860 4088 repsisti
875 4032 901 4074 et
912 4027 1027 4082 umentis,
1047 4020 1080 4073 F²
1090 4022 1127 4074 Hs
1142 4026 1217 4090 Tyris
1234 4028 1354 4090 repetisti
1371 4023 1414 4090 (E¹

122 4109 260 4176 recipisti,
280 4102 320 4173 Κ*
332 4106 448 4172 repsisti)
462 4115 487 4158 et
496 4108 668 4174 Hieronymus
686 4117 745 4158 tanc
763 4110 852 4158 didicit
871 4110 984 4159 detectus
999 4118 1087 4176 atque,
1106 4107 1143 4160 Di
1159 4111 1245 4174 Tyriis
1262 4114 1414 4175 praesidere

118 4196 219 4260 fecisti
232 4199 261 4243 et
272 4191 409 4242 Hannon
419 4195 518 4243 merito.
553 4188 587 4242 D'
601 4188 638 4242 Ι)9
650 4189 688 4242 N’
703 4193 788 4257 Tyriis
805 4195 913 4243 reliststi
929 4200 953 4243 et
972 4197 1060 4244 merito
1074 4195 1191 4244 diaconio
1204 4197 1321 4256 dejectos
1339 4206 1415 4261 atque

120 4279 274 4331 christiani
292 4278 400 4327 sanata
418 4271 464 4341 (Do
475 4277 627 4341 christiana)
646 4281 818 4343 appellatione
835 4280 952 4343 privatos
969 4297 985 4329 a
1004 4286 1028 4328 te
1047 4281 1121 4329 ctiam
1139 4281 1164 4328 in
1181 4280 1337 4343 presbyterii
1352 4298 1415 4345 pro·
1508 4265 1514 4271 ’

119 4374 217 4418 sectos
228 4363 333 4426 afficto.
361 4358 465 4412 Ansam
483 4359 594 4413 errandi
604 4359 689 4413 dedit
701 4377 754 4414 vox
767 4371 792 4414 et
804 4365 892 4415 merito
904 4377 956 4430 pro
969 4372 995 4414 ct
1000 4366 1137 4414 Himerius.
1160 4360 1247 4414 Porro
1259 4361 1341 4430 hujus
1353 4363 1414 4417 loco

118 4447 211 4503 F²H⁸
226 4449 419 4512 Hieronymus,
437 4442 471 4495 E²
484 4448 648 4513 Hyeremias,
666 4444 700 4497 Ει
717 4449 847 4505 raserias,
867 4444 913 4497 atii
933 4450 1070 4511 Hymerias
1088 4447 1137 4499 aut
1155 4450 1299 4499 Ilamerias.
1335 4447 1415 4501 Unde

119 4552 191 4590 cum
205 4531 248 4585 D*
261 4532 399 4583 Himerius
415 4528 610 4597 praetulimus,
634 4529 737 4599 quippe
756 4532 784 4582 et
801 4529 943 4583 Himerius
959 4530 1006 4584 ille
1025 4530 1253 4596 Tarraconensis,
1278 4532 1313 4585 ad
1332 4549 1415 4599 quem

118 4616 225 4673 siricii
244 4612 374 4684 epistola
393 4619 406 4666 1
424 4612 540 4683 scripta,
558 4614 653 4669 multis
669 4614 699 4668 in
716 4633 781 4668 mss.
801 4620 939 4669 liaaerias
956 4615 1147 4683 vealmerias
1165 4616 1330 4686 appellatur¹

196 4707 223 4771 ⁸)
242 4702 293 4754 Ita
314 4714 380 4752 mss.
400 4697 436 4763 D;
459 4696 492 4751 Ε1
505 4698 584 4752 E¹F²
597 4700 634 4753 H*
652 4702 692 4769 (et
715 4703 740 4754 ο*
759 4699 796 4754 ad
818 4704 920 4769 marg.)
943 4720 1019 4754 ausas
1041 4712 1096 4755 taos
1119 4713 1145 4754 et
1166 4706 1322 4770 superbiam,
1347 4702 1413 4756 edit·

118 4811 190 4844 am
209 4787 359 4855 snperbia
378 4784 464 4837 taae.¹
685 4829 688 4834 ,

195 4875 220 4939 ⁷)
242 4871 293 4923 lta
309 4867 349 4920 Β*
366 4866 403 4920 D’
414 4868 447 4921 E*
460 4867 494 4922 E*
505 4868 539 4922 1³²
550 4869 588 4923 Η7
603 4871 616 4923 Ι
632 4870 669 4925 d2.
705 4870 761 4924 Alii
778 4893 794 4924 a
812 4882 929 4934 sanctae,
948 4872 1060 4940 praeter
1078 4870 1239 4926 historicam
1256 4873 1413 4926 veritatem.

119 4958 229 5027 Neque
249 4952 332 5010 enim
350 4969 369 5006 a
386 4951 528 5025 Simplicio
546 4954 708 5010 damnatum
726 4957 838 5010 Petrum
856 4957 943 5009 retest
959 4955 1074 5009 Aeacius
1093 4956 1199 5027 (Simpl.
1214 4958 1294 5035 epist.
1309 4964 1362 5012 tin.
1377 4961 1413 5024 ἓ),

646 5051 649 5056 ’
1146 5045 1211 5108 16*
