3204 5506
591 388 790 437 nsncnnnus
812 391 929 440 1—111.
1352 382 1393 446 73
1494 447 1497 459 ,

176 548 339 605 addimentum
360 548 514 606 droilanum
535 549 566 605 ad
588 548 667 606 duem
689 552 812 625 opusculi
834 570 860 608 n.
878 552 931 616 14,
953 555 1001 610 sed
1023 556 1102 611 ctiam
1123 565 1225 613 textum
1248 560 1392 635 utriusque

172 632 334 692 abbreviationis
345 635 424 708 juxta
439 653 468 691 se
483 636 602 710 positum
617 635 650 691 ad
665 635 763 693 calcem
779 637 893 709 adjicere
908 638 994 696 libuit.

342 770 381 831 Io
401 770 520 841 Galerii
540 786 639 848 papae
660 773 828 833 mactatum
848 773 880 834 11
902 767 987 853 (‚‚Ea
1002 773 1168 858 epistota‘).

228 892 251 948 1.
277 889 434 949 Lucubratio
450 893 501 948 ista
515 891 606 949 iacobi
621 892 756 949 Sirmondi
777 893 868 950 sturlio
889 896 917 951 in
933 896 1080 970 appendice
1094 897 1195 954 codicis
1210 899 1390 957 'lirendosiani
1405 900 1463 971 [α’]

155 979 250 1051 primum
263 976 310 1033 snb
325 976 404 1034 titulo
420 981 608 1050 epistolarem
624 984 769 1035 tractatus
785 980 892 1037 Gelasii
911 981 1012 1053 prodiit
1032 999 1085 1038 una
1103 1000 1163 1038 cum
1179 986 1318 1057 superiore
1335 986 1390 1058 epi-

152 1062 211 1118 stola
225 1062 259 1118 ‘bl
272 1062 303 1119 ad
314 1062 471 1119 Orientales.
503 1062 589 1132 Ouum
605 1070 693 1119 autem
710 1065 775 1121 baec
796 1064 850 1120 duo
872 1067 971 1139 scripta
993 1067 1085 1122 mutila
1105 1069 1169 1130 sint,
1191 1068 1260 1123 haurd
1276 1071 1344 1125 sciro
1360 1086 1390 1125 sc

146 1148 179 1203 ait
191 1147 254 1203 idem
268 1149 305 1203 vir
319 1147 450 1212 eruditus,
466 1167 533 1206 nam
545 1151 585 1206 ad
594 1168 681 1206 anam
693 1152 878 1224 eamdemque
889 1158 1047 1215 tractatam
1060 1153 1217 1225 reserenda
1230 1158 1294 1222 siat,
1312 1158 1362 1226 qai
1372 1173 1389 1210 a

145 1234 254 1290 llieoloo
265 1251 343 1306 papa
364 1236 393 1289 in
414 1234 572 1306 epistolaS
595 1237 634 1292 ael
648 1236 818 1292 Miebaelem
840 1239 1042 1307 imperatorem
1062 1239 1168 1294 dieitur
1188 1246 1302 1295 tomus
1324 1240 1389 1296 Ge·

136 1322 224 1375 larii
241 1320 286 1375 orl
303 1321 509 1376 orientales
535 1324 738 1392 episcopos.
790 1319 817 1375 Si
844 1328 932 1376 tamen
957 1324 1069 1395 propius
1098 1322 1275 1397 dispiciantur
1302 1323 1389 1387 ambo,

135 1412 255 1459 nentrum
269 1402 301 1458 ad
315 1410 419 1460 tomum
431 1405 540 1462 Gelasio·
553 1423 567 1460 a
578 1405 688 1461 Nicoiao
703 1422 770 1479 papa
786 1404 921 1461 laudatum
938 1408 1074 1480 pertinere
1090 1407 1161 1463 haud
1176 1408 1262 1465 arduo
1277 1410 1389 1482 negotio

131 1488 312 1564 dignoscetur.
338 1487 404 1545 Nam
421 1507 453 1545 ex
468 1490 580 1564 prolatis
597 1490 698 1546 taudati
714 1491 779 1547 tomi
796 1489 881 1546 verbis
894 1500 1008 1552 constat.
1026 1499 1169 1548 tractatum
1180 1491 1390 1567 subsequentem

129 1573 169 1636 ll,
186 1574 239 1629 troc
253 1568 411 1631 est'tomum
426 1578 462 1631 de
478 1577 807 1637 anathematismorum,
826 1593 840 1630 a
856 1576 965 1633 Nicolao
981 1576 991 1631 i
1012 1578 1039 1632 iu
1054 1577 1190 1651 praedicta
1206 1577 1320 1651 epistola
1335 1594 1391 1634 me·

126 1659 236 1714 mareri.
265 1658 348 1715 Porro
370 1657 402 1714 ad
419 1660 492 1716 bunc
511 1668 613 1716 tomum
629 1678 717 1735 neque
737 1662 906 1735 superiorem
920 1662 1063 1736 epistotam
1079 1661 1117 1719 27
1135 1679 1222 1736 neque
1238 1671 1389 1732 tractatum,

123 1743 159 1800 ele
178 1760 237 1818 quo
261 1746 379 1819 agimus,
406 1746 556 1819 pertinere.
583 1746 626 1802 vel
651 1745 755 1804 diversa
781 1747 911 1802 tractandi
935 1764 966 1803 ae
992 1746 1265 1804 disserendiratione
1286 1749 1390 1821 perspi·

123 1845 207 1884 enum
229 1837 280 1886 est
994 1824 1008 1856 ⁹

211 1914 240 1970 2.
271 1913 318 1971 ilic
338 1923 468 1972 tractatus
483 1916 511 1972 id
527 1925 632 1991 tempus
647 1918 725 1991 sapit,
747 1933 801 1990 quo
819 1916 939 1973 Gelasius
960 1913 1147 1991 pontificatum
1162 1918 1230 1988 iniit.
1261 1915 1299 1972 Eo
1316 1927 1389 1973 corto

119 2002 215 2056 animo
228 1999 304 2056 iilum
318 2002 448 2075 suscepit,
467 2011 496 2058 ut
511 2001 683 2058 decessorum
704 2018 817 2057 suorum
834 2003 861 2057 iu
877 2003 965 2058 Aeacii
986 2019 1064 2058 eausa
1079 2003 1202 2076 vestigiis
1218 2003 1344 2059 insistere
1359 2020 1389 2058 se

119 2085 190 2142 velle
208 2083 409 2143 testificaretur.
436 2087 536 2143 ideirco
552 2087 618 2143 nihil
633 2085 665 2141 nb
681 2089 762 2143 eisin
778 2087 917 2142 inaccensa
934 2096 1033 2143 temere
1049 2095 1137 2142 actum
1154 2103 1213 2143 esse
1229 2103 1312 2160 quum
1329 2087 1389 2143 illo·

117 2188 179 2226 rnrn
203 2179 264 2226 tum
280 2172 363 2244 ipsius
384 2173 472 2228 Aeacii
492 2173 599 2246 scriptis
619 2172 804 2228 demonstrare
826 2174 916 2227 statim
937 2172 1105 2246 aggreditur.
1143 2172 1230 2240 Ouum
1251 2180 1340 2228 autem
1360 2173 1387 2227 iu

117 2255 320 2330 posterioribus
335 2258 444 2331 scriptis
459 2257 537 2331 plura
552 2257 726 2314 Orientalium
741 2257 782 2313 vel
799 2265 876 2332 gesta
891 2257 931 2312 vei
948 2256 1053 2328 objecta
1068 2266 1236 2319 enarrentur,
1253 2256 1388 2330 explicen-

118 2352 173 2402 tur.
190 2341 380 2405 confutentur,
395 2344 423 2397 in
439 2343 490 2399 bor
504 2342 654 2398 intenditur
668 2343 695 2398 id
710 2360 804 2405 unum,
828 2350 858 2398 ut
872 2341 945 2398 Petri
961 2342 1132 2397 Alexandrini
1149 2350 1244 2416 utpote
1260 2343 1388 2397 haeretici

116 2426 241 2481 damnati
261 2443 366 2483 amnon
382 2427 477 2490 Aeacii,
499 2429 545 2501 qui
566 2444 627 2483 cum
648 2444 681 2483 eo
696 2427 781 2501 polam
803 2445 834 2484 ac
848 2429 935 2483 sciens
949 2428 1162 2488 communicarit.
1181 2429 1288 2483 nomina
1304 2428 1386 2482 sacris

117 2509 253 2566 altaribus
274 2513 380 2568 recitari
401 2529 456 2567 non
478 2511 786 2586 licere.comprobetur.
823 2512 860 2567 Er
883 2529 937 2586 quo
958 2529 1129 2585 consequens
1148 2521 1199 2574 est,
1224 2521 1255 2568 ut
1270 2512 1331 2567 licet
1347 2513 1387 2567 iu·

118 2597 236 2670 scriptio
250 2595 327 2659 desit,
344 2596 377 2652 ad
393 2613 441 2653 eos
458 2605 545 2653 tamen
561 2598 601 2654 vei
618 2606 731 2671 propter
746 2614 802 2662 eos,
816 2599 861 2670 qui
877 2616 891 2652 a
906 2597 978 2653 Petri
994 2598 1137 2671 Acaciique
1149 2597 1303 2654 nominibus
1319 2598 1387 2653 reci-

119 2682 214 2737 tendis
228 2680 358 2738 absistere
373 2681 510 2746 nolebant,
528 2684 637 2740 honest
653 2682 810 2747 Orientnios,
833 2685 964 2757 scriptum
980 2699 1039 2738 esse
1054 2684 1210 2738 sentiamus.
1242 2682 1343 2737 Saltem
1359 2684 1386 2737 in

119 2766 178 2837 ejus
192 2766 305 2823 exordio
317 2766 441 2824 nonnihil
455 2767 600 2824 desiderari
616 2769 712 2842 cuique
728 2767 834 2824 obuium
850 2776 900 2824 est.
924 2767 977 2823 Nos
994 2784 1056 2823 sero
1072 2769 1152 2823 etiam
1168 2785 1200 2822 en
1216 2767 1263 2823 illo
1274 2767 1386 2823 exordio

119 2870 190 2925 quiae
207 2868 241 2907 er
256 2851 382 2926 Simplicii
403 2852 516 2927 epistola
534 2853 571 2910 18
592 2870 643 2909 nee
658 2871 713 2909 non
729 2869 797 2926 quae
811 2852 925 2908 subinde
940 2869 973 2909 ex
989 2854 1077 2907 bracii
1092 2852 1163 2926 apud
1179 2852 1302 2908 cumdem
1318 2852 1385 2907 Sim-

119 2938 233 3010 piicium
247 2937 362 3011 epistola
377 2938 396 2994 8
412 2937 548 3011 descripta
562 2946 647 3002 erant,
663 2940 747 3012 prima
762 2955 793 2993 ae
808 2946 943 3012 postrema
960 2936 1164 2993 verbaiudicare
1176 2939 1306 2999 conteuti.
1322 2955 1385 3011 sup·

119 3022 263 3096 primenda
284 3022 422 3086 duximus,
445 3023 518 3097 quod
538 3025 671 3080 neminem
692 3040 773 3097 aegre
793 3023 909 3079 laturum
924 3031 1001 3097 puto.
1033 3024 1068 3077 At
1088 3023 1274 3078 intermedium
1290 3020 1385 3077 Felicis

120 3109 308 3163 testimonium
323 3109 384 3182 quia
400 3108 482 3182 louge
499 3109 585 3164 minus
601 3108 734 3182 prolixum
750 3117 800 3170 est,
821 3126 851 3164 ac
872 3110 957 3182 prima
972 3106 1052 3177 hujus
1069 3114 1198 3163 tractatus
1212 3107 1292 3163 iacies
1308 3108 1386 3162 nimis

120 3191 372 3248 detumeationibus
388 3191 536 3249 deformior
550 3202 700 3268 appareret,
717 3195 870 3249 censuimus
886 3192 1066 3248 retinendum.

208 3277 237 3334 3.
273 3276 391 3352 lienique
407 3277 484 3334 nobis
500 3281 579 3334 etiamr
595 3278 717 3334 addenda
731 3280 786 3334 visa
801 3287 873 3340 sunt,
891 3294 959 3351 quae
975 3277 1148 3333 'tillemontio
1164 3276 1227 3349 (rita
1242 3276 1382 3350 Eupiuemii
1396 3280 1469 3349 [Ed]

119 3362 207 3436 capte.
223 3378 247 3418 c.
257 3359 287 3428 6)
309 3371 335 3418 ct
351 3363 499 3419 balleriniis
520 3362 564 3436 (de
579 3365 681 3438 antiqu.
699 3362 805 3433 collect.
823 3363 897 3418 latin.
915 3362 936 3419 ii
953 3381 977 3419 c.
995 3363 1031 3417 11
1049 3360 1110 3434 84)
1134 3363 1167 3417 dc
1185 3363 1237 3418 lnoe
1252 3361 1385 3435 opusculo

121 3448 294 3521 placuerunt.
324 3445 374 3515 Oui
389 3465 473 3523 quum
489 3448 539 3505 alia
561 3465 593 3505 eo
609 3449 742 3504 contineri
758 3448 926 3510 invenerunt,
948 3464 1017 3521 quae
1037 3449 1129 3521 potius
1150 3448 1285 3503 bominem
1296 3440 1316 3517 ¹)
1331 3450 1386 3520 pri-

122 3542 213 3587 ratum
228 3548 307 3606 quam
323 3531 471 3589 Romanum
490 3533 616 3589 decerent
630 3531 794 3607 pontificem,
816 3533 873 3593 alia.
896 3549 963 3605 quae
980 3534 1113 3587 hominem
1129 3534 1155 3588 in
1170 3531 1279 3588 Oriente
1295 3547 1385 3605 perso·

122 3610 258 3689 entioni²)
274 3616 428 3681 obnoxium,
452 3635 507 3674 non
522 3618 621 3674 Romae
636 3616 685 3674 sub
701 3617 870 3674 'theodorico
893 3625 950 3672 tute
966 3617 1110 3690 degentem
1125 3616 1293 3679 exhiberent,
1317 3619 1385 3672 veri·

124 3702 212 3757 simiie
239 3709 349 3776 putant,
370 3702 454 3766 illud,
481 3705 504 3758 si
530 3720 622 3759 reuera
641 3704 668 3759 in
690 3702 825 3758 Sirmondi
852 3701 944 3758 codice
966 3704 1074 3757 nomino
1096 3702 1194 3758 Gelasii
1215 3703 1384 3776 insignitum.

124 3788 256 3860 κτίμαω
272 3786 375 3860 quidem
396 3786 428 3843 ab
444 3788 496 3844 hoe
510 3805 578 3850 osse.
594 3806 608 3843 a
623 3787 700 3858 cujus
716 3789 794 3842 etiam
810 3787 874 3843 stilo
890 3804 944 3842 nou
960 3785 1132 3849 abhorreret,
1154 3796 1181 3843 at
1201 3804 1256 3845 uou
1271 3804 1322 3841 suo
1337 3786 1384 3841 sed

125 3887 220 3926 eorum
235 3873 349 3935 nomine.
366 3874 455 3947 quiin
470 3873 579 3929 Oriente
595 3871 766 3935 uexabantur,
789 3881 819 3928 ut
839 3889 886 3927 eos
907 3889 921 3926 a
942 3871 1054 3944 prolana
1078 3874 1266 3927 commmrionc
1282 3871 1384 3926 alienos

126 3956 152 4010 in
167 3957 309 4030 proposito
324 3955 502 4014 confirmaret.
535 3957 591 4013 Etsi
606 3958 651 4013 iliu
667 3956 774 4031 quidem
790 3956 868 4012 iaciic
883 3956 1063 4020 concedenda,
1087 3966 1175 4013 tamen
1188 3974 1220 4013 en
1235 3955 1385 4011 Constantii

129 4040 216 4096 nostri
231 4040 381 4113 conjectura
397 4042 501 4099 ielieius
517 4043 596 4116 piaua
612 4042 670 4099 beri
686 4041 763 4099 uobis
780 4041 914 4097 videntur.

325 4175 363 4236 In
383 4175 500 4238 Oetaeii
519 4191 620 4254 papea
641 4178 809 4237 tractatum
827 4175 876 4236 111
899 4169 1183 4254 („Necessariom“).

219 4296 245 4351 1.
271 4294 307 4352 th
326 4314 395 4354 anno
424 4297 504 4355 1576
526 4299 553 4354 in
573 4297 733 4354 bibliotheca
754 4276 860 4372 patrum
882 4307 946 4353 tom.
964 4295 982 4354 5
1003 4297 1129 4371 vulgatus
1150 4297 1193 4352 hic
1209 4304 1337 4351 tractatus
1353 4297 1381 4351 in
1400 4299 1463 4369 [ot]
1485 4314 1493 4328 ·

205 4474 223 4538 ¹)
239 4472 343 4530 Scilicet
358 4477 524 4547 praeprimis
540 4477 589 4533 illan
605 4497 631 4533 n.
646 4484 673 4532 6:
698 4483 754 4532 Noa
777 4488 816 4531 est
833 4482 1051 4546 quidemmortrae
1074 4480 1230 4538 humititatis,
1256 4481 1288 4529 de
1310 4483 1387 4530 totius

141 4543 208 4593 erbis
221 4546 368 4600 dimensione
382 4551 458 4613 ferre
474 4552 630 4609 sententiam,
650 4557 783 4600 esttamen
795 4556 906 4600 nostram
924 4551 955 4599 ele
972 4550 1082 4614 propria
1093 4552 1176 4599 solute
1188 4565 1243 4598 erre
1255 4551 1387 4601 sollicitos.

205 4608 274 4675 'ibib
288 4615 349 4666 nuni
364 4613 414 4667 illa
431 4619 497 4667 n.O:
521 4617 648 4680 Optamus,
668 4620 850 4684 quandiucunque
874 4625 898 4666 et
917 4624 1108 4683 peruenturusque
1130 4633 1208 4682 super
1230 4633 1276 4666 nos
1294 4619 1386 4680 impor-

143 4682 227 4729 ioeerr't
241 4683 352 4746 t'ariua'am5
377 4687 489 4737 tolerare
508 4687 652 4737 dmeriminn
669 4691 695 4736 in
712 4689 812 4736 saeauo
830 4688 969 4749 praesenti,
994 4693 1087 4734 tuatma
1109 4702 1141 4735 ne
1163 4702 1253 4735 coeman
1270 4689 1386 4734 incurro·

144 4762 191 4797 ιιι
206 4751 284 4801 mro
299 4759 434 4809 ortanae:
461 4751 490 4804 ei
506 4749 554 4803 illa
571 4770 596 4806 n.
612 4759 655 4805 10:
675 4755 719 4804 Me
737 4759 801 4803 enim
819 4755 905 4815 eredo,
923 4769 1008 4818 opero,
1028 4756 1127 4816 corafirio
1144 4755 1170 4802 in
1188 4753 1296 4808 Obrirto,
1320 4755 1388 4817 quod

145 4814 174 4862 ab
188 4818 240 4878 ejus
255 4821 357 4872 raritate
374 4838 422 4872 aee
440 4823 578 4885 tribulatio,
594 4816 642 4873 mec
653 4825 778 4888 angustia,
798 4837 843 4870 nee
854 4824 972 4885 gladius.
987 4859 992 4869 .
1007 4862 1013 4873 .
1027 4838 1134 4886 unquam
1144 4824 1242 4885 poterit
1253 4837 1385 4885 separare.

148 4881 261 4937 lumbar
273 4895 423 4954 persecatto.
440 4893 555 4941 saeviant
570 4894 653 4957 leges:
670 4892 741 4940 militi
753 4891 848 4940 Obriett
858 4891 992 4954 gloriosius
1010 4897 1047 4939 cst
1065 4892 1129 4940 mori
1140 4906 1213 4956 quara
1226 4891 1298 4947 aimei,
1312 4890 1386 4952 frau-

146 4951 199 5001 ffl'
210 4960 369 5019 macrensem
387 4960 521 5010 commodis
538 4961 623 5010 metiar
641 4975 714 5028 quam
731 4974 823 5009 carere
839 4959 943 5021 facturis.
