3204 5506
274 335 337 403 332
752 351 1075 402 senmourmae
1179 386 1185 393 .

166 534 190 571 a.
202 523 262 574 493.
276 508 570 594 consequantur¹⁷),
594 529 656 593 quo
671 506 755 571 male
769 528 845 571 usus
860 507 894 571 in
910 508 1098 592 perpetuam
1113 506 1228 572 recidit
1241 507 1434 592 servitutem,
1452 530 1496 573 ε

275 611 429 696 seriptum
453 614 516 675 est:
544 615 600 687 Oui
616 613 697 686 tacit
712 620 885 690 peccatum,
909 632 1014 676 seruus
1035 621 1080 675 est
1097 617 1235 692 peccati;
1258 631 1279 674 a
1294 632 1353 690 qua
1369 618 1433 692 auis

116 705 373 792 ‘J0h·8·³4·rutur‚
397 719 468 779 huie
489 728 518 778 et
539 735 643 778 seruus
666 719 836 778 addicitur:
862 735 971 778 nonne
998 711 1078 777 haee
1100 716 1149 777 est
1170 712 1226 777 illa
1248 713 1481 798 praesumptio

160 774 260 907 ²213?
273 815 400 899 taralis,
425 838 506 901 quae
529 815 570 879 ad
591 814 800 879 detestandae
824 815 1021 901 captivitatis
1040 815 1115 899 jura
1137 815 1320 900 deseendit,
1344 837 1438 901 quam
1455 815 1496 886 ξ

274 921 369 1003 ptura
391 921 504 983 sancta
526 918 572 983 sie
594 921 765 983 memorat:
790 925 891 984 Graue
904 925 1015 999 jupam
1037 940 1130 1000 super
1141 925 1221 996 titios
1236 923 1335 984 Adam
1349 941 1369 983 a
1383 925 1496 989 diez

155 996 259 1127 ἳζώξε·
273 1029 311 1087 de
332 1032 435 1087 uentre
456 1028 563 1086 matris
584 1042 687 1085 aarum
717 1042 809 1101 resque
836 1029 867 1086 iu
891 1028 969 1086 diem
991 1028 1167 1102 sepulturae
1193 1029 1224 1087 in
1245 1032 1375 1087 marren
1397 1033 1496 1090 amai

274 1125 397 1210 deque
419 1146 521 1210 genus
543 1124 720 1189 humanum
742 1146 808 1187 non
831 1124 893 1188 nisi
916 1123 1001 1188 solus
1023 1123 1180 1189 Dominus
1207 1127 1318 1190 noster
1339 1123 1432 1190 Jesus
1452 1124 1496 1194 C

274 1230 342 1292 stus
365 1227 553 1293 commeroio
576 1249 652 1291 suae
674 1225 811 1290 redemit
831 1226 1005 1311 passionis,
1037 1229 1069 1290 et
1096 1229 1221 1292 mutata
1242 1227 1415 1293 nativitate
1434 1249 1496 1296 not

273 1329 379 1395 eruit?
409 1335 498 1396 Solus
519 1338 621 1410 utique
642 1335 723 1394 uenit
743 1350 892 1408 quaerere
912 1342 941 1395 et
961 1335 1093 1408 saluere,
1116 1336 1200 1410 qued
1218 1337 1373 1411 perierat:
1394 1332 1430 1394 ut
1447 1329 1496 1399 lib

160 1409 259 1532 {app
272 1437 341 1518 tas,
370 1456 451 1519 quae
473 1456 531 1518 per
558 1431 761 1524 temerariam
788 1431 896 1496 fuerat
922 1432 1048 1516 dejecta
1075 1433 1275 1519 superbiam,
1309 1433 1496 1500 instauraret

199 1520 205 1539 ’
275 1541 423 1624 reparata
446 1558 503 1623 per
524 1535 675 1621 gratiam,
698 1537 871 1620 mutuaque
894 1535 963 1600 vioe
985 1534 1146 1600 humanae
1164 1535 1341 1602 voluntatis
1364 1535 1496 1602 arbitria

275 1643 359 1706 sieut
384 1637 544 1725 sequendo
572 1636 735 1703 diabolum
763 1637 985 1722 captivitatem
1019 1641 1179 1703 meruerat
1213 1640 1496 1726 sempitemam,e1

273 1744 465 1809 reformatae
497 1740 716 1826 subsequendo
752 1741 913 1807 libertatis
947 1744 1126 1826 auctorem,
1165 1742 1319 1808 amissum
1352 1742 1496 1808 redirett

188 1928 191 1941 Ι
273 1847 459 1932 praemium.
490 1844 577 1910 Hine
599 1848 658 1927 est,
682 1843 765 1929 quod
788 1843 856 1929 ipse
874 1842 1031 1910 Dominus
1053 1844 1115 1908 ait:
1139 1849 1234 1921 Quum
1256 1868 1308 1912 uos
1323 1848 1496 1912 utrarum

121 1956 360 2027 renouauerit,
385 1959 458 2015 tuuc
479 1969 549 2013 uere
569 1953 660 2013 tiberi
679 1955 781 2021 eritis;
815 1950 848 2011 et
870 1947 1033 2032 apostolus
1060 1946 1173 2012 beatus
1196 1947 1317 2014 Paulus
1345 1947 1496 2034 exsequitn

275 2057 367 2130 Quum
388 2057 470 2117 serra
488 2058 590 2116 essetis
609 2057 738 2132 peceati,
762 2056 853 2114 liberi
861 2053 966 2126 fuistis
973 2055 1123 2130 justitiae,
1147 2050 1180 2114 id
1196 2054 1246 2117 est
1261 2051 1360 2117 alieni
1374 2074 1394 2118 a
1404 2048 1496 2136 justiti

272 2161 395 2220 literati
419 2163 516 2219 autem
545 2163 729 2236 upeccate,
757 2161 836 2218 serti
858 2156 941 2229 sacti
966 2159 1036 2217 estt's
1056 2159 1213 2233 justitiae;
1251 2158 1285 2219 et
1311 2155 1428 2220 itemm
1451 2151 1496 2218 itle

272 2258 357 2343 ipse:
380 2262 570 2335 Libertatem,
596 2254 711 2340 inquit,
743 2277 804 2335 qua
827 2277 877 2321 aas
900 2261 1035 2321 Christus
1055 2260 1205 2347 liberauit.
1250 2255 1370 2323 Nonne
1395 2256 1459 2342 ipse
1475 2276 1496 2319 n

150 2130 261 2194 Romi,

139 2199 259 2252 toetti.

123 2368 261 2434 Galam.
276 2359 441 2425 electionis
464 2359 606 2424 affimat
633 2361 666 2422 et
692 2358 785 2423 dicit:
809 2363 890 2424 Deus
910 2369 964 2443 est,
988 2366 1041 2439 aui
1062 2372 1209 2439 operatur
1230 2366 1262 2425 in
1278 2364 1357 2426 vore
1378 2371 1408 2425 et
1420 2363 1485 2425 reik

121 2468 497 2546 Phil.a,1a.perficerepro
518 2467 597 2527 bona
620 2468 792 2526 uoluntate?
815 2482 856 2526 ne
879 2461 978 2527 etiam
999 2461 1034 2526 in
1056 2462 1141 2526 mala
1163 2461 1331 2528 voluntate
1353 2465 1386 2528 et
1407 2460 1480 2526 velle

275 2565 427 2651 perficere
450 2564 537 2629 Deus
559 2567 729 2649 putaretur
749 2563 885 2648 operari.

360 2668 389 2733 8.
434 2666 517 2733 Illud
546 2669 652 2731 autem
679 2665 928 2752 Pelagianorum
955 2664 1115 2752 peculiare
1143 2668 1229 2733 virus
1252 2671 1302 2735 est
1328 2664 1496 2754 olimqnei

274 2771 397 2854 tritum,
427 2792 489 2855 quo
515 2771 634 2854 putant
660 2768 800 2855 gratiam
827 2768 887 2834 Dei
916 2771 1088 2836 seeundum
1117 2771 1232 2837 merita
1259 2770 1426 2837 hominum
1449 2789 1496 2856 pot

276 2873 424 2956 conferri,
447 2872 531 2959 quod
553 2872 671 2937 absita
692 2872 854 2937 mentibus
877 2860 1079 2958 Christianis,
1103 2895 1200 2959 quum
1222 2873 1388 2959 praefatus
1409 2872 1496 2939 testei

275 2974 454 3060 apostolus:
478 2981 587 3041 Gratia
608 2988 651 3041 est
672 2997 751 3056 quae
770 2983 868 3053 aratis
890 2981 991 3053 datur,
1017 2983 1152 3057 aliaqrtin
1173 2984 1201 3042 si
1213 2998 1253 3042 ex
1275 2981 1416 3058 operata
1429 2984 1496 3056 arti

175 3053 337 3187 ffijam
358 3100 418 3144 non
442 3089 486 3144 est
505 3085 620 3157 pratia:
649 3078 725 3162 quia
751 3099 873 3142 meroes
899 3077 1057 3161 redditur,
1088 3101 1156 3145 non
1184 3079 1304 3165 gratis,
1334 3079 1420 3144 unde
1437 3097 1496 3158 pre

275 3202 392 3246 nomen
415 3180 549 3264 aceepit,
573 3180 779 3264 impenditur.
825 3179 902 3256 Quis
930 3183 1036 3244 autem
1063 3181 1179 3246 audeat
1201 3181 1307 3246 dicere
1330 3179 1496 3246 Ohnsfinn

275 3281 394 3368 aliquid
422 3281 540 3346 habere
563 3282 639 3345 boni
668 3281 737 3346 sine
765 3284 883 3368 gratia,
918 3282 1046 3367 quando
1063 3283 1218 3368 magister
1239 3283 1388 3368 gentium
1417 3280 1496 3348 olem

175 3451 188 3499 1
200 3382 238 3501 ὦ
276 3387 393 3450 cuneta
414 3384 553 3449 breviter
575 3385 608 3448 in
632 3405 666 3447 se
687 3383 772 3448 dona
795 3384 1002 3449 concludens:
1027 3391 1137 3451 Gratia
1159 3389 1218 3450 Dei
1236 3407 1301 3450 sum
1316 3391 1351 3450 id
1372 3390 1496 3468 wadre

174 3464 260 3579 15³5]
274 3498 304 3551 et
322 3494 428 3565 uratia
450 3494 516 3567 ejus
538 3494 568 3552 in
590 3507 637 3551 me
658 3508 756 3552 uacua
777 3507 838 3553 noa
856 3490 935 3563 suit;
962 3490 998 3552 ut
1019 3487 1211 3570 ostenderet,
1235 3487 1310 3572 quia
1331 3486 1496 3574 donumg

274 3588 340 3652 tiae
362 3610 428 3652 non
449 3589 518 3673 ipse
547 3588 755 3673 praecesserit
787 3588 842 3653 sed
869 3589 967 3654 fuerit
995 3589 1197 3672 subsecutus,
1227 3593 1323 3674 atque
1349 3591 1496 3655 monstra

276 3694 513 3776 cooperatorem
536 3713 569 3756 se
592 3713 660 3755 esse
682 3690 807 3776 gratiae
829 3691 1063 3776 subsequendo:
1091 3696 1145 3756 sed
1160 3683 1233 3772 pius
1255 3691 1496 3777 vanitantium

275 3799 335 3858 iliis
355 3798 504 3860 laterata.
539 3793 588 3858 Ao
609 3815 717 3858 rursus
739 3792 869 3876 veritus,
893 3814 934 3858 ne
956 3793 995 3857 de
1017 3815 1050 3858 se
1072 3815 1275 3879 praesumere
1296 3793 1496 3878 videretur‚t

271 3894 398 3979 junxit:
420 3917 479 3962 nen
502 3917 568 3975 epo,
592 3900 647 3960 sed
665 3901 770 3977 pratia
793 3899 851 3960 Dei
871 3916 995 3962 mecum.
1023 3895 1097 3961 Non
1120 3895 1217 3962 dixit:
1239 3917 1297 3977 epa
1318 3907 1349 3962 et
1368 3899 1496 3978 matti

274 4019 398 4081 meana,
422 3997 476 4063 sed
499 3998 685 4083 praeposuit
706 3998 847 4083 gratiam
874 3997 1177 4085 praecedentemffl),
1206 4019 1337 4084 seseque
1366 3998 1496 4085 subjunr

274 4099 358 4177 Quid
379 4103 486 4166 autem
508 4100 620 4165 haberi
649 4101 751 4184 pessit
772 4101 842 4166 sine
864 4101 980 4186 gratia,
1005 4122 1102 4185 quum
1127 4101 1171 4166 sit
1192 4100 1271 4166 fides
1292 4101 1365 4188 ipsa
1387 4122 1447 4186 per
1470 4120 1496 4187 gt

342 4341 371 4407 ¹⁷)
390 4339 433 4394 Ita
450 4356 546 4395 sensus
563 4337 674 4409 integer
692 4337 818 4406 efficitur,
840 4338 864 4394 si
880 4339 950 4395 haee
967 4340 1054 4395 verba
1072 4339 1153 4408 quasi
1170 4356 1203 4395 ex
1222 4337 1364 4396 sententia
1380 4338 1496 4411 Pelagiu

273 4443 335 4481 rum
352 4426 509 4480 sumuntur:
529 4431 599 4496 quod
614 4437 695 4480 autem
713 4430 808 4487 dicunt,
826 4429 905 4480 litero
918 4429 1026 4481 arbitrie
1039 4429 1217 4481 beatitudinem
1234 4445 1262 4480 se
1280 4431 1403 4496 consequi
1418 4440 1496 4494 ...;q

273 4510 325 4564 bus
343 4510 505 4582 opponitur:
524 4531 606 4567 nonne
624 4516 687 4566 baec
699 4523 737 4564 est
752 4516 926 4580 praesumptio
1021 4510 1084 4566 Jam
1103 4510 1235 4583 opposuit
1252 4512 1337 4567 antea
1354 4511 1385 4567 et
1401 4507 1496 4582 qunti!

272 4594 451 4666 parenthesin
464 4596 575 4667 repetit,
593 4601 686 4652 tamiri
702 4618 732 4652 ne
751 4601 776 4650 in
795 4600 949 4652 beatitudine
968 4602 1065 4664 quiden
1081 4603 1168 4666 posita
1185 4600 1275 4651 tonan
1287 4603 1406 4652 murcie
1415 4599 1496 4667 prode

270 4685 394 4747 pauisse,
413 4681 441 4735 et
458 4698 531 4736 nune
548 4681 621 4737 illius
637 4699 742 4754 pravae
760 4681 915 4738 sententiae
932 4698 1039 4738 merum
1057 4681 1163 4737 fontem
1175 4681 1275 4752 aperit,
1293 4679 1453 4754 superbiam
1466 4676 1496 4736 aa*

273 4764 317 4818 cet
335 4766 363 4820 et
379 4766 636 4837 praesumptionem
650 4766 712 4836 jam
728 4767 757 4822 in
774 4766 847 4822 libro
864 4766 1050 4824 Ecclesiastiei
1068 4767 1203 4824 notatm.

343 4852 372 4916 ¹⁸)
391 4849 425 4905 G*
445 4869 494 4905 nau
511 4860 600 4906 seruit.
1324 4902 1327 4907 .

342 4937 372 5001 ¹⁰)
390 4934 434 4990 lta
451 4936 496 4991 (3¹.
525 4934 600 4991 Editi
616 4956 654 5003 se,
674 4948 758 5007 atque,
777 4940 805 4993 a'
820 4945 1025 5009 praecedentem,
1043 4959 1071 4995 re
1090 4951 1174 5011 atque.
1205 4938 1278 4996 Eine
1295 4936 1413 4996 maxine
1427 4950 1496 5007 mli·
