3204 5506
272 330 278 369 ¹
498 340 693 390 nmsronas
717 331 789 389 131.
815 330 886 388 132.
1268 322 1332 388 955

57 495 243 581 Spirituque
266 496 378 559 sancto
400 515 547 580 regnare,
570 493 813 579 majestatisque
836 493 904 577 ejus
926 514 1097 577 personam
1119 493 1153 557 in
1169 492 1330 558 Trinitate
1343 502 1459 570 (at-20.)

58 601 92 662 et
114 619 153 661 ex
175 596 336 661 'trinitate
363 619 430 661 non
457 596 631 660 infideliter
653 595 820 660 credimus.
870 595 919 659 De
942 594 1125 660 nominibus
1148 598 1256 660 autem
1277 594 1329 659 dc·
1435 657 1437 662 .

56 700 243 764 functorum
266 699 486 784 episcoporum
509 698 692 781 clementer,
717 700 749 762 et
771 701 809 762 ut
830 697 921 762 decet
942 697 1111 782 pacificum
1129 701 1254 782 patrem
1269 697 1330 762 dis-

57 803 184 886 ponite:
208 800 282 886 q'uia
304 804 410 865 vester
431 822 555 885 quoque
578 799 803 885 praedecessor
816 800 931 864 beatae
953 800 1183 865 recordationis
1206 799 1244 863 ad
1268 790 1476 864 mea-‘illati-II

57 904 178 968 moriae
200 903 389 988 principalis
411 902 622 966 Anastasimn
644 902 781 987 scripsit,
809 906 847 966 ut
867 902 894 966 si
917 923 1034 967 nomen
1056 901 1168 967 Aeacii
1190 905 1332 966 tantum·
1345 865 1409 929 ap.1
1423 866 1482 913 Μ’

57 1005 184 1092 m0d02)
207 1004 384 1087 tolleretur,
413 1026 478 1069 una
499 1003 593 1068 nobis
616 1007 700 1068 esset
723 1003 915 1068 communio.
959 1002 1076 1068 Nonne
1103 1003 1204 1089 igitur
1230 1003 1333 1068 suasit

57 1111 166 1173 vestra
194 1107 300 1190 sedes,
333 1105 403 1192 ut³)
432 1105 600 1190 praestet?
642 1105 767 1170 Imitari
795 1105 918 1170 debetis
945 1106 1066 1170 etenim
1093 1105 1332 1170 sanctissimum

58 1211 198 1275 Leonem
213 1208 395 1273 Romanum
416 1208 612 1292 pontificem,
637 1229 676 1271 ac
698 1207 783 1271 sicut
804 1206 859 1271 ille
882 1207 1012 1291 scripsit
1025 1207 1135 1291 Leoni,
1160 1208 1206 1271 ita
1229 1198 1434 1273 etvos112011·

57 1311 205 1376 omnibus
228 1310 404 1395 amputatis
426 1309 680 1374 dubitationibus
702 1309 862 1394 perfectas
884 1309 1098 1394 pacificasque
1125 1309 1263 1394 paginas
1292 1310 1332 1374 ad
1345 1283 1387 1338 cp.
1399 1272 1470 1374 165.

56 1411 305 1479 invictissimum
332 1411 512 1496 principem
539 1410 640 1475 filium
667 1413 811 1475 restrum
844 1410 1019 1475 rescribere
1047 1410 1261 1496 Ecclesiac⁴)‚
1295 1415 1333 1476 ut

58 1519 134 1580 ante
156 1514 300 1579 tribunal
321 1514 449 1579 venturi
466 1513 585 1598 judicis
607 1512 770 1598 particeps
778 1513 803 1599 ⁵)
828 1534 936 1577 eorum
958 1513 1045 1596 sitis,
1069 1534 1205 1601 quorum
1225 1515 1333 1579 sedem

53 1618 128 1702 jure
151 1615 341 1681 sacerdotali
363 1616 491 1681 biretis.
530 1615 689 1680 Ostendat
711 1636 787 1699 crgo
808 1619 883 1680 tuus
905 1615 1113 1699 apostolatus,
1137 1616 1221 1700 quod
1235 1615 1333 1680 Petro

57 1718 212 1784 successit
234 1717 394 1803 apostolo;
426 1716 578 1803 quoniam
599 1716 756 1781 Dominus
779 1740 798 1781 a
819 1717 910 1781 vobis
939 1719 1051 1802 utpote
1072 1717 1204 1782 summis
1226 1721 1332 1803 pasto-

56 1822 147 1886 ribus
176 1822 345 1885 exacturus
374 1822 425 1884 est
449 1818 672 1883 universorum
699 1819 852 1903 salutem,
886 1818 941 1904 qui
969 1821 1123 1904 poterimt
1154 1842 1224 1885 esse
1252 1819 1332 1884 salvi

56 1925 186 1990 firmata
210 1921 390 1988 concordia.
435 1920 503 1985 Nos
531 1921 651 1986 etenim
673 1921 774 1986 finitis
803 1921 968 2005 capitulis,
1003 1922 1041 1985 de
1068 1921 1184 2005 quibus
1212 1922 1334 2007 scripta

55 2024 243 2110 suscepistis
250 2074 259 2107 ,
288 2022 374 2088 ultra
382 2024 407 2108 ⁰)
435 2044 503 2088 non
525 2024 685 2108 patiemur
712 2044 912 2108 aquoquam
936 2024 1185 2088 controversiam
1206 2023 1333 2109 religio-

55 2129 110 2194 nis
137 2129 173 2192 in
194 2125 359 2211 republica
386 2127 497 2189 nostra
519 2126 653 2209 moveri,
689 2147 749 2190 nec
777 2128 917 2190 vestram
947 2125 1154 2190 sanctitatem
1182 2127 1333 2190 convenit

56 2230 170 2296 audire
191 2227 353 2313 superflua
376 2230 610 2293 concertantes.

126 2506 147 2571 ²)
165 2501 330 2557 Anastasius
348 2502 373 2554 Il
390 2517 466 2571 papa
483 2499 563 2569 epist.
585 2505 597 2552 1
617 2499 654 2553 ad
671 2499 849 2553 Anastasium
871 2505 1024 2568 principalia
1041 2506 1187 2563 raemoriae,
1210 2500 1263 2555 hoc
1282 2503 1333 2565 est,

56 2589 106 2656 qui
125 2587 192 2641 olim
208 2586 338 2657 princeps
355 2586 420 2651 luit,
439 2602 514 2638 num.
532 2591 548 2638 4
565 2600 622 2638 non
640 2584 692 2650 ait,
710 2587 741 2638 'ut
759 2590 942 2650 tantimodo,
965 2584 1014 2639 sed
1032 2591 1064 2638 ut
1080 2591 1229 2654 specialiter
1245 2605 1332 2640 aenaea

55 2684 177 2727 taceatur
194 2677 300 2726 Aeacii:
324 2670 399 2739 quod
423 2669 529 2723 scilicet
550 2687 635 2722 unum
656 2669 791 2724 hactenus
813 2669 930 2724 ccclesia
949 2667 1258 2739 Constantinopolitana
1277 2687 1334 2725 ma·

55 2758 132 2812 xime
154 2757 304 2811 recusarat.
345 2753 401 2809 Sed
422 2754 475 2807 hoc
496 2752 663 2807 nominatim
680 2753 803 2819 edicens,
825 2769 1004 2823 nequaqnam
1022 2755 1054 2808 ut
1075 2753 1194 2809 aliorum
1217 2753 1264 2822 qui
1286 2754 1333 2809 da·
1416 2803 1419 2810 .

56 2841 147 2897 mnati
164 2842 277 2896 fuerant
294 2839 407 2895 nomina
424 2837 609 2893 recitarentur
625 2839 816 2908 permittebat.
847 2839 935 2893 Immo
954 2857 989 2894 ne
1001 2838 1030 2892 id
1048 2839 1136 2906 fieret,
1153 2838 1259 2893 ibidem
1276 2846 1332 2893 ns

57 2927 161 2981 diserte
180 2926 345 2997 deprecatus
367 2925 411 2979 est
432 2923 475 2977 his
492 2923 597 2978 verbis:
621 2929 763 2991 chatc'onc
781 2930 865 2993 itaque
883 2928 1014 2992 franptmur
1035 2944 1084 2992 pro
1103 2928 1216 2985 Otrr‘ato,
1240 2944 1271 2977 ne
1289 2943 1333 2978 eos

56 3023 168 3081 propter
179 3017 346 3067 ortmsioaem
358 3017 398 3064 aet
413 3015 560 3063 scandalum
576 3015 709 3078 patiamini
725 3013 825 3077 prcbls'ce
837 3014 969 3072 nominari,
988 3028 1092 3078 qaorum
1104 3017 1194 3062 merito
1210 3013 1249 3062 cel
1261 3020 1333 3063 oetas

57 3103 131 3166 apud
148 3102 215 3151 illam
226 3101 342 3163 jndicem
359 3100 443 3149 latere
461 3115 511 3149 noa
528 3106 642 3162 possunt.

127 3181 273 3250 ³)1taG1.
315 3182 341 3233 a¹
365 3190 393 3233 at
412 3190 531 3248 praestet
553 3185 647 3233 imitari
668 3183 783 3233 debeatis
805 3191 830 3232 ct
851 3184 929 3238 enim:
957 3178 1029 3233 aliae
1052 3189 1080 3231 at
1101 3188 1218 3247 praestet
1240 3184 1335 3231 imitari

57 3270 228 3320 beatissimam
245 3277 270 3319 et
287 3270 470 3318 sanctissimum
487 3270 606 3320 Leoaera.
643 3262 696 3318 Vel
712 3262 875 3332 legendum:
895 3268 968 3317 Nunc
985 3269 1063 3332 zpitur
1081 3268 1150 3333 qaod
1165 3268 1247 3320 suasit
1258 3269 1333 3316 aedes

57 3361 145 3406 vestra
163 3356 191 3404 id
204 3361 337 3420 praestet,
360 3350 406 3403 vel
427 3351 459 3403 ut
479 3350 508 3402 in
531 3349 657 3419 ejusdem
678 3347 830 3403 Justiniani
852 3347 972 3418 epistola
990 3353 1039 3401 120
1056 3364 1082 3400 n.
1102 3353 1118 3400 2
1141 3366 1191 3401 aaa
1214 3358 1253 3401 eat
1271 3366 1333 3415 erpo

55 3456 151 3506 prave,
171 3441 240 3505 quod
256 3440 337 3490 masi!
353 3441 429 3489 sedes
446 3447 545 3499 cestra,
563 3445 590 3487 ut
607 3444 732 3503 praestet.

127 3523 148 3590 ⁴)
167 3520 241 3575 Loco
260 3525 394 3574 Ecclesiae
412 3519 557 3574 mallemus
575 3520 679 3575 debetis.

128 3608 149 3673 5)
167 3606 194 3659 Is
212 3604 345 3675 loquendi
361 3603 472 3668 modus,
492 3622 546 3673 quo
565 3603 681 3658 verbum
698 3602 813 3673 pluralis
825 3604 933 3657 numeri
944 3606 1061 3674 propter
1073 3600 1259 3658 reverentiam
1271 3618 1332 3671 per-

58 3707 145 3745 sonae
164 3706 225 3743 cum
244 3689 355 3744 nomine
373 3689 521 3760 singularis
539 3688 648 3742 numeri
669 3690 785 3758 propter
808 3687 934 3758 ejusdem
955 3703 1090 3757 personae
1110 3686 1333 3756 singularitatem

57 3774 222 3846 copulatur,
239 3773 268 3828 in
285 3776 384 3830 nostra
400 3774 498 3844 lingua
510 3773 669 3828 etiamnunc
680 3773 798 3827 usitatus
811 3772 932 3842 antiquis
943 3789 999 3826 non
1011 3772 1159 3826 inusitatus
1171 3771 1231 3825 fuit.
1262 3771 1333 3836 Quo·

58 3861 134 3915 circa
151 3859 222 3912 nihil
239 3866 292 3928 eat,
311 3877 359 3914 our
377 3877 439 3914 cum
457 3877 492 3914 co
509 3865 651 3928 participes
668 3874 811 3928 ponamus.

127 3948 149 4013 ⁶)
167 3944 211 3998 Ita
229 3962 291 3999 cum
310 3946 346 3999 c¹⁰
358 3948 387 3999 a³
405 3944 586 4009 correximus,
605 3943 680 4012 quod
693 3945 776 3997 antea
789 3950 856 3996 ultra
875 3963 920 3996 aaa
936 3950 1070 4011 patientur.
1102 3941 1243 4012 Capitula,
1261 3959 1332 4010 quae

45 4028 231 4108 xJustinianus
249 4029 322 4083 finiri
339 4028 535 4099 flagitatnon
554 4028 609 4082 alia
627 4033 691 4082 aurit
709 4029 745 4082 ab
764 4027 818 4082 illis
836 4028 957 4093 duobus,
976 4026 1077 4096 quibus
1097 4025 1256 4096 compositis
1274 4025 1332 4080 uni-

56 4129 154 4169 versos
173 4112 294 4169 Orientis
312 4115 471 4169 sacerdotes
489 4115 632 4168 Romanae
655 4112 727 4168 sedis
750 4112 972 4167 communionem
994 4113 1169 4183 amplexuros
1192 4112 1266 4165 idem
1289 4127 1332 4165 co·
1399 4155 1407 4166 .
1440 4162 1444 4172 ,

56 4217 118 4255 mes
136 4198 173 4253 ad
192 4199 296 4253 calcem
314 4198 449 4269 epistolae
470 4206 517 4253 120
535 4199 602 4252 item
620 4196 751 4262 adstruit,
771 4198 827 4251 scil.
848 4199 879 4250 ut
896 4198 1045 4252 Hormisda
1062 4218 1133 4250 uncam
1152 4217 1188 4250 aa
1207 4201 1332 4250 Trinitate

55 4289 208 4352 ‹riccifimam
226 4282 280 4338 dici
298 4292 328 4338 et
345 4289 520 4353 cpiscoporum
537 4296 596 4352 post
615 4289 736 4338 Acacium
754 4286 931 4349 defunctorum
943 4288 1042 4337 aomina
1053 4288 1161 4336 recitari
1177 4280 1330 4352 permittat.

54 4370 94 4426 Iis
113 4371 216 4435 autem,
235 4386 307 4438 quac
325 4386 397 4422 nunc
408 4367 582 4423 lastinianus
598 4367 754 4438 pollicetur,
770 4367 848 4420 illum
860 4365 973 4420 minime
985 4366 1106 4434 stetim,
1124 4367 1203 4422 testis
1215 4368 1258 4421 est
1270 4382 1333 4420 con-

54 4455 199 4510 troversia
216 4454 251 4507 dc
268 4453 357 4507 tribus
376 4452 505 4524 capitulis
528 4454 557 4507 et
579 4454 663 4519 aliae,
687 4470 756 4521 quas
778 4451 807 4505 in
824 4450 948 4505 Ecclesia
966 4469 1021 4505 non
1045 4451 1103 4506 siue
1126 4451 1257 4506 scandalo
1275 4467 1333 4505 mo-

54 4539 118 4596 veri
135 4556 235 4609 passus
254 4539 297 4593 est
314 4555 346 4592 ac
363 4540 477 4608 practer
494 4538 522 4592 id
541 4538 615 4606 quod
633 4537 724 4608 ipsmn
743 4536 862 4591 decebat
878 4536 1026 4606 promovit.
