3204 5506
579 357 774 406 1111010110
798 347 848 406 38.
873 347 922 405 31).
1319 341 1381 406 815

203 509 232 573 l.
269 501 384 573 Cratia
407 508 581 574 Salvatoris
609 512 752 575 omnium
778 513 923 575 nostrum
946 508 1067 576 Christi
1089 510 1254 597 immisit²)
1276 511 1380 595 nobis,
1395 522 1430 589 (a.
1442 523 1510 590 517.)

110 609 154 673 ad
177 612 317 674 vestram
338 610 570 675 beatitudinem
592 612 755 697 refugere,
780 612 867 676 velut
888 613 926 676 de
948 612 1052 676 hieme
1075 616 1107 676 et
1128 615 1319 696 tempestate
1342 613 1382 677 ad

108 715 244 795 portum
271 712 526 796 tranquillitatis,
577 714 744 778 Admoniti
771 714 902 778 minime
936 713 1250 779 circumvallantibus
1285 716 1380 799 n0s³)

110 812 353 878 calamitatibus
374 815 477 878 teneri
502 815 572 898 jam
600 816 765 880 credimus.
816 814 901 880 Nam
928 816 988 880 etsi
1015 815 1172 899 patimur,
1202 816 1380 900 gaudentes

110 915 320 999 sustinemus,
345 917 493 1000 scientae,
517 924 589 997 onia
605 940 665 982 non
680 931 749 982 sunt
770 924 941 995 condiente
959 925 1113 998 passiones
1134 922 1226 997 tejas
1240 926 1381 998 temporis

109 1021 316 1095 adfuturam
338 1026 484 1096 pieriam,
501 1024 596 1099 'qaae
617 1025 850 1096 revelabitnrin
872 1024 965 1083 notis.
1017 1017 1175 1093 Quoniam
1195 1041 1270 1084 vero
1293 1019 1381 1086 Chri-

110 1121 182 1183 stus
203 1118 290 1183 Deus
312 1124 422 1184 noster
444 1121 622 1205 principem
645 1125 810 1204 pastorum
838 1125 870 1184 et
891 1119 1051 1185 doctorem
1080 1124 1113 1185 et
1133 1121 1292 1186 medicum
1313 1123 1380 1186 ani-

110 1242 239 1284 marum
270 1223 437 1286 constituit
463 1223 589 1307 nobis⁴)
617 1225 758 1286 vestrum
785 1226 932 1286 sanetum
960 1222 1125 1307 angelum,
1160 1222 1294 1308 dignum
1321 1228 1379 1307 est,

109 1324 288 1407 passiones
313 1346 393 1407 quae
408 1325 501 1389 nobis
517 1324 733 1409 contigerunt,
758 1346 926 1408 exponere,
947 1328 980 1388 et
993 1324 1258 1389 immisericordes
1274 1330 1379 1391 osten-

109 1424 187 1488 dere
210 1426 311 1509 lupOS,
336 1426 391 1509 qui
413 1427 571 1510 dissipant
592 1448 724 1511 gregem
748 1425 882 1490 Christi:
910 1428 946 1489 ut
969 1427 1169 1491 auctoritatis
1192 1427 1305 1491 baculo
1326 1450 1378 1492 eos

109 1526 254 1610 expellat
275 1527 314 1590 de
336 1527 439 1591 medio
462 1529 584 1611 ovium,
616 1528 711 1592 verbo
739 1531 846 1591 autem
874 1528 1037 1592 doctrinae
1065 1529 1205 1592 animam
1232 1533 1326 1594 sanet
1347 1533 1379 1594 et

109 1628 267 1693 orationis
289 1629 531 1693 medicamentis
554 1629 691 1713 mitiget.

197 1730 227 1796 2.
265 1728 635 1814 edessensisine,
666 1733 698 1794 et
725 1732 780 1814 qui
806 1730 864 1795 hos
893 1731 1059 1796 adversum
1086 1755 1145 1797 nos
1173 1734 1377 1817 armaverint,

109 1832 247 1897 audistis
269 1832 389 1916 utiquc,
414 1833 605 1897 beatissimi:
639 1831 772 1897 Severus
781 1834 805 1919 5)
833 1832 888 1896 ille
911 1837 943 1897 01
965 1832 1094 1916 Petrus,
1130 1836 1185 1918 qui
1214 1858 1379 1920 nunquam

108 1935 146 1999 in
170 1933 354 2000 Christiano
376 1957 508 1999 numero
530 1935 669 2018 reputati
691 1938 783 2016 sunt,
817 1935 872 2018 qui
898 1935 1122 2020 persingulas
1144 1936 1211 2001 dies
1233 1943 1378 2003 sanctam

109 2034 405 2102 Calchedonensem
435 2037 590 2121 synodum
624 2036 922 2119 sanctissimumque
951 2039 983 2099 et
1010 2037 1228 2102 beatissimum
1253 2044 1378 2123 patrem

107 2141 258 2202 nostrum
271 2138 411 2203 Leonem
432 2138 561 2223 pubheo
584 2137 789 2202 anathemate
811 2137 1047 2223 impetentest),
1071 2143 1126 2222 qui
1144 2139 1300 2223 judicium
1316 2141 1378 2206 Dei

106 2240 195 2304 nihil
217 2242 424 2305 aestimantes
447 2244 479 2305 et
502 2240 649 2305 colendos
673 2261 811 2303 canones
833 2243 1017 2303 sanctorum
1039 2245 1167 2324 patrum
1189 2242 1378 2307 conculcan-

1392 896 1471 951 Rom.

1400 970 1424 1030 8,
1436 969 1474 1018 18.

108 2444 197 2498 etiarn
223 2445 379 2499 iohannem
405 2444 499 2513 regiae
527 2444 602 2498 urbis
630 2444 789 2513 episcopum
817 2443 845 2495 in
872 2443 941 2504 actis
964 2445 1116 2498 conventus
1139 2443 1377 2518 Constantinopoli

107 2546 184 2584 anno
198 2535 246 2583 518
264 2529 365 2596 habiti,
383 2528 495 2583 insertis
513 2529 629 2583 coneilio
644 2527 951 2598 Constantinopolitano
970 2531 1021 2582 sub
1034 2529 1117 2583 Mena
1129 2533 1182 2584 act.
1194 2530 1220 2584 V
1233 2531 1329 2599 (Hasd.
1342 2533 1377 2601 ll,

109 2618 203 2682 1317),
220 2620 395 2693 pptriarcttam
413 2621 594 2668 oecumenicam
611 2613 735 2668 vocitari.

179 2702 200 2767 ²)
219 2697 291 2752 lllud
308 2705 406 2753 immisit
424 2704 506 2760 nobis,
526 2699 600 2767 quod
618 2701 659 2753 est
677 2705 777 2752 induxit
797 2720 843 2754 nos
861 2717 909 2753 seu
925 2706 1054 2768 persuasit
1068 2705 1148 2765 nobis,
1168 2701 1304 2756 Batonius
1316 2721 1377 2774 sup-

105 2783 226 2855 pressit,
250 2783 418 2838 substituens
436 2784 495 2852 ejus
517 2785 577 2838 loco
601 2785 689 2837 solum
711 2803 770 2847 nos,
797 2783 1018 2851 vocabulumque
1041 2786 1208 2840 antecedens
1234 2795 1319 2857 pratia
1341 2789 1377 2841 ad

107 2869 283 2938 subsequens
301 2875 422 2923 admoniti
437 2868 552 2938 perinde
570 2871 667 2936 refert,
686 2887 718 2924 ac
737 2869 760 2922 si
777 2869 930 2937 legeretur,
949 2875 1071 2924 admoniti
1079 2878 1166 2938 pratia
1179 2876 1320 2927 Saloutaria
1332 2894 1377 2927 nos

105 2961 145 3008 ad
163 2966 273 3008 vestram
291 2965 338 3008 etc.

179 3043 201 3106 ³)
220 3043 246 3092 07
264 3056 320 3108 seq.
340 3039 429 3093 omitt.
449 3061 494 3095 nos
512 3044 702 3098 calamitatibus.

180 3127 201 3190 ⁴)
222 3123 256 3176 G'
276 3145 335 3191 1101,
353 3125 371 3177 b
386 3142 420 3178 cc
438 3145 481 3178 eos
499 3136 532 3180 et.
573 3125 678 3178 Eodem
700 3126 784 3179 modo
802 3125 875 3179 infra
891 3143 918 3180 n.
937 3133 953 3179 5
970 3124 1054 3179 iidem
1073 3124 1135 3194 Syri
1153 3127 1244 3195 ajunt:
1267 3133 1303 3182 ad
1316 3150 1376 3197 per·

104 3215 204 3277 sectam
222 3220 304 3263 01110111
322 3215 434 3263 notitiam
453 3211 518 3277 (non
536 3209 632 3264 addito
651 3221 757 3264 vestram
776 3216 811 3278 ct)
831 3217 909 3264 vestri
925 3218 1009 3264 sancti
1025 3217 1117 3279 attpeti.
1144 3211 1277 3265 Similiter
1294 3213 1376 3267 tusti-

104 3294 210 3348 nianus
228 3310 319 3348 comes
338 3311 380 3363 ep.
401 3301 432 3349 'iS
450 3313 476 3347 n.
496 3303 508 3346 1
529 3294 639 3348 scribit:
658 3302 694 3349 ad
710 3303 823 3362 anpctnm
840 3307 947 3350 vestram
965 3301 1021 3350 irinc
1040 3302 1209 3362 discedentes,
1229 3312 1377 3366 0011111110-

106 3380 196 3433 misso
214 3386 250 3434 ad
266 3400 309 3434 vos
327 3391 360 3433 et.
391 3381 416 3432 Is
434 3379 566 3447 loquendi
583 3379 682 3434 modus
694 3379 792 3433 nititur
804 3380 964 3450 apocalypsi
981 3387 1004 3446 2,
1016 3389 1088 3449 lsq.‚
1106 3381 1153 3435 ubi
1165 3381 1306 3437 Johannes
1320 3383 1377 3451 jus-

106 3482 156 3519 sus
175 3464 296 3518 scribere
314 3466 421 3534 septem
440 3465 562 3518 eeclesiis
579 3465 676 3518 scribit
689 3474 777 3534 onpeto
797 3471 894 3534 Ephesi
912 3472 1042 3521 cccten‘ac.

180 3553 201 3617 ⁵)
220 3548 337 3602 Severus
354 3550 400 3604 ille
418 3549 446 3601 in
464 3549 677 3616 Antiochenam,
695 3551 793 3604 Petrus
810 3553 904 3603 autem
915 3549 945 3603 in
956 3552 1130 3620 Apamenam
1141 3551 1281 3606 invaserat
1293 3555 1377 3609 ecclc·

106 3635 190 3689 siam.
237 3634 385 3702 Utriusque
410 3634 547 3689 nefariam
573 3635 659 3689 vitam
689 3635 881 3705 perstringunt
907 3636 1044 3704 Apameni
1068 3636 1196 3690 monaehi
1224 3638 1253 3692 in
1282 3638 1376 3693 libello

107 3718 252 3774 aetiouiV
271 3719 379 3773 concilii
397 3718 636 3790 Constantinopoli
659 3720 710 3773 sub
728 3720 811 3774 Mena
827 3720 917 3774 habiti
935 3721 1030 3785 (Hard.
1048 3721 1085 3786 H,
1105 3728 1169 3775 1387
1182 3726 1234 3790 sq.)
1261 3722 1375 3777 inserto.

106 3804 146 3858 Hi
164 3803 409 3874 pseudoepiscopi,
432 3805 556 3872 quamvis
579 3805 615 3858 ad
633 3805 773 3860 vexandos
792 3805 942 3859 catholicos
964 3805 993 3858 in
1011 3824 1096 3859 unum
1114 3807 1330 3874 consentientes,
1348 3810 1376 3863 in

107 3888 240 3945 eamdem
256 3892 352 3943 tamen
370 3890 537 3944 sententiam
560 3890 672 3944 minime
695 3889 899 3960 conspirabant.
940 3890 1021 3944 Certe
1044 3891 1159 3945 Severus
1177 3892 1290 3946 Petrum
1313 3912 1377 3949 aus-

106 3974 236 4028 themate
264 3973 378 4041 dignum
400 3975 525 4044 profiteri
552 3991 607 4029 non
634 3976 793 4042 dubitabat,
824 3979 854 4029 ut
876 3993 910 4029 011
927 3975 1058 4029 Liberata
1086 3993 1145 4046 cap.
1171 3983 1201 4031 19
1228 3978 1375 4047 colligitur.

107 4058 207 4112 Verba
229 4058 288 4126 ejus
313 4059 378 4126 quia
399 4059 429 4112 in
452 4060 572 4129 vulgatis
595 4062 729 4115 mendosa
751 4061 827 4126 sunt,
851 4077 865 4114 0
885 4059 1046 4128 Corbejensi
1070 4061 1221 4130 exemplari
1243 4064 1377 4119 emcribo.

107 4147 233 4205 80001111,
257 4143 359 4212 inqtrit,
382 4151 439 4198 dant
461 4151 564 4199 sederet
584 4153 657 4214 prius
681 4154 706 4200 in
724 4153 877 4201 ntonttsterio
900 4150 1004 4206 Hiberi,
1028 4167 1078 4199 noa
1095 4152 1250 4214 suscipiebat
1269 4154 1378 4203 Zenonis

107 4234 221 4284 edictam
244 4249 290 4283 nco
311 4235 414 4283 Petrum
438 4235 602 4299 Moaponcm,·
629 4238 720 4287 deinde
743 4238 835 4285 sedens
862 4237 887 4284 in
914 4235 1013 4284 abietis
1035 4235 1142 4285 Itomani
1162 4244 1187 4285 ct
1210 4237 1312 4296 1110111110
1336 4242 1379 4304 qni

106 4326 253 4384 poemenius
269 4319 320 4380 fnit
336 4325 501 4380 monasterio,
526 4330 550 4370 et
568 4323 662 4371 exinde
680 4325 768 4371 missus
785 4329 824 4370 est
841 4337 993 4385 permanere
1012 4320 1255 4385 Constantinopolim
1276 4328 1378 4387 apocri-

106 4405 219 4463 marae,
245 4412 270 4454 et
288 4409 319 4466 fit
336 4407 404 4454 inter
425 4422 481 4470 eos,
505 4408 548 4471 qui
564 4408 638 4456 Petri
655 4407 748 4471 tlt'onpi
765 4414 846 4461 erant.
873 4408 985 4471 Duasque
1004 4407 1161 4469 objiceretur
1178 4409 1212 4456 ti:
1237 4410 1377 4472 „qttomodo

107 4491 185 4554 prius
201 4491 433 4539 anatttenmtiradas
451 4493 591 4541 Pett·utnt“
612 4493 727 4542 dicebat:
751 4495 831 4558 „quia
847 4494 951 4541 Petram
968 4493 1178 4542 anathematizavi
1194 4494 1378 4557 Apamenum.“

108 4569 168 4624 Sed
185 4571 215 4625 et
232 4571 297 4624 hine
315 4588 343 4625 sc
362 4571 462 4624 nullius
480 4571 544 4625 fidei
563 4572 699 4626 exstitisse
717 4573 864 4643 prodebat.

179 4659 201 4723 ⁰)
221 4655 328 4710 Graeca
345 4657 454 4725 phrasis
472 4657 538 4711 dum
556 4658 704 4725 retinetur,
723 4659 847 4713 nonnihil
864 4659 909 4711 hie
927 4659 1022 4713 deesse
1040 4659 1151 4714 videtur
1168 4659 1296 4715 orationi.
1332 4661 1376 4715 In·

107 4743 194 4811 tegra
212 4742 307 4795 autem
325 4740 390 4807 erit,
409 4742 431 4795 si
449 4746 558 4797 tantum
576 4747 740 4814 reponatur:
759 4751 883 4812 itnpctnnt
953 4749 1053 4811 saciant
1065 4751 1182 4801 exhiberi
1250 4752 1377 4816 asstipnnt.

106 4825 183 4881 Hinc
200 4825 377 4896 perspicuum
390 4830 444 4894 est,
463 4846 518 4881 non
534 4829 765 4884 arehinranaritas
784 4829 856 4883 solos
875 4846 937 4883 cum
949 4830 1102 4899 monachis,
1120 4832 1170 4887 sed
1188 4833 1217 4887 et
1232 4832 1378 4887 nonnullos

106 4911 211 4966 saltem
230 4911 374 4983 episcopos
392 4914 527 4966 secundae
546 4912 643 4982 Syriae
660 4916 865 4985 Aeephalorum
885 4916 1106 4972 communionem
1124 4918 1288 4987 declinasse,
1306 4918 1377 4974 adeo
