3204 5506
225 357 288 422 ott
676 373 704 420 s.
723 371 903 419 sruuacm
925 371 1039 418 rursu

120 540 211 586 aaut.
227 532 258 590 et
280 528 320 591 ab
342 526 403 609 his,
427 525 540 610 quibus
562 547 619 608 per
641 525 852 608 religionis¹³)
874 524 1106 608 professionem
1124 523 1269 607 justitiae
1282 527 1435 591 curadebeat

226 651 294 692 csse
316 629 513 712 propensior,
537 628 615 689 fides
637 627 865 690 tumultuosam
881 629 1046 710 exspectat
1061 625 1296 690 intentionem?
1319 626 1438 692 listrobis

226 730 400 794 servandae
417 729 563 812 justitiae
585 730 620 792 in
644 729 827 813 cognitione
850 727 997 809 libertas3
1026 728 1159 792 remotis
1181 728 1323 792 omnibus
1341 729 1441 795 osonio

225 834 319 896 nibus
341 832 503 915 integrum
525 831 613 911 siqu)
636 834 760 894 vestrae
783 830 973 912 volturtatiS,
1004 830 1202 913 objectorum
1225 830 1378 896 criminum
1394 854 1443 896 cou-

226 956 294 996 sum
310 934 490 997 examinate
501 932 632 1016 judicio,
657 932 825 995 dummodo
840 932 982 995 studiosa
998 933 1176 996 certamina
1190 932 1359 997 disserendi
1371 955 1447 997 amore

225 1057 318 1098 omne
341 1034 536 1098 confusionis
559 1038 742 1117 amputetur
764 1034 964 1118 ambiguum,
998 1034 1135 1098 maxime
1162 1056 1260 1118 quum
1286 1033 1365 1099 hanc
1386 1035 1451 1098 robis

225 1159 283 1219 pro
305 1136 469 1220 religionis
492 1136 671 1198 reverentia
693 1135 771 1219 et¹⁵)
796 1134 1050 1199 consideratione
1069 1136 1218 1218 justitiae
1235 1135 1456 1201 nostraorsculs

225 1239 370 1302 tribuant
391 1237 593 1301 facultatem:
621 1241 658 1300 ut
686 1237 768 1300 sicut
796 1236 884 1300 vobis
911 1242 960 1300 est
982 1237 1192 1321 inquirendae
1220 1238 1256 1301 in
1277 1236 1338 1302 hoc
1357 1239 1461 1323 negotio

226 1340 372 1403 voluutas
401 1342 433 1403 et
460 1347 534 1402 cur'a
556 1339 717 1420 veritatis,
752 1338 895 1422 personis
929 1338 995 1402 illic
1021 1338 1170 1402 omuibus
1198 1340 1396 1422 constitutis,
1423 1360 1467 1424 pet

225 1465 303 1525 quas
330 1445 435 1525 potest
462 1441 540 1504 fides
567 1463 673 1504 rerum
700 1440 843 1524 quaesito
875 1443 1035 1521 constare,
1070 1462 1126 1504 vos
1154 1441 1312 1505 noveritis
1340 1446 1374 1506 et
1394 1441 1473 1523 Deus,

225 1544 300 1627 quid
322 1543 356 1605 in
379 1543 448 1625 ipsa
473 1565 567 1606 causa
586 1542 731 1626 judicare
754 1540 912 1605 debeatis:
945 1563 1057 1626 pacem
1084 1541 1187 1605 modis
1215 1543 1371 1608 omnibus
1398 1544 1478 1625 clero,

225 1645 351 1708 senatui
374 1647 406 1707 et
427 1643 572 1707 Romano
594 1644 711 1727 populo
738 1648 811 1727 post
835 1643 991 1726 judicium
1018 1643 1190 1726 reddituri,
1226 1666 1270 1708 ne
1299 1668 1366 1730 qua
1387 1647 1482 1734 turha,

226 1746 314 1809 nulla
336 1745 493 1809 discordia
514 1746 549 1808 in
573 1745 701 1808 civitate
724 1748 897 1808 remaneat.
943 1744 976 1809 Si
1005 1767 1079 1809 vero
1100 1745 1217 1827 vultis,
1247 1750 1288 1810 ut
1316 1749 1403 1833 quod
1427 1771 1487 1834 pro

224 1848 363 1931 positum
386 1849 444 1926 est,
468 1849 613 1910 transeat
635 1847 704 1910 sine
726 1847 921 1910 discussione
939 1847 1105 1930 judicium,
1130 1869 1188 1910 vos
1212 1848 1333 1913 sciatis
1356 1854 1391 1914 ct
1405 1851 1489 1933 Deus

225 1950 362 2034 qualiter
383 1949 554 2031 ordinetis,
591 1949 758 2013 dummodo
780 1971 842 2032 pax
866 1948 964 2031 clero,
994 1949 1119 2012 senatui
1139 1948 1335 2035 populoque
1358 1951 1491 2018 Romano

226 2052 284 2114 sub
306 2053 416 2115 ‘vestra
445 2051 644 2114 ordinatione
672 2050 833 2115 reddatur.
888 2050 973 2114 Ecce
1006 2072 1112 2114 coram
1140 2049 1212 2114 Deo
1246 2055 1284 2115 et
1320 2052 1491 2118 hominibu

226 2153 357 2217 arbitrio
378 2155 483 2216 vestro
507 2153 741 2216 committentes
764 2153 928 2234 universa,
965 2152 1197 2216 conscientiam
1220 2159 1396 2239 nostram,
1426 2156 1491 2221 sicui

225 2254 368 2336 decebat,
393 2254 594 2318 absolvimus.
640 2252 778 2316 Tantum
801 2259 859 2336 est,
888 2253 947 2317 sub
965 2254 1055 2336 justa
1076 2253 1290 2320 ordinatione
1316 2279 1389 2322 rem
1410 2259 1491 2322 fuiss

226 2355 361 2437 finitam,
387 2359 419 2418 et
441 2355 646 2439 unitatemu)
668 2354 825 2418 redditam
844 2354 1068 2420 dissidentibus
1082 2355 1249 2421 indicetis.
1288 2358 1411 2445 Neque
1425 2361 1491 2426 enin

224 2456 389 2520 tolerabile
412 2462 470 2540 est,
495 2458 646 2542 neque¹⁷)
669 2454 753 2520 hanc
775 2457 1008 2541 negligentiam
1030 2457 1139 2541 regiae
1161 2458 1319 2525 civitatis
1344 2485 1491 2549 amorqu

224 2566 369 2622 tenemur
392 2558 543 2643 admittit,
573 2561 609 2622 ut
630 2559 723 2622 rebus
745 2559 892 2623 omnibus
916 2559 983 2622 Deo
1011 2565 1140 2623 auctore
1163 2563 1303 2645 pacatis
1330 2566 1403 2630 sola
1424 2572 1490 2630 tran

293 2799 322 2863 ¹³)
341 2795 375 2848 Pl
388 2796 434 2849 K¹²
451 2816 500 2864 per
518 2802 628 2862 rerrionis
646 2802 813 2864 professionis
832 2796 876 2864 (Εὖ
888 2799 1059 2865 professione)
1071 2802 1197 2863 justitiae
1210 2820 1289 2862 cura,
1311 2819 1346 2857 ac
1361 2802 1490 2857 deludet*

222 2886 295 2945 fidem
314 2889 483 2935 tuuurltuosarn
501 2892 622 2949 expectat
640 2886 751 2938 intentio.
792 2882 850 2934 boa
862 2885 887 2935 0⁹
905 2903 954 2950 per
971 2888 1087 2949 reqiones
1106 2885 1142 2949 (0⁹
1161 2889 1312 2947 rationem)
1337 2894 1491 2956 professioni

224 2976 323 3019 uestrae
341 2986 402 3019 rura
470 2972 545 3032 firleru
563 2973 733 3019 tumultuosum
752 2973 904 3034 respectat?
938 2970 1049 3020 Intentio
1068 2978 1107 3020 est
1124 2972 1199 3021 rolris
1217 2978 1491 3037 seruandae‘jsstitia

226 3056 250 3102 in
268 3057 423 3116 roquitioae:
445 3056 551 3105 libertas
573 3057 674 3105 remotis
746 3056 845 3117 inteqra
867 3056 899 3103 sit
923 3062 972 3106 etc.
1012 3051 1056 3104 Ad
1079 3053 1294 3109 correctionem
1320 3060 1447 3111 northam
1466 3057 1490 3109 in

225 3134 303 3187 duxit
320 3135 401 3188 lectio
420 3136 451 3187 Β1
472 3143 601 3203 religionis
659 3141 711 3201 fide
730 3143 876 3188 tunurltuosa
895 3147 1029 3203 respectat
1047 3142 1164 3193 intentio.
1198 3142 1252 3192 Est
1271 3146 1347 3196 vodis
1403 3147 1491 3197 liberta

283 3225 382 3285 inteqru
401 3225 424 3271 si
440 3232 540 3275 uestrae
558 3227 699 3275 colrialatis.

293 3306 324 3367 ¹⁴)
342 3305 385 3357 lta
403 3305 580 3367 correximus,
608 3305 682 3373 quod
705 3304 734 3357 in
756 3322 818 3358 mss.
839 3305 867 3357 in
889 3305 961 3358 hunc
984 3304 1095 3359 modum
1117 3308 1286 3375 prolatum:
1317 3318 1344 3364 st
1361 3312 1408 3379 {Fi
1421 3318 1446 3366 ο·
1460 3316 1491 3365 s'r'

225 3401 323 3441 uestrae
341 3397 474 3442 uoluntatis
492 3395 647 3456 objectorum
664 3395 791 3442 criminum
813 3409 890 3442 caiisa
908 3390 953 3456 (Fi¹
971 3393 1073 3455 caturae)
1097 3399 1250 3448 examinate
1269 3402 1415 3462 justis-insi,
1437 3404 1491 3450 iln-

225 3479 296 3525 modo
314 3479 427 3526 studiosa
445 3474 644 3533 (1111111311
662 3481 786 3539 studiosa)
805 3481 942 3528 certamina
960 3480 1065 3542 defendi
1081 3475 1126 3542 llll
1147 3482 1279 3548 defende)
1298 3502 1391 3537 aurore
1409 3483 1437 3548 qb
1448 3501 1491 3536 cer

224 3564 323 3617 tarasiae,
341 3558 373 3610 Β1
388 3564 531 3612 disserendi
548 3580 632 3612 errrore
651 3562 734 3613 ornnil.

294 3645 323 3697 ¹⁵)
344 3643 385 3696 lta
403 3643 490 3707 B¹F¹¹,
513 3642 564 3697 nisi
587 3644 662 3710 quod
678 3644 712 3696 Fi
731 3650 885 3712 inquirendi,
912 3645 944 3698 Bl
964 3657 1108 3714 praestare.
1154 3647 1226 3710 Alii,
1252 3650 1364 3706 omisso
1382 3664 1419 3711 el.
1439 3666 1491 3705 mox

225 3739 334 3785 riostruc,
353 3726 452 3781 deinde
471 3746 532 3782 cum
550 3729 580 3780 B'
601 3740 736 3797 praestare
755 3730 783 3781 et
801 3746 862 3782 cum
880 3730 914 3782 ll*¹
933 3734 1050 3786 tirrbatia.
1083 3730 1149 3785 Mox
1162 3731 1198 3784 Fd
1218 3741 1280 3789 sine
1299 3742 1412 3795 disan.
1430 3756 1491 3804 nep

224 3817 282 3862 turm
357 3817 409 3865 Ileo
428 3825 453 3865 ct
471 3818 580 3868 erunibus
654 3819 829 3867 corescirntiara
847 3828 962 3872 uestrum.

294 3899 323 3959 ¹⁸)
342 3896 388 3948 ΚΙῖ
401 3896 419 3950 b
432 3901 457 3950 cq
475 3905 593 3952 unitatem
611 3899 640 3959 lb
659 3901 791 3956 civitaten)
814 3905 938 3953 redditum
962 3904 1148 3954 discedentibus
1174 3908 1277 3958 iudicet
1301 3908 1347 3972 (α’
1364 3918 1392 3961 ist
1409 3908 1490 3961 aaut.

225 3980 370 4049 Sequimur
387 3981 418 4034 Β1
433 3981 476 4045 Fr,
494 3981 546 4035 nisi
564 3983 638 4050 qirod
655 3984 689 4036 1²⁴¹
709 3989 886 4038 dissidentibus
904 3996 1008 4042 constet.

293 4069 321 4133 ¹⁷)
341 4067 384 4119 lta
402 4085 434 4120 cx
452 4068 483 4119 13¹
504 4069 595 4121 locum
613 4068 793 4122 insanabilem
805 4069 981 4132 restitinmus,
999 4069 1050 4122 nisi
1060 4069 1135 4139 quod
1149 4092 1236 4141 requie
1250 4074 1318 4129 loco
1331 4080 1373 4133 ot.
1392 4082 1421 4129 et
1434 4088 1490 4127 rm

224 4158 368 4220 quilliluterri
439 4156 530 4206 babeat
547 4152 608 4207 loco
626 4160 808 4222 tranquillitate
876 4158 984 4207 tribuant
1002 4154 1167 4224 scripsimus.
1212 4157 1251 4211 1¹¹⁴l
1265 4159 1317 4213 K¹⁸
1329 4161 1350 4215 b
1364 4166 1392 4215 ο*
1408 4165 1439 4216 ot
1453 4158 1490 4225 (ΙΝ

223 4239 268 4303 (111)
285 4241 349 4289 tanc
421 4257 535 4298 aurorem,
554 4258 602 4305 qrro
673 4245 808 4297 arlrcniittl.
831 4251 875 4292 aut
892 4240 937 4306 (Fl
956 4245 1053 4293 admitti
1070 4243 1107 4306 ut)
1125 4245 1205 4295 rebus
1279 4252 1342 4299 sola
1360 4248 1490 4316 merilli

223 4332 275 4373 iate
293 4328 359 4388 eripi
370 4321 414 4386 (F¹¹
425 4325 504 4389 ereqi)
523 4333 547 4374 et
566 4329 591 4374 in
609 4329 690 4375 rricdia
753 4336 778 4376 ut
796 4330 958 4376 desideratur
975 4329 1081 4377 civilitas
1093 4331 1117 4377 in
1131 4332 1313 4384 archilatiom
1325 4334 1403 4399 (mn.
1415 4326 1489 4385 lind-

224 4410 400 4464 arrtelutiorc.
419 4406 452 4458 Fi
471 4410 644 4460 urclulatiorr'l
705 4414 840 4460 vicinitatis
858 4429 920 4461 cura
939 4408 982 4474 (Fi
1000 4412 1045 4461 sub
1064 4415 1154 4462 uatium
1172 4416 1283 4467 ciuitate
1302 4434 1418 4472 semet.
1447 4412 1490 4468 lat

224 4506 285 4541 cum
304 4493 386 4545 aritea
404 4508 532 4544 mancum
550 4491 587 4545 sic
605 4491 806 4544 <numdandum
825 4491 918 4546 Coust.
937 4493 1093 4561 proposuit:
1115 4500 1153 4548 art
1168 4499 1241 4551 nane
1259 4506 1441 4569 septimas·
1456 4518 1491 4551 re·

222 4578 279 4638 piac
297 4580 407 4629 ciuitatis
424 4597 539 4634 amorrui,
559 4596 607 4645 qino
626 4590 736 4629 tenentia·
753 4583 789 4630 arl
806 4599 871 4634 cura.
896 4585 1001 4641 rennui,
1024 4589 1048 4630 et
1071 4581 1147 4631 relius
1170 4587 1293 4638 omnibus
1320 4590 1377 4641 Deo
1398 4596 1491 4639 arur

222 4665 322 4723 pereatis
339 4667 416 4711 solani
436 4682 451 4711 a
468 4666 650 4728 tranquillitate
668 4667 766 4728 euripi.
795 4675 819 4714 et
838 4668 862 4713 in
881 4669 962 4716 inedia
980 4668 1040 4715 urbe
1058 4667 1184 4728 confundi
1209 4666 1279 4733 (hoc
1305 4674 1353 4724 est
1369 4668 1491 4725 mulio

223 4757 286 4794 nem
304 4743 443 4810 grassaris,
462 4755 487 4797 ut
506 4750 665 4797 desideretur
682 4752 770 4798 ciuitas
788 4751 813 4798 in
831 4751 959 4799 aruliluili
975 4754 1041 4808 arula,
1060 4747 1151 4815 (quasi
1163 4754 1191 4802 in
1204 4759 1342 4818 primaria
1351 4760 1422 4810 Lars
1431 4760 1489 4809 ds:

224 4846 286 4893 quiue
304 4840 342 4882 eal
360 4833 404 4881 sub
422 4834 526 4882 lirrsliunr
544 4835 678 4882 ririrritulis
696 4852 757 4882 curu
776 4829 814 4895 lid
828 4832 878 4889 est,
895 4848 977 4897 quitur
991 4848 1059 4899 erga
1071 4830 1178 4886 vicinos
1198 4836 1294 4893 ettam
1312 4839 1408 4895 hodes
1424 4854 1491 4895 etin·

223 4927 283 4963 mus
301 4929 333 4964 ac
350 4915 492 4971 lbvcuuist.
