3204 5506
559 350 758 399 1111111111
782 338 853 398 113.
880 339 950 396 124.
1328 332 1390 396 927

116 506 312 591 respondere
336 505 507 587 consultos,
531 504 607 589 quia
628 505 697 589 ipse
719 503 857 588 impellit
877 505 912 568 in
935 524 1074 567 errorem
1097 502 1151 587 qui
1173 523 1239 566 non
1260 502 1429 567 instruite.
1442 517 1500 567 520.

116 609 340 691 ignorantem3
369 605 623 690 necquidquam
646 605 752 690 aptius
775 604 986 670 eststndioso
1011 604 1192 688 religionis,
1222 626 1317 688 quam
1343 606 1392 669 in·

119 709 284 793 quisitio¹)
307 708 469 791 veritatis,
499 708 627 792 quando
649 707 777 772 facilius
799 707 926 771 devium
947 707 1044 791 vitat,
1072 706 1127 790 qui
1149 706 1210 770 iter
1231 728 1288 789 per
1310 706 1392 790 quod

117 812 288 896 gradiatur
316 813 420 895 rogat.
467 809 529 875 Sed
555 810 743 895 priusquam
769 808 983 894 respondendi
1012 829 1120 873 curam
1148 807 1187 872 de
1214 807 1281 890 his,
1312 830 1393 893 quae

119 912 251 977 dilectio
273 916 329 976 tua
351 914 569 995 percontatur,
593 911 775 997 aggrediar,
800 910 937 975 libenter
960 910 995 973 in
1016 909 1133 973 litteris
1150 909 1215 973 tuis
1230 908 1304 973 fidei
1318 912 1393 974 tuae
1406 940 1449 994 ep.
1461 930 1517 979 115.

119 1037 171 1079 me
194 1015 300 1079 fateor
321 1013 482 1078 invenisse
504 1014 678 1096 fervorem,
708 1013 797 1096 cujus
820 1012 924 1076 calore
946 1033 1133 1094 succensae,
1162 1010 1337 1075 redivivam
1358 1011 1394 1076 in

118 1116 184 1180 illis
207 1117 353 1202 partibus
375 1115 552 1179 infidelium
574 1115 819 1200 perversitatem
840 1113 950 1198 vigere
978 1115 1130 1198 suspiras.
1175 1112 1393 1198 Dignissimus

119 1218 220 1301 dolor,
244 1218 298 1303 qui
320 1218 428 1282 dedita
443 1217 511 1281 Deo
535 1218 630 1281 corda
653 1216 837 1298 contristet3
860 1237 921 1280 nec
944 1216 1030 1280 enim
1047 1219 1096 1280 est
1118 1215 1201 1301 apud
1217 1236 1270 1279 eos
1285 1215 1394 1299 lapsus

119 1320 386 1402 inlamentabilis,
409 1319 525 1405 quibus
548 1322 597 1383 est
617 1318 778 1404 igniculus
795 1317 950 1400 caritatis,
973 1318 1049 1402 quia
1063 1340 1163 1382 unum
1178 1317 1394 1403 spiritualium

119 1427 232 1487 votum
255 1426 304 1487 est
325 1422 411 1486 salus
432 1422 625 1486 inconcussa
648 1423 845 1485 cunctorum.
884 1418 1033 1484 sednon
1055 1423 1104 1484 est
1117 1420 1231 1505 ignota
1253 1421 1395 1486 ecelesiis

121 1523 183 1588 Dei
207 1524 245 1587 de
267 1522 449 1607 hujusmodi
472 1522 621 1606 procellis
643 1525 700 1585 aut
725 1521 853 1585 insueta
874 1524 1063 1605 tempestas:
1092 1521 1235 1606 quamvis
1262 1524 1395 1587 rectoris

119 1627 169 1689 sui
200 1625 418 1711 gubernaculo
446 1623 637 1688 inconcussa
663 1623 832 1707 persistat,
863 1623 961 1687 variis
989 1628 1098 1687 tamen
1126 1624 1394 1711 insurgentium²)

123 1727 281 1792 fluctuum
302 1726 430 1791 laborat
450 1729 566 1790 vexata
587 1725 780 1791 turbinibus.
825 1725 911 1788 Nam
939 1725 1023 1790 unde
1052 1729 1101 1790 est
1126 1725 1307 1810 psalmidici
1335 1749 1394 1791 vox

119 1827 309 1915 prophetae,
333 1831 387 1913 qui
408 1828 509 1913 ipsius
525 1827 690 1892 Ecclesiae
705 1848 875 1911 personam
892 1828 1007 1910 spiritu
1023 1850 1084 1912 quo
1099 1827 1293 1912 implebatur
1309 1851 1394 1894 assu-

120 1953 230 2015 mens,
255 1934 367 2011 Saepe,
392 1929 514 2014 inquit,
537 1941 793 2010 enmuunuuerunt
814 1950 859 1992 me
881 1951 900 1991 u
915 1936 1076 2007 juventure
1096 1952 1179 2014 meu,
1208 1939 1315 1996 etenim
1336 1953 1397 1997 non
1410 1923 1509 2047 {³32¹}

117 2045 286 2114 potuerunt
306 2031 401 2097 mim?
445 2030 657 2115 Concutiunt,
681 2031 793 2096 sedin
814 2030 917 2095 nihilo
938 2032 1180 2116 praevalebunt.
1225 2032 1340 2098 Adbuc
1361 2034 1396 2098 in
1467 2034 1503 2059 ''

121 2157 198 2199 area
221 2157 340 2217 sumus,
364 2135 467 2198 mixta
488 2137 565 2197 sunt
586 2133 750 2197 frumenta
773 2155 844 2197 cum
859 2132 970 2217 paleis,
994 2139 1128 2218 gemunt
1146 2134 1221 2198 boni
1237 2136 1397 2200 consortia

120 2236 295 2321 malorum3
318 2236 372 2301 sed
395 2239 542 2320 superest
562 2235 691 2298 flamma
705 2257 772 2299 non
791 2236 991 2319 necessariis,
1015 2240 1049 2299 et
1062 2240 1178 2319 parata
1192 2240 1269 2300 sunt
1282 2236 1397 2301 horrea

116 2341 189 2423 jam
211 2339 364 2423 probatis.
404 2337 468 2403 Ubi
490 2341 649 2401 terrarum
671 2358 737 2400 non
760 2339 809 2401 est
830 2338 893 2401 ista
907 2338 1101 2423 permixtio?
1136 2338 1204 2402 Nos
1219 2339 1291 2404 fixis
1306 2340 1398 2404 decet

120 2443 210 2504 stare
218 2441 245 2526 3)
272 2440 434 2525 vestigiis:
464 2439 667 2523 proficiemus
689 2438 775 2503 inter
798 2439 1003 2504 adversantes
1032 2441 1203 2525 propriisl)
1230 2441 1340 2525 bonis,
1370 2442 1398 2506 si

121 2542 284 2607 erroribus
306 2563 372 2606 non
394 2542 595 2623 involvamur
618 2541 742 2606 alienis.
779 2540 900 2607 Probat
923 2542 1008 2607 enim
1024 2543 1153 2606 virtutis
1168 2565 1243 2608 suae
1257 2545 1397 2609 validum

119 2644 230 2726 robur,
255 2644 310 2727 qui
330 2665 429 2728 quum
449 2643 627 2727 impellitur
648 2665 713 2707 non
735 2647 890 2709 movetur.

209 2745 240 2810 2.
275 2744 341 2810 Ubi
367 2767 433 2809 non
462 2746 568 2809 variae
599 2746 789 2809 tentationis
819 2747 945 2812 aculei?
988 2747 1105 2823 Quales
1132 2770 1190 2833 per
1216 2748 1303 2814 hunc
1330 2751 1397 2814 fere

117 2849 234 2932 jugem
258 2849 412 2932 1111111115)
434 2847 644 2931 quorumdam
667 2846 874 2931 Scytharum,
901 2849 955 2934 qui
977 2851 1150 2915 monachos
1173 2852 1399 2936 praeferebant

121 2950 231 3035 specie
253 2971 319 3013 non
342 2949 493 3027 veritate,
515 2949 713 3033 professione
735 2972 801 3014 non
824 2973 935 3036 opere,
963 2952 1073 3016 subtili
1095 2952 1397 3018 tectas'calliditate

121 3052 283 3116 versutias
306 3054 339 3115 et
360 3051 418 3115 sub
442 3051 607 3136 religionis
630 3052 766 3115 obtentu
786 3053 980 3117 famulantia
997 3054 1077 3118 odiis
1100 3055 1165 3118 suis
1188 3077 1312 3119 venena
1326 3076 1397 3140 per-

121 3153 273 3237 tulimus,
309 3153 473 3217 studentes
506 3175 559 3218 eos
591 3154 632 3218 ab
663 3154 793 3218 interno
820 3155 956 3220 ,vulnere
989 3156 1187 3220 medicabilis
1219 3158 1398 3242 patientiae

122 3304 285 3311 ⁹—-

122 3380 283 3441 nujusmodi:
313 3379 389 3439 „Nisi
407 3379 530 3428 Christum
549 3380 635 3428 lilium
648 3380 710 3439 Dei,
729 3381 772 3445 qui
788 3396 837 3443 pro
855 3380 927 3430 nobis
943 3397 1036 3445 passus
1054 3389 1093 3432 cst
1110 3384 1136 3432 in
1148 3398 1239 3440 carne,
1258 3400 1330 3433 uuum
1343 3400 1398 3434 esse

123 3481 162 3515 ex
183 3471 272 3513 sancia
295 3470 320 3512 et
342 3465 471 3513 indiuidua
497 3463 623 3513 Trinitaie
644 3465 727 3527 fuerit
754 3465 887 3526 consensus
909 3467 1062 3529 Dioscorus,
1087 3472 1180 3533 pelago
1209 3468 1397 3536 demergatur‚“

123 3545 231 3599 Verum
248 3543 413 3598 Hormisdae
431 3544 652 3599 moderationem
674 3560 731 3599 11111
753 3544 827 3614 sapit
849 3545 1009 3615 hujusmodi
1031 3548 1177 3604 sententia.
1219 3548 1273 3603 Sed
1296 3552 1324 3603 et
1341 3550 1398 3603 Ma-

123 3629 214 3684 xentii
230 3629 327 3696 fidem,
346 3647 417 3698 quae
435 3630 509 3685 idem
526 3647 602 3700 papa
620 3634 649 3684 et
666 3648 739 3684 nunc
757 3630 854 3685 scribit
871 3632 900 3685 et
917 3634 1016 3701 postea
1034 3632 1134 3702 gessit,
1151 3632 1265 3687 dubiam
1283 3632 1396 3688 faciunt.

125 3720 177 3769 124
212 3717 232 3782 ¹)
250 3715 294 3768 lta
312 3715 346 3769 G¹
360 3719 396 3769 a¹.
436 3715 479 3769 Al.
499 3714 541 3770 ed.
565 3721 691 3784 impositio
761 3722 889 3785 predicar.
929 3717 1049 3787 Moxque
1077 3718 1153 3788 apud
1175 3718 1346 3773 Maxentium
1370 3722 1399 3773 et

124 3799 295 3854 Cochlaeum
312 3806 456 3855 contristat.

195 3887 217 3953 ²)
234 3885 355 3940 Manent.
376 3891 563 3939 incursantium.
598 3887 691 3941 Antea
708 3889 736 3941 a¹
755 3894 876 3946 ecclesia.

196 3972 216 4037 ³)
235 3970 309 4024 G¹a¹
328 3970 396 4024 bec
413 3977 523 4038 instare,
546 3971 619 4025 bad
642 3990 730 4041 marg.
755 3979 882 4030 insistere.
918 3972 990 4028 Max.
1012 3977 1040 4028 et
1058 3974 1151 4029 Coohl.
1169 3987 1252 4038 aiere,
1277 3975 1353 4044 quod
1371 3977 1399 4031 ot

125 4058 155 4109 a³
172 4055 314 4124 praetulit.

196 4141 217 4207 ⁴)
235 4139 279 4193 Ita
297 4139 409 4207 quidem
431 4140 483 4195 Dei
506 4159 621 4197 munere
642 4143 744 4212 partis,
768 4144 801 4197 ut
822 4143 938 4214 propria
960 4145 1040 4199 nobis
1062 4146 1143 4213 fiant,
1167 4162 1199 4200 ac
1217 4162 1281 4200 vere
1300 4147 1329 4201 et
1347 4146 1400 4200 Dei

124 4240 245 4278 munera
267 4225 296 4278 et
317 4225 418 4279 merita
440 4226 537 4280 nostra
559 4227 694 4282 dicantur.
736 4233 824 4298 Neque
846 4236 922 4293 enim,
945 4229 1037 4298 inquit
1054 4230 1225 4300 Augustinus
1248 4231 1328 4301 epist.
1352 4237 1400 4286 194

124 4327 154 4363 11.
176 4315 218 4375 16,
236 4321 261 4363 ci
279 4314 339 4373 doc,
364 4316 433 4380 qnod
453 4322 523 4365 recte
541 4319 647 4380 upimur.
671 4318 708 4365 itu
726 4320 758 4380 lii
778 4319 811 4367 dc
829 4320 899 4368 nobis
922 4326 1046 4386 tamquam
1064 4321 1126 4370 ninii
1145 4321 1299 4383 facientibus
1318 4321 1399 4374 nobis.

125 4393 266 4459 Quocirca
286 4395 433 4463 Maxentii,
461 4397 509 4465 qui
531 4396 560 4450 in
580 4397 666 4451 verbo
689 4404 806 4466 propriis
827 4399 1009 4469 Pelagianam
1035 4401 1194 4471 superbiam
1220 4402 1308 4456 latere
1331 4401 1399 4468 vult,

79 4533 81 4536 .
125 4495 208 4533 mera
224 4479 363 4534 calumnia
380 4481 435 4548 est,
455 4499 539 4550 quum
557 4482 625 4536 illud
637 4482 787 4537 Hormisda
804 4490 894 4539 alienia
912 4486 1071 4554 dumtaxat,
1093 4504 1150 4541 non
1168 4488 1278 4556 gratiae
1296 4487 1398 4542 auxilio

125 4563 310 4634 comparatis,
329 4567 463 4634 opponat.

198 4653 218 4717 5)
236 4649 353 4704 Fatetur
374 4651 532 4706 Maxentius
556 4669 603 4706 eos
629 4673 679 4722 per
703 4659 894 4723 quatuordecim
919 4678 985 4725 pene
1011 4678 1108 4712 menses
1130 4659 1236 4712 Itomae
1263 4659 1399 4714 detentos.

124 4734 217 4790 Porro
234 4751 282 4790 eos
299 4736 417 4790 Romam
434 4736 565 4791 festinare
583 4737 731 4792 Dioscorus
750 4740 868 4810 epistola
881 4747 912 4796 71
931 4743 1197 4813 11115191115130
1214 4743 1318 4813 scripta
1330 4745 1400 4799 Hor·

125 4819 237 4874 mindae
254 4820 404 4876 nuntiavit:
424 4821 549 4891 adeoque
567 4823 692 4892 proxime
711 4825 746 4879 ab
760 4825 837 4881 Urbe
856 4827 1047 4893 discesserant,
1067 4847 1152 4898 quum
1163 4828 1312 4884 Hormisda
1329 4830 1401 4885 hane

125 4905 280 4976 rescripsit.
