3204 5506
258 391 321 454 980
701 408 729 455 s.
747 407 952 457 noaursnnu
974 407 1088 454 sarna

135 560 367 633 (asellcanda
394 559 490 641 facis,
520 562 553 623 et
582 581 618 623 ea
646 560 778 624 suadere
807 583 871 623 non
901 560 1017 623 differs.
1070 561 1342 645 Praerogativam
1371 562 1410 625 de
1441 565 1529 626 nostri

263 661 454 744 sumpsimus
477 661 631 725 electione
648 660 778 744 judicii,
803 662 929 746 quando
952 662 983 724 id
1006 663 1073 745 te²)
1096 667 1268 745 operatum
1292 669 1410 747 sponte
1432 665 1528 728 didici-

264 785 350 844 mus,
381 761 463 846 quod
488 764 601 826 ceteris
623 763 827 846 imperamus.
873 764 1009 827 Oramus
1032 764 1189 847 siquidem
1213 765 1360 845 divinail
1389 766 1528 829 beneficia

265 867 396 927 cunctos
412 885 597 947 agnoscere,
615 868 648 929 et
662 864 722 928 hoc
738 866 778 928 ad
794 869 825 927 te
841 865 945 928 studio
962 865 1199 929 ecclesiasticae
1216 867 1309 949 pacis
1325 868 1527 931 iustrumenta

264 965 508 1030 transmisimus.
553 966 601 1029 Tu
624 970 698 1030 vota
726 971 836 1030 nostra
865 970 897 1029 et
924 966 1008 1029 fideli
1036 967 1258 1051 intelligentia
1288 970 1474 1053 percepisti,
1500 976 1527 1032 et

263 1067 361 1131 officii
390 1068 535 1151 protinus
563 1068 731 1132 devotione
765 1068 947 1152 complesti,
982 1069 1105 1132 cunctis
1132 1069 1292 1134 fratribus
1320 1072 1525 1137 innotescens.

264 1192 344 1254 quae
367 1192 423 1254 per
446 1170 614 1234 coelestem
643 1171 782 1253 gratiam
812 1170 937 1233 cunctis
966 1170 1133 1253 profutura
1163 1193 1374 1255 cognoveras.
1420 1172 1526 1237 Suffnr·

263 1273 416 1355 gautibus
438 1272 538 1356 igitur
561 1271 620 1334 tibi
642 1275 690 1334 tot
716 1272 838 1335 meritis
866 1272 938 1354 piae
966 1271 1192 1335 sollicitudinis
1222 1278 1254 1336 et
1285 1274 1421 1355 laboris,
1450 1280 1526 1338 certe

260 1374 328 1456 jam
349 1374 488 1437 delectat
502 1373 681 1457 injungere,
706 1395 787 1456 quae
802 1373 842 1436 ad
859 1375 960 1436 nostri
976 1394 1084 1436 curam
1101 1378 1229 1438 constat
1244 1375 1345 1438 officii
1361 1376 1525 1459 pertulere:

264 1479 299 1538 ut
321 1475 492 1558 provinciis
514 1478 607 1538 tanta
630 1474 869 1559 longinquitate
891 1474 1059 1557 disjunctis
1089 1479 1121 1539 et
1148 1480 1293 1539 nostram
1323 1478 1426 1559 possis
1448 1477 1525 1540 exbi-

267 1576 340 1639 bere
362 1598 543 1659 personam,
568 1580 600 1639 et
621 1579 750 1659 patrum
773 1576 892 1660 regulis
916 1576 1065 1640 adhibere
1081 1577 1269 1640 custodiam.
1308 1577 1406 1642 Vices
1428 1579 1525 1662 itaque

263 1682 389 1743 nostras
412 1700 469 1762 per
491 1678 657 1742 Baeticam
679 1677 941 1762 Lusitaniamque
949 1677 975 1762 4)
1003 1677 1199 1762 provincias,
1232 1679 1332 1744 salvis
1360 1681 1525 1764 privilegiis

263 1802 344 1864 quae
366 1780 620 1865 metropolitanis
643 1780 800 1863 episcopis
823 1780 964 1843 decrevit
992 1780 1183 1863 antiquitas,
1213 1783 1378 1864 praesenti
1401 1784 1524 1845 auctori-

263 1885 329 1946 tate
363 1883 606 1964 committimus,
643 1886 799 1965 augentes
829 1886 920 1945 tuam
953 1881 1047 1965 hujus
1079 1883 1332 1966 participatione
1366 1884 1522 1947 ministerii

264 1983 468 2068 dignitatem,
495 1985 673 2048 relevantes
696 1987 821 2047 nostras
844 1983 985 2067 ejusdem
1008 1984 1146 2047 remedio
1168 1983 1421 2068 dispensationis
1444 2007 1524 2048 ercn-

264 2084 342 2149 bias.
388 2086 433 2149 Et
454 2085 531 2150 licet
552 2086 591 2149 de
613 2085 750 2168 singulis
772 2107 837 2148 non
862 2085 1007 2168 indigeas
1030 2084 1170 2167 edoceri,
1200 2087 1253 2165 a⁵i
1279 2108 1344 2170 quo
1367 2087 1436 2169 jam
1464 2109 1524 2171 pm-

264 2186 408 2251 bavimus
430 2189 553 2252 cautius
569 2187 718 2252 universa
740 2187 869 2268 servari,
894 2187 1017 2270 gratius
1032 2189 1140 2250 tamen
1156 2209 1225 2252 esse
1240 2188 1334 2270 solet,
1358 2189 1385 2251 si
1393 2190 1420 2271 Ε)
1443 2188 1525 2251 ituris
1586 2179 1590 2189 ’

264 2292 383 2354 trames
405 2290 593 2373 ostenditur,
618 2292 650 2352 et
672 2288 863 2352 laboraturis
885 2288 1023 2371 injuncti
1046 2289 1151 2371 operis
1174 2289 1277 2352 forma
1301 2294 1504 2354 monstratur.

349 2394 379 2456 2.
414 2391 570 2455 Paternus
593 2390 694 2475 igitur
716 2390 844 2474 regulas
867 2392 899 2452 et
921 2389 1048 2454 decreta
1071 2392 1226 2455 asanctis
1242 2392 1376 2455 definita
1393 2391 1545 2468 conciliis¹

265 2493 306 2556 ab
328 2494 475 2557 omnibus
498 2491 654 2556 servanda
675 2492 873 2556 mandamus,
919 2491 958 2554 ln
980 2490 1029 2555 his
1052 2492 1256 2575 vigilantiam
1285 2497 1393 2576 tuam,
1425 2495 1458 2557 in
1483 2493 1527 2556 his

266 2617 374 2659 curam
395 2595 558 2659 fraternae
580 2595 705 2658 monitu
727 2592 956 2657 exhortationis
979 2593 1186 2657 ostendimus.
1235 2594 1296 2657 His
1321 2618 1376 2677 ea,
1406 2618 1467 2680 qua
1488 2595 1527 2657 di-

266 2719 366 2782 guum
400 2702 463 2779 est,
507 2696 686 2760 reverentia
720 2695 886 2759 custoditis
920 2695 1043 2758 nulluur
1082 2695 1234 2779 relinquit
1273 2696 1389 2780 culpae
1433 2697 1528 2760 locum

265 2799 427 2880 sanotae⁷)
456 2798 687 2862 observationis
710 2797 918 2860 obstaculum.
964 2797 1013 2861 lbi
1039 2799 1088 2860 ias
1116 2797 1271 2881 nefasque
1301 2799 1528 2882 praescriptum

265 2904 324 2983 cst,
348 2901 392 2964 ibi
416 2899 621 2983 prohibitum,
646 2898 685 2962 ad
708 2899 791 2983 quod
813 2899 919 2962 nullus
942 2898 1057 2962 audeat
1072 2899 1246 2982 adspirare,
1271 2900 1317 2963 ibi
1337 2923 1527 2967 conoessum.

264 3002 338 3088 quid
367 3002 481 3066 debeat
503 3023 592 3065 mens
615 3001 682 3064 Deo
712 3001 869 3084 placitura
896 3023 1106 3085 praesumere.
1152 2999 1284 3075 Quoties
1313 3003 1528 3079 uuiversum}

265 3105 367 3188 poscit
389 3104 554 3187 religionis
578 3125 673 3166 causa
696 3102 865 3166 concilium
872 3153 880 3183 ,
911 3107 943 3166 te
966 3102 1071 3165 cuncti
1095 3102 1210 3166 iratres
1238 3109 1397 3169 evocante
1426 3126 1528 3169 conve-

265 3207 372 3269 niant:
402 3209 433 3269 et
455 3205 481 3269 si
507 3227 585 3289 quos
614 3227 722 3269 eorum
745 3204 892 3287 specialis
921 3204 1043 3288 negotii
1071 3203 1178 3286 pulsat
1206 3205 1401 3290 intentiol),
1426 3206 1529 3289 jurgia

264 3308 424 3371 intereos
447 3307 559 3371 oborta
583 3328 757 3390 compesce,
782 3305 923 3368 discussa
946 3306 1044 3368 sacris
1068 3305 1192 3389 legibus
1208 3305 1456 3371 determinando
1471 3330 1527 3371 cer·

264 3410 396 3473 tamina.
435 3406 592 3492 Quidquid
615 3411 721 3471 autern
743 3406 857 3491 illic¹⁰)
880 3428 938 3490 pro
960 3407 1020 3471 fide
1043 3411 1075 3471 et
1097 3408 1257 3471 veteribus
1282 3410 1469 3474 constitutis
1485 3409 1526 3471 rel

330 3598 350 3662 ²)
369 3595 412 3647 lta
428 3595 444 3646 J
457 3594 485 3647 i².
516 3595 558 3647 Al.
579 3595 620 3647 ed.
640 3605 665 3648 le
687 3607 778 3662 sponte
795 3600 923 3662 amplecti.
948 3595 980 3647 0¹
1001 3605 1025 3647 ie
1042 3606 1132 3662 sponte
1149 3600 1267 3662 operari.
1291 3594 1320 3646 J²
1341 3608 1367 3650 ie
1385 3609 1474 3665 sponte
1493 3603 1525 3647 di-

262 3686 379 3737 dicr'mus:
398 3679 574 3747 corriguntur
592 3694 625 3731 ex
642 3679 748 3747 probae
766 3680 849 3732 notae
867 3696 929 3731 rnss.
950 3680 967 3747 β
983 3683 1011 3744 Γ,
1030 3679 1130 3746 quibus
1147 3678 1264 3746 vulgata
1281 3679 1318 3732 ad
1338 3698 1359 3732 s.
1379 3681 1526 3750 Renngium

264 3764 383 3833 epistola
401 3763 578 3831 suffragatur.

330 3854 351 3917 ³)
369 3851 412 3902 lta
429 3849 474 3917 Jii
490 3853 514 3900 Γ
530 3849 559 3900 et
576 3847 609 3912 i²,
633 3847 685 3900 nisi
708 3848 781 3914 qnod
803 3849 823 3900 i2
841 3860 864 3901 el
887 3852 956 3901 baec.
995 3848 1036 3901 Al.
1055 3847 1097 3900 cd.
1121 3855 1229 3902 diuinam
1252 3857 1411 3904 clementium
1435 3864 1527 3903 canelo:

262 3944 286 3986 el
305 3939 367 3987 liaeo
385 3940 420 3986 uel
435 3939 534 3990 studia:
552 3931 666 3999 quidam
684 3950 746 3985 mss.
765 3932 860 3998 (etiam
878 3933 915 3998 Ji)
934 3943 961 3985 et
978 3937 1024 3983 lure
1041 3939 1077 3984 ud
1092 3938 1184 3986 studio.

330 4022 350 4086 4)
369 4020 389 4070 i²
410 4023 612 4085 meritoriumque
628 4024 790 4084 prouinciam.
827 4017 890 4069 Mox
904 4035 938 4070 oc
956 4024 1087 4085 praesenti
1104 4022 1149 4071 libi
1164 4027 1333 4077 uricioriiule.

331 4109 350 4170 ·)
370 4105 412 4156 lta
430 4102 522 4171 plures
540 4119 604 4154 msS.
623 4103 638 4152 J
651 4101 679 4154 ii.
710 4102 738 4153 J²
751 4119 786 4154 cc
805 4123 874 4169 qurru
887 4107 944 4167 jum
1016 4123 1128 4155 servare.

329 4193 350 4253 ¹⁵)
368 4188 395 4237 .l²
408 4204 441 4239 cc
460 4193 484 4238 si
500 4194 588 4238 ilrrrou
607 4198 699 4238 tratura
717 4192 859 4239 ostenditur·
877 4198 901 4239 el
919 4190 1013 4238 laboris
1032 4187 1069 4248 (l²
1086 4191 1253 4255 Iubmuloria)
1272 4195 1402 4255 injunctio
1419 4197 1526 4261 saperius

259 4275 371 4336 lbumuu
389 4282 551 4325 sizimarium:
587 4269 777 4323 Emendautur
796 4287 828 4322 cr
848 4272 864 4339 β
881 4271 939 4324 ri*
954 4269 986 4334 i'2,
1006 4272 1115 4323 iavcuto
1134 4271 1213 4340 epist.
1233 4273 1270 4326 ad
1290 4274 1401 4345 Remig.

329 4357 350 4425 ⁷)
370 4358 412 4410 lta
431 4358 447 4425 β
461 4360 487 4409 Γ
495 4355 531 4420 J',
551 4356 602 4408 lav.
623 4371 664 4423 ep.
685 4355 721 4408 ad
739 4355 846 4423 lteurig.
883 4355 958 4407 Editi
977 4375 1023 4407 uec
1039 4366 1152 4413 seruitus.
1183 4356 1273 4410 Porro
1287 4363 1442 4413 obumbra
1459 4363 1524 4414 rocio

262 4457 326 4494 casu
345 4442 471 4508 cil'ertur,
490 4439 569 4507 quasi
587 4439 692 4492 diceret
709 4440 870 4493 Hormieda:
903 4445 1000 4493 Nullum
1013 4445 1132 4509 relinquit
1143 4448 1234 4508 eulpae
1253 4450 1344 4501 Iocum,
1364 4451 1408 4513 qui
1424 4457 1524 4498 saudan

262 4529 460 4579 obnouutioucur
479 4531 503 4578 ei
520 4531 634 4592 opponit.

329 4614 348 4675 q
368 4628 402 4663 oc
420 4612 449 4662 et
466 4610 558 4678 plures
576 4627 639 4662 mss.
659 4610 754 4676 (etiam
767 4611 805 4677 Ρ)
824 4617 973 4665 uniuersalis
995 4617 1077 4679 poscit
1095 4616 1227 4679 relipiouis
1246 4633 1328 4667 cuum
1347 4621 1383 4667 ud
1400 4620 1516 4669 mucium

261 4692 401 4748 laudatos
420 4694 560 4761 sequimur
579 4696 595 4763 β
612 4695 670 4747 Pl*
685 4696 716 4753 i²‚
736 4695 854 4764 epistola
872 4695 908 4748 ud
927 4696 1033 4764 ltemig.
1055 4695 1093 4749 cis
1111 4695 1313 4750 consentiente.

328 4782 347 4845 9)
367 4779 441 4831 llditi
460 4786 594 4832 renuntio.
631 4783 667 4832 llt
685 4799 746 4834 mss.
768 4800 869 4849 magno
889 4798 1022 4834 consensu
1041 4787 1156 4838 fulcario.
1177 4782 1254 4848 quod
1273 4789 1319 4837 cst
1337 4789 1369 4836 lis
1386 4791 1486 4837 intenta.

330 4868 359 4931 ¹⁰)
379 4864 423 4916 Sic
441 4863 461 4915 i²
480 4881 540 4916 cum
564 4863 723 4917 melioribus
746 4884 807 4918 mss.
833 4866 928 4931 (etiarn
946 4866 993 4932 .l').
1035 4866 1076 4919 ai.
1096 4865 1190 4932 (otiam
1211 4867 1304 4932 Poe)
1326 4875 1389 4927 iilis.
1414 4873 1442 4922 ct
1462 4868 1523 4921 inira

257 4953 380 5014 formabis
396 4965 447 5016 pro
463 4954 584 5014 struendis.
