3224 5506
477 400 480 405 .
595 352 766 401 semrom
791 342 840 400 14.
1291 337 1354 401 269

46 505 137 588 jure
159 506 314 570 caritatis
330 505 535 571 vehementer
550 506 790 591 adstringimus,
814 511 850 569 ut
866 510 983 570 sortem
1003 505 1141 569 infelicis
1157 506 1267 569 Aeacii
1283 529 1353 590 per·
1365 518 1477 586 isariae.)

50 606 282 691 horrescens,
305 608 370 693 qui,
394 607 476 672 sicut
497 609 651 692 scriptum
667 611 725 690 est,
750 620 782 672 ut
796 614 854 672 iret
868 616 899 672 in
914 615 1011 672 locem
1025 630 1119 680 sirum,
1144 607 1240 672 etiam
1256 609 1498 683 nobisAct.1‚15.

53 709 276 774 conantibus
303 731 369 774 non
397 713 446 774 est
473 710 646 794 permissus
675 710 811 776 absolvi:
840 732 902 794 quo
924 710 1011 774 vales
1033 713 1145 773 tenore
1169 710 1354 792 contendas,

53 816 98 875 ut
125 810 373 876 catholicorum
394 811 480 876 illius
495 812 582 876 urbis
598 813 780 877 antistitum
796 812 900 896 magis
916 812 1104 877 monstreris
1121 834 1189 876 esse
1200 812 1354 893 imitator,

54 917 95 976 et
120 912 304 977 dominum
331 913 432 977 filium
460 917 605 978 nostrum
627 914 892 999 gloriosissimum
920 914 1100 997 principem
1123 915 1355 999 conjugemque

55 1015 153 1098 ejus,
183 1016 342 1099 adjuncta
363 1018 470 1080 tecum
492 1037 564 1080 mea
584 1023 693 1100 prece,
713 1039 779 1080 non
803 1017 930 1080 desinas
953 1015 1141 1100 suppliciter
1156 1038 1296 1097 exorare,
1320 1021 1356 1080 ut

55 1118 158 1181 sicut
185 1117 296 1181 devoti
318 1117 482 1182 Ecclesiae
504 1117 563 1181 filii
585 1122 618 1182 et
639 1118 875 1182 obsecrationes
899 1120 1024 1181 nostras
1048 1117 1221 1181 clementer
1243 1118 1356 1181 admit-

56 1223 158 1300 tant,
187 1223 223 1282 et
246 1240 305 1303 pro
327 1219 376 1283 sui
398 1214 492 1304 regni
514 1220 689 1304 salutisque
711 1223 885 1304 perpetuae
907 1219 1017 1303 perfici
1034 1219 1288 1283 consideratione
1304 1220 1355 1285 de·

58 1325 228 1385 cernant.
274 1318 344 1385 Nec
367 1320 485 1386 dilatae
508 1322 740 1386 communionis
763 1321 956 1406 apostolicae
978 1324 1034 1383 tua
1059 1326 1207 1384 causetur
1229 1321 1358 1385 dilectio

58 1421 280 1486 tarditatem.
309 1423 475 1488 Nollemus
491 1424 705 1510 qualicunque
720 1423 911 1488 difficultate
927 1423 1088 1506 suspendi,
1113 1423 1176 1487 nisi
1192 1427 1356 1507 respectus

61 1523 263 1589 catholicae
286 1524 431 1590 veritatis
453 1525 638 1608 obsisteret,
668 1526 719 1590 cui
742 1525 946 1590 dilectionem
968 1547 1092 1609 quoque
1114 1528 1203 1588 tuam
1226 1525 1358 1589 summis

61 1625 202 1690 viribus
225 1625 397 1691 inhaerere
419 1627 469 1691 vel
491 1632 567 1712 opto
592 1627 640 1692 vel
656 1650 779 1692 moneo
816 1626 942 1693 Nomen
965 1627 1065 1711 igitur
1087 1625 1175 1690 Petri
1199 1630 1231 1690 et
1246 1626 1358 1691 Aeac-ii

63 1726 215 1792 tollatur
244 1749 262 1791 e
290 1729 410 1811 medio,
449 1750 510 1794 nec
544 1729 758 1816 apocrisiariis
792 1729 936 1793 damnati
966 1727 1054 1791 Petri
1082 1728 1274 1792 misceamur
1302 1732 1358 1792 aut

61 1829 207 1894 litteris.
256 1829 304 1894 m
334 1830 418 1895 sicut
445 1831 491 1895 ait
525 1830 702 1915 apostolus:
747 1836 974 1896 ,discinduntur
1006 1839 1059 1910 qui
1087 1853 1138 1896 vos
1161 1832 1507 1908 *conturbentiialnra

64 1932 264 2015 iterumque
285 1935 324 1996 ut
344 1932 413 2016 ipse
435 1932 640 2017 pronuntiat:
686 1939 869 2014 Expurpaie
897 1946 979 1998 vetas
1002 1936 1195 2009 serenantem,
1231 1944 1264 1996 ni
1291 1939 1507 2011 sitisrcorss.

63 2054 152 2098 noea
185 2040 381 2114 conspersio:
417 2055 488 2098 cum
518 2034 701 2098 nominibus
729 2035 936 2120 personisque
967 2035 1032 2098 suis
1058 2034 1233 2118 praeterita
1262 2031 1358 2097 causa

65 2134 244 2200 deleatur:
267 2135 362 2200 nobis
373 2133 441 2200 Deo
452 2136 632 2220 inspirante
647 2138 822 2221 provisuris
838 2137 1084 2217 rationabiliter,
1109 2141 1145 2199 ut
1160 2136 1355 2223 scripsimus,

66 2238 95 2301 si
120 2240 253 2301 cuncta
274 2238 494 2320 convenerint,
518 2241 695 2321 uteorum,
719 2261 798 2323 quos
821 2238 981 2303 ordinavit
1003 2238 1053 2302 vel
1076 2238 1252 2322 baptizavit
1274 2239 1356 2301 Aca-

68 2339 194 2423 cius⁶),
228 2337 320 2403 salva
350 2339 548 2404 confessione
582 2339 740 2405 catholica
767 2362 825 2424 pro
856 2340 1000 2404 caritatis
1027 2340 1190 2405 Ecclesiae
1219 2339 1357 2407 redinte-

67 2441 232 2527 gratione
256 2439 339 2505 nihil
360 2444 487 2525 pereat:
509 2446 667 2526 quatenus
689 2465 752 2526 pax
773 2443 829 2506 illa
843 2443 1021 2527 proveniat,
1045 2464 1125 2527 quae
1136 2446 1215 2519 fecit
1229 2454 1507 2525 utraqueEph.e‚14.

69 2566 181 2621 unum,
212 2563 284 2606 non
297 2542 373 2625 illa,
402 2566 498 2628 quam
519 2544 679 2629 propheta
702 2546 909 2609 condemnat:
944 2550 1023 2622 Pes,
1047 2567 1131 2625 pes,
1160 2557 1189 2609 ei
1211 2566 1269 2609 non
1291 2540 1466 2608 eratsszech·

65 2668 161 2727 pax:
186 2648 223 2708 et
249 2646 377 2728 caritas,
401 2667 497 2730 quam
518 2650 575 2710 tua
597 2646 725 2711 dilectio
747 2647 813 2710 suis
829 2669 923 2731 saepe
938 2646 1054 2710 litteris
1070 2647 1254 2730 postulavit,
1277 2669 1359 2731 pura
1372 2615 1458 2675 13,10.

69 2745 247 2828 succedat,
270 2746 311 2810 de
333 2768 397 2831 qua
418 2746 550 2812 dicitur:
595 2753 717 2813 Caritas
744 2755 782 2812 de
807 2755 900 2813 eorde
916 2770 998 2829 puro
1020 2761 1049 2813 ci
1071 2757 1257 2814 conscientie
1279 2755 1358 2814 bona
1372 2726 1463 2850 ῙῙΤΞΠῙ·

70 2862 100 2913 ιι
118 2855 190 2927 nae
212 2869 278 2914 non
298 2855 382 2925 scta.
1404 2837 1411 2861 '
1435 2839 1440 2850 '

160 2950 195 3016 6.
246 2948 339 3015 Nihil
367 2951 410 3015 sit
437 2973 604 3016 commune
635 2952 699 3017 luci
723 2974 796 3017 cum
818 2953 970 3037 tenebris,
1000 2953 1074 3036 quia
1104 2975 1170 3017 non
1192 2975 1358 3036 possumus

10 3046 14 3129 l
70 3076 133 3119 nec
158 3052 324 3117 debemus
350 3074 469 3118 mensae
489 3059 613 3120 Domini
635 3062 830 3135 participare
857 3067 887 3118 ct
913 3076 1033 3119 mersae
1054 3062 1295 3120 daemoniorum:
1322 3059 1359 3119 ut
1372 3033 1457 3157 {0⁰3}

70 3155 133 3220 tibi
159 3153 301 3220 creditis
326 3154 438 3219 oribus
460 3157 706 3240 praeteritorum
729 3157 979 3241 congregatione
1006 3157 1178 3240 mundatis,
1205 3165 1262 3234 fiat
1283 3180 1359 3223 enus
1374 3144 1457 3224 lobs

10 3314 14 3337 ,
69 3280 157 3337 prex
182 3268 214 3322 ei
239 3278 320 3322 unus
336 3250 456 3337 postor.
502 3256 664 3342 Scriptum
693 3279 762 3322 esse
789 3259 981 3323 meministi:
1025 3262 1165 3323 sirecte
1191 3267 1306 3340 offeres
1332 3243 1489 3361 ‘'lipffiq

70 3371 162 3425 recte
191 3379 260 3424 non
291 3364 426 3435 divides,
450 3368 603 3440 peccasti:
632 3363 664 3424 et
691 3360 848 3444 propheta
877 3361 1009 3425 elamat:
1053 3367 1140 3425 Inter
1166 3368 1309 3425 mundum
1331 3347 1498 3428 eiEzec'hl'

71 3466 274 3528 minandum
304 3481 364 3525 non
386 3464 611 3527 discernebatis.
655 3461 743 3538 Quae
772 3462 920 3526 universa
943 3464 1126 3527 summatim
1148 3463 1203 3527 illa
1227 3464 1359 3528 circum·
1377 3447 1464 3507 ‘²2²²'st

10 3602 12 3617 =
71 3564 252 3651 spectione
274 3562 536 3649 perstringimus,
559 3567 596 3627 ut
618 3565 766 3646 cordibus
789 3565 960 3630 salubriter
982 3566 1129 3650 expiatis,
1152 3569 1220 3629 tam
1234 3566 1359 3630 firmam
1443 3616 1452 3628 .

10 3674 15 3777 f
72 3668 145 3732 sine
170 3663 384 3730 dubitatione
405 3688 501 3751 quam
523 3687 641 3750 veram,
664 3669 732 3730 tam
749 3672 937 3751 perpetuam
952 3690 1048 3752 quam
1063 3668 1187 3731 :mitam
1202 3669 1359 3751 possimus

10 3792 13 3815 ³
72 3774 192 3835 tenere
218 3767 438 3833 concordiam.
487 3767 684 3844 Quantocius
706 3791 783 3853 ergo
806 3770 971 3853 superbis
993 3773 1049 3833 tua
1071 3792 1129 3833 nos
1151 3770 1263 3834 reddat
1285 3770 1359 3834 dile-

10 3878 12 3941 i
72 3872 139 3936 ctio
172 3869 348 3952 certiores,
376 3873 414 3933 ut
435 3869 503 3935 Deo
532 3873 643 3935 nostro
670 3871 857 3954 perficiente
887 3873 971 3957 quod
999 3868 1113 3957 coepit,
1142 3872 1177 3936 in
1207 3894 1359 3957 compage

10 4030 12 4053 ἰ
71 3973 225 4060 corporis
250 3969 378 4037 Christi
398 3971 495 4059 plena
515 3972 677 4037 valeamus
699 3966 960 4039 reconciliatione
984 3975 1175 4038 consentire.

137 4184 162 4250 ⁸)
181 4176 276 4234 Haud
302 4175 389 4231 dubie
410 4176 476 4246 post
491 4176 664 4245 [sententiam
687 4177 819 4231 adversus
842 4194 905 4231 eum
928 4196 990 4232 cum
1008 4179 1186 4233 anathemate
1211 4176 1357 4247 prolatam.

68 4264 107 4321 Ε]
127 4282 186 4337 quo
207 4261 362 4332 sequitur,
380 4260 561 4315 ordinationis
580 4279 613 4317 ac
630 4261 763 4332 baptismi
780 4265 956 4317 sacramenta
974 4264 1009 4317 ab
1028 4262 1186 4332 hujusmodi
1202 4262 1360 4316 honiinibus

10 4348 14 4377 ¹
67 4353 171 4406 collata
195 4350 245 4403 ita
266 4362 306 4399 ex
325 4343 487 4416 disciplima
503 4345 654 4401 severitate
672 4346 762 4415 rejici,
786 4349 818 4401 ut
839 4364 873 4401 ex
895 4348 1099 4417 dispensatione
1124 4346 1224 4416 suscipi
1245 4347 1360 4416 possint,

66 4438 197 4507 adeoque
217 4430 329 4489 valida
347 4428 445 4485 haberi
462 4430 587 4500 quamvis
604 4430 708 4485 illicita.
744 4431 837 4486 Etiam
856 4433 982 4487 Gelasius
995 4433 1072 4501 epist.
1087 4438 1170 4486 3n.6
1189 4431 1255 4485 satis
1273 4448 1302 4485 se
1320 4429 1360 4485 ibi

65 4522 146 4579 l'elici
166 4517 339 4577 concinere
357 4512 454 4568 innuit.
489 4515 569 4570 Unde
586 4515 682 4586 palam
699 4518 756 4585 est,
775 4517 951 4572 Anastasium
970 4519 995 4571 ΙΙ
1013 4519 1040 4570 in
1060 4517 1178 4586 epistola
1196 4517 1232 4571 ad
1243 4517 1360 4571 Anasta-

62 4611 127 4664 sium
146 4602 381 4678 imperatorem
398 4617 424 4653 n.
441 4604 456 4654 8
473 4600 543 4658 nihil
560 4600 735 4656 decessorum
754 4621 865 4658 suorum
884 4603 1001 4658 decretis
1020 4601 1190 4657 contrarium
1208 4602 1357 4671 scripsisse.
