3204 5506
639 115 811 166 crisconi
835 67 886 166 aa.
1330 99 1393 166 795

126 267 268 334 Necesse
283 271 333 334 est
354 271 391 335 ut
412 291 551 335 errorem
574 269 736 337 adscribat
744 271 782 354 ¹³)
804 270 877 355 sibi,
901 269 956 357 qui
978 273 1156 338 monstrato
1178 293 1245 338 ucn
1267 271 1516 345 insist't(a.orr.)

126 371 248 437 itineri.

156 529 337 592 Bonitaciuc
359 532 499 592 notarim
521 535 647 593 sanctae
669 532 820 594 ecclesiae
842 532 999 592 Romanae
1022 550 1062 594 ex
1084 532 1198 594 scrinio
1220 528 1366 614 scitust)

458 634 649 712 exemplaria
670 634 817 695 libellum
859 634 899 695 nt
920 634 1068 712 sequitur:

210 747 242 811 4.
281 747 390 811 Prima
412 748 498 811 salus
522 753 581 831 est,
604 751 710 813 rectae
732 748 806 813 fidei
828 748 973 833 regulam
996 750 1153 814 custodire
1181 753 1213 814 et
1235 774 1254 814 a
1278 751 1394 815 consti-

125 850 207 914 tutis
230 852 360 933 patrum
381 850 566 914 nullatenus
589 851 725 914 deviare.
771 849 815 914 Et
837 851 912 935 quia
933 873 1000 915 non
1020 856 1126 936 potest
1141 852 1271 916 Domini
1293 854 1395 917 nostri

124 951 205 1017 Jesn
234 950 354 1016 Christi
381 953 595 1036 praetermitti
622 953 783 1017 sententia
811 953 961 1017 dicentis:
996 957 1041 1018 Ta
1062 976 1093 1019 es
1115 960 1223 1019 Petrus
1250 968 1279 1018 et
1305 941 1506 1063 supcrllgifg·

124 1060 346 1135 dompetram
369 1061 537 1132 aedificabo
560 1061 726 1119 Ecclesium
754 1076 849 1119 mecm
877 1068 953 1130 etc.;
988 1054 1067 1119 haec
1095 1079 1176 1141 quae
1205 1057 1292 1121 dicta
1320 1060 1396 1121 sunt
1449 1052 1455 1077 ’
1496 1054 1501 1064 ’

124 1178 232 1220 rerum
254 1156 432 1240 probantur
455 1156 629 1238 effectibus,
654 1156 728 1240 quia
750 1157 784 1220 in
808 1157 880 1220 sede
899 1158 1075 1241 apostolica
1091 1158 1219 1244 citra¹⁵)
1236 1160 1395 1223 maculam

124 1280 253 1342 semper
275 1263 325 1321 est
347 1258 503 1322 catholica
532 1262 658 1322 servata
686 1257 809 1342 religio
866 1258 914 1323 De
942 1283 1005 1343 qua
1032 1281 1088 1344 spe
1116 1265 1149 1323 et
1176 1261 1236 1324 fide
1264 1261 1395 1324 minime

122 1359 270 1443 separari
293 1361 457 1444 cupientes
479 1363 512 1424 et
533 1365 662 1443 patrum
684 1364 852 1444 sequentes
875 1362 1059 1444 constituta,
1088 1363 1395 1426 anathematizamus

123 1483 238 1526 omnes
260 1460 416 1545 haeresse,
440 1463 610 1545 praecipue
626 1461 810 1526 Nestorium
832 1463 1039 1546 haereticum,
1062 1464 1117 1548 qui
1138 1466 1298 1548 quondam
1314 1465 1395 1531 Ocn-

122 1563 435 1646 stantinopolitanae
450 1564 513 1628 fuit
528 1564 615 1628 urbis
631 1565 809 1648 episcopus,
826 1565 1012 1629 damnatum
1029 1565 1064 1629 in
1080 1565 1215 1631 concilio
1231 1567 1396 1651 Ephesino

122 1688 144 1730 a
162 1666 257 1729 beato
273 1664 453 1730 Caelestino
468 1688 553 1750 papa
576 1667 663 1730 urbis
679 1665 799 1729 Romae
822 1669 854 1729 et
869 1690 888 1729 a
903 1667 1079 1730 venerabili
1101 1667 1168 1732 viro
1187 1667 1306 1752 Cyrillo
1322 1668 1395 1732 Ale·

122 1768 304 1832 xandrinae
321 1768 459 1831 civitatis
476 1769 631 1832 antistite.
661 1767 815 1832 Similiter
828 1772 861 1832 et
874 1768 1183 1833 anathematizantes
1194 1771 1232 1856 16)
1249 1773 1282 1834 et
1297 1770 1396 1854 Euty-

123 1871 212 1936 chen
230 1875 262 1935 et
276 1870 463 1935 Dioscorum
480 1870 746 1953 Alexandrinum,
769 1871 804 1933 in
827 1873 941 1934 sancta
963 1872 1094 1955 synode,
1118 1893 1213 1956 quam
1235 1873 1397 1957 sequimur

121 1976 159 2038 et
184 1972 415 2056 amplectimur,
440 1972 691 2038 Calchedonensi
715 1973 893 2055 damnatos,
917 1994 998 2055 quae
1021 1977 1131 2037 secuta
1153 1976 1301 2037 sanctum
1324 1996 1396 2038 con-

122 2074 239 2139 cilium
252 2073 432 2138 Nicaenum
454 2075 549 2139 fidem
572 2073 780 2159 apostolicam
802 2075 1010 2159 praedicarit,
1033 2076 1228 2139 detestamur
1245 2081 1278 2140 et
1292 2076 1396 2140 Timo·

120 2177 240 2241 theum
261 2176 469 2261 parricidam,
494 2176 647 2240 Aelurum
670 2181 899 2261 cognomento,
931 2177 1121 2261 discipulum
1150 2199 1274 2262 quoque
1296 2179 1397 2268 ipsius

120 2282 159 2344 et
179 2300 346 2363 sequacem
369 2279 403 2342 in
418 2279 566 2342 omnibus
581 2278 712 2343 Petrum
728 2280 993 2343 Alexandrinum.
1028 2278 1284 2344 Condemnamus
1300 2280 1397 2344 etiam

119 2384 159 2447 et
184 2379 493 2445 anathematizamus
510 2381 664 2445 Acacium
680 2380 1073 2466 Constantinopolitanum
1096 2383 1256 2465 quondam
1279 2382 1397 2466 episco-

117 2505 205 2568 pum
228 2483 268 2547 ab
292 2483 466 2567 apostolica
489 2484 562 2547 sede
584 2483 789 2566 damnatum,
819 2505 927 2547 corum
951 2483 1136 2566 complicem
1164 2487 1197 2547 et
1218 2506 1396 2569 sequacem,

90 2584 180 2669 ,vel
202 2586 255 2669 qui
278 2586 444 2649 incorum
468 2585 748 2669 communionis¹⁷)
771 2586 923 2649 societate
946 2585 1196 2667 permanserint:
1220 2586 1295 2670 quia
1306 2589 1398 2670 ,Aca-

120 2688 198 2753 cius
220 2709 353 2771 quorum
376 2710 409 2750 se
433 2688 647 2751 communioni
675 2688 818 2769 miscuit,
854 2688 994 2770 ipsorum
1022 2687 1158 2751 similem
1181 2688 1254 2771 jure
1282 2688 1398 2752 meruit

122 2791 165 2855 in
182 2789 388 2853 damnatione
411 2789 614 2854 sententiam.
644 2789 774 2852 Petrum
789 2789 998 2852 nihilominus
1013 2788 1252 2853 Antiochenam
1269 2791 1397 2855 damna·

119 2914 200 2956 mus
224 2913 294 2955 cum
316 2892 504 2975 sequacibus
527 2892 592 2955 suis
616 2895 647 2954 et
663 2890 852 2975 omniumffl)
869 2892 1166 2974 suprascriptorum.
1203 2890 1398 2975 Suscipimus

120 2996 237 3058 autem
260 2998 293 3056 et
314 2994 485 3076 probamus
509 2993 660 3077 epistolas
683 2992 771 3056 beati
794 2992 909 3056 Leonis
931 3014 1034 3076 papae
1057 2992 1233 3074 universas,
1258 3014 1336 3080 quas
1360 2993 1398 3056 de

120 3094 314 3161 Christiana
347 3096 502 3179 religione
538 3095 744 3178 conscripsit,
778 3093 862 3157 sicut
894 3093 1127 3176 praediximuS,
1165 3096 1334 3177 sequentes
1364 3094 1398 3157 in

119 3197 275 3262 omnibus
298 3197 506 3280 apostolicam
529 3197 652 3277 sedem,
682 3200 715 3260 et
737 3195 960 3279 praedicantes
988 3196 1057 3279 ejus
1079 3195 1187 3259 omnia
1210 3195 1396 3260 const'tuta.

128 3339 266 3346 „ae————
288 3341 318 3345 ...
334 3340 384 3345 .—.

199 3403 229 3467 ¹³)
248 3400 291 3454 lta
307 3400 323 3452 J
328 3403 334 3436 ¹
345 3402 392 3454 0¹⁰
404 3403 420 3470 β
433 3401 454 3453 i*
472 3401 503 3464 (i²
520 3402 614 3454 tamen
627 3403 767 3461 abscribat,
785 3400 801 3453 J
806 3403 811 3434 ¹
831 3402 1003 3468 monstratur).
1036 3397 1091 3453 Alii
1103 3414 1168 3453 vero
1187 3409 1212 3452 ct
1225 3418 1339 3453 errorem
1351 3404 1400 3454 sili

119 3489 238 3544 scribat,
258 3491 300 3555 qui
316 3496 472 3538 rnorrstrctnr
490 3491 611 3539 institisse
627 3506 709 3554 prauo
727 3491 820 3539 itineri.

197 3571 229 3638 ¹⁴)
247 3570 290 3623 lta
307 3570 364 3640 J¹fi
383 3571 418 3638 (Ἠ
439 3576 508 3624 edidi
567 3575 650 3624 libelli.
680 3574 733 3638 El).
768 3571 800 3622 ln
818 3569 890 3638 vulg.
905 3575 968 3622 editi
983 3574 1142 3637 exemplaria
1160 3573 1237 3622 libelli
1254 3576 1398 3640 exequitur,

120 3655 175 3711 K¹¹
194 3660 258 3708 editi
275 3663 408 3722 exemptor
426 3655 476 3708 etc.
511 3655 549 3708 Ut
568 3657 585 3723 β
604 3672 794 3723 sequeremur,
812 3655 899 3708 suasit
916 3669 971 3730 nou
983 3654 1093 3708 tautum
1105 3653 1165 3722 ejus
1178 3653 1206 3706 in
1220 3653 1318 3707 ceteris
1336 3673 1400 3724 pro·

119 3741 198 3795 bata
215 3738 371 3804 sinceritas,
389 3740 438 3793 ced
456 3742 485 3793 et
502 3740 571 3793 haec
589 3747 692 3793 num.·2
712 3740 809 3793 verba:
829 3746 976 3793 documenta
994 3760 1090 3809 quoque
1110 3745 1141 3793 de
1158 3744 1280 3792 eccleciae
1297 3745 1400 3793 scriniis

120 3835 283 3880 manentes
355 3830 506 3886 direximus,
525 3841 648 3878 necnon
666 3825 720 3878 ista
738 3823 819 3893 epist.
834 3831 866 3877 ‘34
879 3842 905 3876 n.
921 3832 947 3876 l:
966 3844 1059 3878 caueae
1077 3830 1157 3892 ipsius
1176 3830 1288 3878 ordinem
1306 3829 1399 3878 inctru-

121 3915 226 3966 clionee
237 3915 377 3977 adjunctae
394 3915 426 3962 de
437 3915 539 3963 cerinis
551 3916 731 3964 ecclesiasticis
743 3929 787 3962 vos
800 3913 931 3963 docebunt.
966 3909 1037 3963 Hinc
1055 3909 1128 3963 enim
1146 3925 1201 3962 non
1213 3928 1299 3963 unum
1310 3910 1400 3965 libelli

121 3995 283 4064 exemplar,
301 3995 349 4048 sed
362 3996 392 4048 et
408 3993 463 4048 alia
475 3994 641 4049 documenta
654 4011 668 4047 e
681 3992 786 4048 scriniis
798 3993 874 4047 edita
892 3993 928 4047 ad
940 3994 1078 4065 Hispanos
1091 3993 1232 4049 destinata
1243 3999 1305 4048 tum
1316 3995 1399 4050 fuisso

121 4079 281 4136 conficitur.

197 4165 229 4231 ¹⁵)
249 4167 272 4217 θ’
293 4181 349 4232 seq.
370 4176 456 4217 extra.

198 4250 229 4316 ¹⁸)
248 4249 292 4302 lta
307 4249 324 4302 J
329 4251 334 4283 ¹
349 4250 365 4316 β
371 4271 378 4313 ;
396 4248 446 4302 alii
462 4252 555 4303 autem
574 4254 811 4303 urratdcmotizamns
880 4243 1079 4304 Calchedoneasi
1096 4256 1245 4303 damnatum.

198 4335 228 4401 ¹¹)
248 4336 273 4386 οι
296 4351 353 4402 seq.
377 4341 543 4388 commuuione
565 4347 608 4387 cut
630 4342 753 4388 societate
774 4342 969 4403 permanserint.
1010 4339 1058 4400 Qut
1082 4341 1205 4394 Acerina·
1228 4353 1261 4389 ao
1283 4335 1399 4390 subinde

119 4425 222 4476 uouere
240 4426 331 4471 menri!
348 4420 409 4487 (pro
422 4425 485 4484 jure
504 4424 612 4485 aternu).

196 4507 228 4572 ¹¹³)
248 4501 323 4555 Editi
341 4520 403 4556 cum
421 4521 482 4557 mss.
502 4504 554 4558 JO
573 4516 598 4557 et
616 4510 727 4559 omnibus
744 4511 945 4574 suprascriptis
963 4505 989 4572 (J
994 4508 999 4540 ¹
1015 4510 1126 4558 cautritur
1144 4509 1397 4575 suprascriptorum).

117 4589 241 4648 Rectius
259 4589 277 4657 β
294 4599 320 4640 et
338 4593 442 4641 ornatum
462 4609 542 4654 cupra
559 4594 718 4657 scriptorum.
762 4590 868 4645 Clarius
887 4591 990 4645 dictum
1009 4594 1083 4645 esset
1106 4611 1158 4644 cum
1176 4594 1325 4660 sequacibus
1342 4597 1399 4658 ejus

117 4689 145 4735 et
165 4680 277 4733 omnium
295 4678 536 4740 suprascriptorum.
