3204 5506
262 351 374 398 xxxw
692 351 889 398 PRAEFATIO
913 351 1087 398 horrorem.

260 514 350 581 lione
376 512 446 581 etc.
473 509 637 610 (regulae
655 507 799 597 XLIV);
829 507 860 577 V
890 510 944 580 De
969 518 1095 600 sepiem
1119 510 1295 600 proililrus,
1321 533 1402 601 (puros
1423 510 1528 580 (fure

259 629 577 720 311131111111111111111,ι
604 626 653 697 IV
682 629 864 718 Proeftdio
882 629 1014 698 lsulori
1037 629 1078 699 de
1096 629 1270 714 conciliis;
1299 626 1365 698 VH
1394 631 1528 720 Confir-

259 751 364 818 nudio
390 771 555 818 curionum
584 747 828 841 apostoloruum
868 744 955 817 VIII
982 748 1148 836 Ejusdem
1174 749 1336 818 llisidori
1369 753 1448 839 eppi
1480 752 1528 819 ud

259 865 440 936 Masonem
466 890 590 957 eppuun
616 868 658 941 de
684 869 936 937 restauratione
961 868 1154 937 suoerdolii.
1195 863 1324 959 Sicque
1341 867 1447 938 varia
1466 890 1526 938 ex-

257 984 386 1076 cerpta
419 988 458 1055 et
490 985 655 1078 capitula
682 988 898 1058 asseruntur
929 984 1118 1076 usquead
1144 983 1208 1055 Nr.
1224 983 1400 1055 eeeeLH
1428 987 1528 1073 Quod

253 1104 432 1194 presbyter
459 1105 549 1176 idem
574 1107 619 1176 su
646 1105 736 1195 quod
762 1113 809 1175 est
837 1106 1012 1193 episcopus
1034 1104 1173 1194 epistola
1200 1126 1226 1174 s.
1244 1104 1452 1194 Hieronymi
1479 1108 1526 1174 ud

260 1223 482 1310 Erunyelnm.
535 1222 591 1294 Ex
615 1222 747 1314 quibus
780 1222 891 1294 codex
924 1222 1000 1314 ipse
1033 1225 1160 1294 autem
1191 1223 1309 1293 solum
1336 1245 1451 1315 usque
1478 1224 1524 1294 ud

258 1338 321 1411 Nr.
342 1339 517 1410 eeltexx
547 1341 736 1412 Allereotio
760 1364 786 1412 s.
805 1341 994 1414 Athanasii
1026 1344 1106 1431 eppi-
1134 1340 1369 1413 Alexandrini
1403 1351 1523 1413 roulm

257 1460 387 1530 Arium
408 1461 592 1531 Sabellium
620 1461 668 1530 uel
688 1459 876 1531 Plotinum
902 1461 1094 1530 lroerelieos.
1135 1461 1246 1546 „Cum
1264 1461 1359 1550 opud
1379 1459 1525 1531 Nireum.

259 1579 370 1649 urbem
398 1581 467 1651 etc.
496 1579 534 1668 (f.
556 1580 755 1648 roo—rte
783 1578 931 1671 imgm.)
957 1580 1105 1649 textum
1131 1579 1353 1671 exsequitur.

359 1701 400 1787 d)
426 1696 500 1768 Alii
519 1697 658 1769 codices
685 1696 820 1768 ibidem
839 1721 862 1768 a
879 1696 1087 1770 Balleriniis
1113 1697 1135 1766 l.
1151 1720 1180 1768 c.
1209 1721 1243 1790 p.
1259 1695 1308 1766 IV
1335 1722 1365 1769 c.
1386 1699 1429 1767 lt
1449 1723 1524 1769 me-

255 1817 403 1901 morati,
418 1814 883 1909 Vaticanuslteginae
898 1816 995 1904 9Ῑ3,
1013 1813 1225 1886 Vaticani
1249 1819 1376 1900 1999,
1396 1820 1409 1886 1
1426 1819 1523 1894 3411,

261 1937 371 2007 1349
400 1958 466 2029 pro
492 1935 548 2007 his
574 1935 721 2029 quidem
739 1934 902 2027 epislnlis
920 1932 1128 2027 pontificiis,
1147 1957 1306 2026 quarum
1324 1935 1524 2007 editionem

254 2078 446 2148 paramus,
475 2055 566 2126 nihil
593 2054 775 2148 peculiare
803 2055 973 2125 afferunt.

355 2176 390 2262 e)
416 2172 594 2268 Magnmn
621 2178 749 2244 autem
776 2173 938 2245 fructum
971 2195 1015 2243 ex
1042 2173 1182 2244 dnobus
1209 2173 1391 2245 codicibus
1418 2198 1525 2267 prae·

254 2292 494 2364 stantissimis
520 2291 799 2364 Monac-ensibus
826 2292 915 2384 cepi,
944 2292 1020 2363 scil.
1040 2291 1116 2363 on.
1135 2292 1202 2364 lat.
1222 2293 1321 2362 9908
1341 2292 1401 2383 (01.
1421 2292 1523 2364 Dies-

253 2412 348 2482 sensi
376 2414 409 2498 8,
437 2434 530 2483 saec.
550 2410 601 2481 IX
624 2412 787 2499 exeunt.)
815 2414 852 2482 et
881 2412 978 2481 (3243
1007 2410 1066 2498 (ol.
1086 2409 1310 2500 Frisingensi
1330 2412 1389 2500 43,
1424 2435 1522 2485 saec.

254 2528 486 2619 VIII—IX),
524 2553 679 2622 quorum
706 2529 843 2600 notitia
875 2551 1034 2621 ususque
1061 2528 1151 2599 mihi
1178 2529 1326 2602 demmn
1353 2531 1521 2623 putebat.

251 2672 366 2741 quum
392 2670 483 2742 opus
510 2649 632 2741 ipsum
658 2648 897 2742 epistolarum
919 2647 1000 2740 jam
1026 2648 1094 2718 sub
1121 2649 1220 2740 prelo
1247 2652 1285 2720 ct
1311 2649 1357 2720 ad
1384 2649 1523 2722 Gelrmii

251 2790 367 2860 usque
392 2767 531 2860 scripta
558 2767 778 2861 productum
804 2771 911 2838 esset.
964 2765 1124 2859 Uterque
1160 2792 1182 2838 a
1215 2769 1312 2840 notis
1340 2768 1521 2841 collectio-

252 2886 376 2973 nibus,
417 2887 447 2957 si
482 2910 595 2957 unam
630 2885 926 2969 Qnesnellianam
965 2886 1140 2979 excipias
1167 2886 1335 2958 ‘minime
1373 2889 1519 2980 pendet.

250 3029 365 3098 qumn
397 3006 454 3077 vel
487 3006 525 3076 in
558 3005 707 3099 synodis
741 3005 886 3098 saepius
919 3006 958 3075 et
991 3029 1014 3075 a
1040 3003 1204 3097 Dionysii
1239 3008 1277 3077 et
1310 3005 1357 3076 ah
1390 3004 1519 3078 Isidori

250 3124 459 3197 reductione
485 3125 675 3218 discrepet.
730 3123 972 3219 Frisingensis
998 3127 1147 3218 praeter
1179 3124 1272 3195 alias
1299 3125 1455 3218 synodos
1482 3131 1521 3197 et

249 3243 450 3317 decretales
476 3267 688 3317 communes
715 3243 932 3337 praeprimis
966 3246 1051 3316 acta
1083 3244 1264 3316 haeresim
1292 3242 1453 3316 Nestorii
1481 3251 1521 3318 et

249 3363 408 3435 schisma
436 3364 557 3436 Aeacii
587 3363 796 3456 spectantia
822 3362 978 3456 collegit,
1013 3363 1051 3433 in
1078 3363 1205 3455 hisque
1232 3386 1317 3433 enm
1344 3368 1383 3434 et
1409 3362 1521 3447 Ques·

247 3481 448 3553 nellianam
481 3482 730 3554 collectionem
775 3480 984 3552 adhibuisse
1021 3485 1059 3552 et
1092 3482 1131 3551 in
1163 3481 1291 3553 multis
1317 3480 1520 3555 Veronensi

248 3598 351 3669 XXII
378 3624 457 3673 esse
483 3601 642 3671 similem
668 3600 984 3693 deprehendimus.
1036 3599 1248 3678 Diessensis,
1284 3601 1321 3671 in
1347 3601 1446 3672 hisce
1474 3626 1518 3673 rix

248 3718 375 3790 eodem
400 3721 502 3791 fonte
528 3720 729 3813 profectus,
772 3718 913 3789 addidit
949 3721 1076 3790 tamen
1109 3743 1192 3790 eum
1220 3717 1401 3791 Vaticano
1428 3719 1517 3813 Reg.

252 3839 345 3907 1997
380 3843 419 3910 et
451 3837 566 3910 Paris.
598 3839 665 3909 lat.
693 3840 790 3908 1564
822 3838 979 3932 synodos
1013 3835 1225 3931 Symmachi
1260 3842 1298 3911 et
1333 3840 1419 3909 acta
1455 3840 1520 3912 illu,

246 3956 511 4044 memorabilia,
539 3981 634 4050 quae
661 3979 726 4051 pro
753 3957 952 4050 appendice
978 3956 1025 4046 ad
1044 3953 1255 4048 Symmachi
1283 3957 1479 4050 epistolam
1495 3963 1517 4026 9

246 4077 484 4169 subjecimns3
526 4077 680 4169 prolatis
707 4080 901 4170 praeterea
927 4074 1074 4168 synodis
1101 4075 1198 4146 haud
1225 4076 1377 4148 obscure
1405 4076 1518 4147 1111]Ιί-

246 4220 378 4268 canam
404 4195 583 4288 originem
611 4196 743 4288 prodit.

245 4524 316 4567 lenus
332 4522 514 4582 perseuerauit.
551 4517 615 4567 Item
633 4519 742 4568 ciuitatis
760 4517 857 4565 Patrne
880 4516 1009 4565 habitores
1032 4534 1130 4566 errreem
1154 4520 1247 4567 verlice
1268 4523 1371 4581 pectore
1389 4518 1515 4575 scribunt,

245 4619 318 4667 quoru
331 4603 453 4652 Andreas
471 4605 601 4665 aposlolus
619 4604 713 4652 domiui
729 4608 800 4651 cerlo
817 4602 911 4651 vexillo
923 4602 1047 4664 praefinit
1065 4603 1090 4650 ln
1102 4604 1180 4660 crine,
1199 4609 1226 4651 ul
1239 4618 1310 4667 quom
1322 4600 1422 4651 ombmn
1433 4619 1513 4666 proe-

245 4688 351 4744 dieorel,
371 4688 479 4750 Scylleus
497 4686 582 4736 babitu
600 4688 754 4737 ostenderet.
786 4687 850 4735 Item
865 4687 955 4734 Petrus
973 4691 1104 4749 aposlolus
1121 4695 1263 4751 peraperta
1282 4692 1349 4735 omni
1364 4702 1443 4735 comen
1455 4704 1514 4737 eou-

245 4774 373 4821 lruuelioso
395 4771 480 4820 babitu
503 4773 611 4836 offertus
631 4773 730 4821 llornorn
752 4774 819 4820 uenit
842 4779 866 4820 el
888 4788 937 4836 per
960 4771 1082 4836 Spiritum
1105 4774 1184 4833 inopis
1205 4775 1265 4820 ulr'le
1288 4773 1417 4820 concilium
1439 4780 1514 4819 rolris

244 4859 362 4921 deposito
379 4859 527 4906 contumelia
545 4859 657 4905 inruerat
675 4863 752 4919 rapu!
769 4873 876 4912 oorouu¹
902 4874 973 4921 qrunn
997 4874 1070 4919 repes
1090 4858 1195 4919 liomom'
1217 4864 1259 4903 eud
1282 4860 1308 4904 iu
1326 4857 1396 4905 bellis
1419 4864 1464 4903 ord
1486 4859 1513 4904 in

244 4942 305 4992 urbe
323 4941 556 5006 reponebantur.
596 4941 718 5006 Explicit.
