3204 5506
1459 104 1502 177 «χ

1503 178 1520 207 Χ

598 391 793 443 saissonis
817 382 962 439 17-19.
1352 336 1545 472 idffsw

149 548 298 631 libertas,
333 549 447 632 quibus
474 547 566 612 nobis
593 547 741 612 doctrina
770 550 802 611 et
824 546 1026 611 incolumitas
1053 549 1159 611 vestra
1191 545 1319 628 floreat,
1353 546 1414 609 ire·
1484 576 1519 631 *q
1554 626 1556 635 Ι

146 653 314 735 quentate.
366 650 411 715 Et
432 654 468 714 ut
494 672 591 735 supra
619 649 831 735 speravimus,
866 649 1036 713 ambienda
1062 648 1156 712 nobis
1185 647 1413 713 venerabilium
1523 637 1541 665 ⁸*

145 753 354 838 reliquiarum
379 753 525 817 conferte
543 752 717 836 praesidia:
740 773 873 837 quorum
895 752 982 815 cultu
1003 754 1035 815 et
1049 750 1268 815 beatissimum
1282 749 1412 815 Petrum

143 854 179 919 in
203 854 333 939 virtute,
358 859 390 922 et
411 878 467 921 vos
489 877 614 941 semper
635 854 753 919 habere
775 874 953 917 mereamur
974 854 1010 917 in
1030 874 1172 919 munere.

647 1006 830 1113 Epistola
857 1006 911 1090 18.

455 1160 606 1228 Ennodii
629 1160 673 1226 ad
697 1159 948 1242 Symmachum
972 1178 1109 1243 papam.
1226 1175 1229 1180 ’

480 1302 554 1352 Victo
571 1301 703 1351 schismate
719 1302 835 1365 pontifici
851 1316 880 1350 se
897 1302 1089 1352 recommendat.

301 1418 507 1482 Ennodius
530 1439 663 1501 papae.

233 1537 387 1603 Caelestis
411 1536 583 1601 utilitatem
605 1536 787 1621 sequacium
816 1558 892 1601 cura
919 1536 1075 1620 disponit,
1110 1536 1312 1620 inauspicata
1333 1537 1415 1600 bene

142 1640 186 1703 de
214 1639 284 1703 Deo
311 1639 508 1703 merentibus
535 1639 620 1703 dona
647 1638 843 1703 tribuuntur.
900 1639 1026 1724 ingerit
1052 1660 1190 1722 superna
1218 1638 1415 1723 dispensatio

143 1742 247 1806 etiam
274 1742 357 1826 quod
385 1741 565 1825 supplicare
591 1740 775 1805 humanitas
803 1763 868 1805 non
896 1740 1081 1825 praesumit.
1126 1742 1340 1825 Agnoverunt
1362 1741 1414 1805 ad-

144 1842 280 1908 versarii
304 1843 387 1907 sedis
408 1846 543 1928 vestrae,
567 1866 630 1928 quo
652 1846 878 1928 propugnante
898 1843 1084 1925 vincantur,
1106 1842 1189 1927 quod
1212 1844 1354 1926 proxime
1377 1842 1415 1907 de

145 1944 384 2031 Aquilejensi¹)
406 1945 602 2032 Redemptor
630 1949 739 2009 noster
771 1967 908 2028 persona
942 1932 1118 2009 reseravit*
1139 2013 1142 2019 ,
1160 1945 1205 2008 Et
1232 1945 1302 2009 ideo
1330 1945 1415 2009 inter

143 2046 338 2111 excellentia
359 2070 526 2111 munemm
549 2047 729 2111 divinorum
750 2050 841 2130 peto,
875 2050 911 2110 ut
938 2047 1000 2111 mei
1030 2068 1146 2111 corona
1173 2052 1280 2111 vestra
1307 2047 1415 2111 memi-

141 2149 234 2213 nisse
255 2171 323 2213 non
346 2150 477 2213 abnuat.
507 2150 630 2214 invitat
652 2149 738 2213 enim
760 2149 800 2212 ad
815 2148 1036 2212 famulandum
1050 2147 1214 2233 plurimos,
1238 2149 1291 2234 qui
1307 2171 1415 2234 quarn·

142 2252 193 2316 ris
217 2251 315 2337 longe
337 2252 477 2336 positum
499 2251 608 2337 diligit
629 2252 868 2338 obsequentem.
913 2249 1003 2316 Vale.
1115 2258 1118 2265 “

650 2403 833 2508 Epistola
859 2404 913 2488 19.

458 2558 610 2623 Euuodii
633 2557 676 2623 ad
700 2555 951 2638 Symmachum
973 2576 1112 2641 papam.

86 2701 115 2750 u.
199 2699 350 2749 famulatus
366 2701 406 2748 stri
423 2699 564 2764 obsequium
583 2698 704 2748 exhibens
722 2699 752 2747 de
772 2700 880 2764 qraudam
898 2700 1022 2764 lepatioue
1040 2701 1140 2749 litteras
1158 2701 1228 2764 ipsas
1246 2702 1362 2764 episcopi

642 2784 781 2846 referentis
798 2785 902 2833 iudicat.

268 2972 269 2975 Ἴ
302 2899 506 2963 Ennodius
529 2900 670 2963 domno
692 2921 827 2983 papae.

232 3018 375 3103 Pervigil
397 3018 604 3082 beatitudinis
626 3021 751 3082 vestrae
774 3040 849 3082 cura
870 3021 960 3102 quasi
983 3042 1089 3083 eoram
1112 3021 1249 3102 positos,
1283 3021 1318 3085 in
1341 3043 1415 3104 quo-

129 3141 275 3204 cunque
306 3120 369 3184 loci
401 3120 481 3203 sint,
519 3120 729 3203 obsequentes
763 3120 917 3203 attendit,
956 3124 988 3184 et
1016 3121 1085 3184 sine
1118 3122 1190 3184 ullis
1223 3122 1312 3185 feriis
1340 3122 1416 3185 dum

128 3223 275 3310 gratiae
296 3222 483 3306 suffragium
506 3224 650 3306 praestat
672 3222 825 3306 expertis,
849 3221 967 3285 invitat
982 3224 1160 3286 extraneos.
1194 3223 1325 3287 Etenim
1346 3224 1415 3307 plu-

129 3348 194 3391 res
221 3325 261 3388 de
282 3324 464 3408 spectaculo
485 3324 609 3387 fructus
632 3323 802 3406 capiuntur
829 3323 945 3387 laboris
977 3324 1089 3389 alieni:
1118 3324 1193 3407 quia
1220 3325 1314 3390 discit
1343 3348 1416 3410 ope-

129 3450 218 3494 ram
247 3447 383 3509 navare,
421 3426 456 3489 in
485 3426 574 3509 eujus
602 3425 702 3488 oeulis
737 3425 912 3488 redduntur
947 3427 1089 3509 praemia
1118 3427 1240 3492 sudoris
1268 3432 1300 3492 et
1330 3429 1414 3493 fidei.

131 3532 257 3612 Atque
279 3529 404 3591 utinam
425 3521 484 3612 par
506 3527 587 3592 votis
610 3530 694 3591 esset
716 3528 856 3610 effectus,
889 3531 922 3592 at
944 3530 1026 3612 quod
1049 3530 1144 3593 didici
1167 3553 1225 3613 pro
1248 3531 1414 3616 religione,

133 3652 308 3714 cuperem,
332 3629 461 3693 daretur
482 3630 629 3713 implere!
675 3629 810 3693 Domine
833 3631 894 3712 mi,
921 3630 1094 3695 famulatus
1116 3633 1179 3696 mei
1201 3632 1416 3696 humilitatem

133 3731 314 3814 exhibens,
338 3754 436 3816 parca
457 3733 492 3795 in
514 3732 661 3796 maximis
684 3732 863 3796 elocutione
887 3735 1067 3816 contentam,
1096 3734 1171 3817 quid
1194 3734 1328 3797 domnus
1351 3734 1416 3818 epi·

132 3855 263 3918 scopus
285 3832 386 3897 frater
412 3838 517 3899 vester
544 3856 640 3919 super
667 3834 788 3898 directa
817 3834 1011 3921 legatione¹)
1035 3835 1185 3918 senserit,
1220 3836 1415 3920 patefacien-

132 3940 221 4004 dum
246 3936 386 4020 praefati
408 3936 525 4000 litteris
548 3935 743 4020 derelinquo.

647 4089 828 4192 Epistola
855 4090 913 4172 20.

452 4241 604 4306 linnodii
629 4240 672 4305 ad
696 4238 946 4320 Symmachum
971 4261 1107 4325 papam.

86 4396 110 4442 2.
127 4385 280 4448 Poulifieis
298 4381 473 4431 liberalitatem
490 4382 588 4429 vesullum
600 4383 717 4441 laudans,
736 4383 860 4430 haeredes
875 4381 956 4430 atara
971 4383 1103 4444 eujrmciam
1121 4384 1235 4446 destructi
1252 4386 1415 4437 commendat.

302 4496 505 4560 Ennodius
529 4496 757 4580 Symmacho
780 4519 914 4580 papae.

227 4616 343 4699 Usque
371 4615 410 4677 ad
438 4616 653 4679 temeritatem
686 4638 735 4679 nie
770 4615 945 4698 apostolica
975 4617 1163 4700 dignatione
1196 4618 1415 4702 promovistis:

122 4803 160 4852 13
208 4792 230 4856 ¹)
250 4785 370 4850 Nescia,
394 4802 430 4839 an
454 4784 552 4839 eadem
570 4783 712 4838 Laurentii
729 4784 943 4839 Mediolanensis
964 4785 1069 4854 legatio
1087 4786 1132 4841 hic
1149 4788 1274 4853 notetur,
1298 4804 1368 4855 quae
1387 4787 1415 4841 in

118 4868 307 4950 Symmachi
326 4868 434 4937 epistt
454 4872 481 4924 et
501 4877 531 4923 19
550 4871 727 4923 memoratur.

117 4974 157 5023 19
205 4962 229 5028 ¹)
251 4955 329 5009 Sane
348 4955 446 5009 eadam
465 4957 507 5009 est
524 4953 637 5024 legatie,
657 4972 728 5022 quae
747 4972 832 5024 snpra
850 4955 928 5024 epist.
944 4962 958 5008 l
976 4958 1082 5010 notata.
