3224 5506
234 343 297 408 806
675 354 926 403 s.110nn1snsn
948 353 1062 400 rama

127 548 151 587 a.
164 538 220 587 517.
232 516 317 579 sicut
338 533 474 594 semper,
499 510 621 594 cripiet.
656 508 814 573 Libellum
836 506 1017 572 dilectionis
1035 511 1110 572 tuae
1127 508 1165 572 de
1182 505 1378 571 confessione
1392 512 1557 571 reeb-e

233 616 306 682 fidei
329 636 386 698 per
407 614 532 697 legatos
554 616 680 676 nostres
702 615 881 676 remeantes
905 611 1097 695 acecpimus,
1121 614 1154 673 ct
1175 610 1211 674 in
1234 631 1272 673 eo
1287 609 1568 674 sinceritatem

233 723 308 783 tuae
330 715 545 780 fraternitatis
568 714 773 798 egrrovinrus:
796 714 871 798 quia
887 713 970 797 quod
984 716 1070 776 recte
1087 713 1199 795 credit,
1223 712 1283 775 sub
1298 712 1575 778 attestatiorr-re

234 819 364 905 publica
391 816 576 901 praedicare
604 837 669 880 nan
698 815 832 881 <tistulis
878 814 963 880 Data
989 814 1040 879 III
1061 814 1173 879 Nonas
1196 813 1336 899 Aprilis,
1360 816 1578 901 Agapil'ta

236 921 304 985 m'ro
328 919 504 984 clarissime
528 918 667 982 consule.

744 1105 924 1208 Epistola
950 1106 1007 1189 32.

98 1245 598 1384 ³¹:32}Jn31·Hormisdaepapae
621 1258 663 1324 ad
686 1259 905 1326 orthodoxos
928 1259 1240 1343 constantinopoli
1263 1260 1570 1335 constitutos-⁶45,

307 1401 340 1452 tlt
358 1416 410 1460 eos,
431 1401 474 1465 qui
490 1400 610 1465 spuoclunz
631 1400 857 1450 Calchedonensem
876 1407 901 1449 et
921 1400 1014 1449 Leonis
1032 1401 1163 1464 epistelam
1186 1402 1218 1450 de
1232 1401 1286 1463 fide
1305 1400 1436 1461 declinant,

643 1493 792 1535 aversentur
815 1493 839 1535 et
855 1486 965 1550 sapiant,
984 1486 1109 1538 admonet.

390 1616 600 1681 Hermisda
629 1618 754 1700 clero,
789 1618 933 1703 populo
967 1621 1005 1682 et
1036 1616 1242 1682 monachis
1275 1615 1565 1696 orthodozjg

485 1718 842 1804 Constantinopoli
866 1720 1200 1784 consistentibus.

122 1824 223 1947 lffilg
325 1842 352 1904 1.
392 1838 425 1904 Si
448 1839 485 1922 is,
510 1839 564 1923 qui
586 1839 719 1903 calicem
741 1861 841 1923 aquae
863 1839 1012 1924 frigidae,
1036 1839 1191 1903 mandata
1213 1839 1401 1925 evangelica
1420 1861 1550 1912 secu.

165 1934 171 1958 '
219 1935 301 2027 tus,
325 1940 488 2023 obtulerit,
511 1941 690 2004 mercedem
705 1941 782 2004 boni
797 1941 953 2025 propositi
967 1942 1036 2025 ipso
1052 1941 1202 2024 Domine,
1227 1943 1282 2027 qai
1295 1942 1375 2006 haec
1391 1942 1541 2032 docuit

239 2044 430 2109 restituente
454 2043 673 2127 consequitur3
705 2065 814 2106 nonne
842 2044 896 2127 qui
918 2046 1011 2108 tante
1039 2042 1156 2128 populo
1178 2042 1319 2107 fidelium
1342 2043 1536 2113 veritatem

219 2134 222 2139 ⁵
240 2146 435 2210 annuntiare
458 2143 628 2227 distulerit,
649 2145 736 2229 juste
759 2166 896 2228 poenam
918 2145 1133 2209 damnationis
1149 2145 1310 2210 incurrit?
1341 2144 1427 2208 Hinc
1446 2153 1531 2230 est,

240 2248 323 2334 quad
339 2247 635 2313 interminationem
650 2247 794 2311 mandati
811 2248 955 2312 eoelestis
972 2248 1139 2332 effugiens,
1153 2247 1251 2333 (qued
1263 2248 1365 2330 decet,
1381 2247 1530 2332 loquen-

241 2352 316 2415 dum
345 2353 394 2414 est
421 2351 456 2413 in
483 2348 534 2412 his
561 2370 641 2434 quae
669 2349 709 2412 ad
731 2348 834 2413 Deum
862 2350 1043 2433 pertinent,
1081 2372 1143 2414 nec
1169 2350 1356 2437 tacendam)
1389 2349 1530 2414 habens

241 2474 364 2538 qnoque
386 2454 511 2515 vestrae
534 2450 645 2514 salutis
669 2451 827 2535 affectum,
852 2453 1103 2516 admonitionem
1126 2473 1235 2516 earum
1257 2475 1339 2538 quae
1361 2474 1529 2537 praesens

241 2554 416 2619 necessitas
443 2553 546 2637 poscit
575 2553 747 2636 assumpsi,
786 2574 912 2634 aranee,
941 2554 1056 2638 quibus
1084 2576 1179 2618 carae
1209 2558 1259 2619 est
1293 2554 1355 2618 fide
1384 2554 1528 2639 integra

242 2655 460 2721 Christianam
486 2654 676 2738 religionem
704 2675 845 2737 servare,
878 2659 1079 2738 contestans,
1115 2660 1153 2721 nt
1179 2678 1249 2740 eos,
1284 2658 1339 2741 qui
1367 2660 1528 2720 sanctam
1600 2674 1602 2687 ·

243 2756 536 2824 Calchedouensem
558 2755 714 2840 synodum
737 2759 769 2819 et
791 2757 877 2821 beati
899 2757 1015 2821 Leonis
1043 2759 1081 2822 de
1109 2758 1172 2823 fide
1194 2758 1354 2823 catholica
1376 2757 1526 2822 conscri-

242 2862 315 2944 ptas
331 2858 483 2944 epistolas
499 2857 673 2941 declinant,
698 2859 812 2942 quibus
827 2863 963 2942 possunt
976 2860 1097 2924 viribus
1120 2864 1309 2925 aversentur
1323 2863 1355 2925 et
1368 2859 1527 2944 fugiant:

243 2962 371 3046 quando
393 2960 455 3043 ipsi
478 2963 564 3042 sunt,
588 2960 641 3044 qui
664 2959 854 3044 Eutychctis
877 2964 910 3025 et
932 2960 1077 3026 Dioscori
1100 2963 1314 3028 Alexandrini
1336 2962 1384 3026 rel
1404 2959 1528 3047 potus
1600 3002 1602 3009 ·

243 3063 384 3128 nefanda
406 3061 669 3126 Manichaeorum
700 3063 892 3147 contagione
918 3062 1049 3147 polluti,
1083 3065 1181 3128 verbo
1208 3065 1337 3150 quidem
1364 3063 1530 3127 adrenus
1600 3050 1602 3131 Ξ

245 3165 420 3231 const’tuta
446 3166 576 3248 patrum
603 3164 751 3228 videntur
778 3164 897 3229 habere
926 3169 1104 3249 certamen,
1138 3166 1235 3231 rebus
1265 3170 1371 3231 antem
1398 3166 1534 3229 contre
1592 3158 1602 3255 ,i

244 3268 501 3333 incarnationem
523 3266 653 3330 Domini
676 3267 777 3330 nostri
800 3266 879 3332 Jesn
901 3265 1021 3332 Christi
1044 3267 1208 3332 evidenter
1228 3268 1408 3354 insurgunt.

328 3371 359 3433 2.
397 3368 640 3450 Recordamini,
670 3369 842 3450 carissimi,
873 3391 953 3453 quae
976 3370 1107 3433 fuerunt
1128 3368 1285 3435 Basilisco
1307 3369 1461 3455 palatinam
1509 3347 1540 3425 'l

246 3472 366 3537 archen
388 3470 564 3535 incubante
591 3473 734 3552 tentata,
770 3473 802 3534 et
828 3474 1008 3556 temporum
1037 3470 1165 3535 illorum
1192 3475 1267 3536 acta
1294 3472 1343 3536 vel
1368 3471 1428 3535 viss
1447 3443 1544 3528 ,el

246 3574 355 3639 audita
387 3571 532 3636 recolite:
570 3594 667 3656 quam
699 3572 834 3636 scelesta
870 3575 948 3637 tunc
979 3572 1077 3636 fuerit
1107 3572 1269 3638 Timothei
1303 3566 1531 3659 cognomen&
1532 3566 1546 3605 ⁰

246 3674 374 3757 Aeluri,
404 3696 501 3757 quam
522 3673 689 3757 impudens
713 3677 745 3737 et
766 3677 969 3739 monstruosa
991 3676 1226 3758 praesumptio,
1257 3680 1392 3760 quantus
1411 3666 1548 3761 θὼρ]

245 3800 304 3862 per
324 3776 509 3841 universum
536 3776 646 3840 orbem
673 3774 747 3840 fidei
776 3798 809 3840 se
837 3781 962 3840 restrae
994 3776 1101 3841 fervor
1126 3778 1314 3844 ostenderit.
1361 3750 1550 3841 Probsvjl

246 3988 279 4038 32
313 3983 335 4047 ¹)
353 3979 436 4049 Vulg.
455 3987 586 4048 palatinae
609 3986 678 4041 arci,
701 3979 746 4033 rel
767 3985 899 4048 palatinae
921 3987 1004 4035 aulae.
1039 3980 1226 4035 Praetulimus
1246 3998 1308 4037 eum
1326 3980 1359 4037 G'
1376 3982 1509 4049 potine
1537 3968 1552 4001 '

246 4072 353 4128 archen,
376 4064 496 4119 maxime
518 4065 668 4134 postquam
690 4063 763 4119 inira
780 4063 860 4135 epist.
880 4070 913 4119 50
930 4083 957 4118 n.
977 4071 989 4117 1
1009 4065 1107 4120 eodem
1131 4065 1264 4135 loquendi
1281 4066 1363 4122 modo
1382 4052 1551 4134 ἥψαθ’

249 4156 345 4208 Passim
367 4170 411 4205 aas
434 4138 549 4203 aeslinret
570 4154 662 4203 arches
687 4156 790 4204 inclitae
812 4155 943 4219 accepisse
965 4157 1060 4207 titulos.
1099 4150 1152 4205 Hic
1169 4152 1267 4206 autem
1283 4116 1551 4208 flormisdsllffil

246 4237 300 4293 sibi
316 4236 389 4291 vult:
407 4241 464 4289 dnm
481 4241 568 4303 repale
586 4240 715 4303 inperium
733 4237 874 4289 Basiliscus
892 4240 988 4303 injuste
1003 4240 1160 4303 possideret.
1195 4235 1304 4291 Eodem
1320 4232 1447 4291 inteuectn
1458 4232 1467 4280 l
1479 4224 1548 4269 θ’

247 4326 353 4377 cubator
370 4326 444 4375 aulae
462 4324 564 4374 Siculae
581 4325 719 4388 Dionysius
736 4336 754 4374 e
770 4318 913 4374 Macrobio
932 4318 1022 4374 dictus
1041 4321 1094 4375 est.
1128 4320 1171 4375 De
1188 4320 1276 4376 verbo
1299 4322 1413 4376 incudm
1425 4304 1545 4385 μί’

248 4407 276 4461 in
293 4405 428 4476 Simplicii
445 4404 592 4476 epistolam
611 4411 627 4459 6
644 4406 730 4460 nott
749 4403 951 4459 edisseruimus.
991 4405 1079 4461 Porro
1102 4421 1175 4460 nanc
1191 4404 1342 4461 Hermisds
1360 4403 1389 4459 in
1408 4390 1540 4457 nen&

248 4492 320 4546 riam
336 4491 463 4558 revocat,
481 4491 557 4560 quod
567 4489 700 4545 Basilisco
718 4491 838 4558 tpranno
852 4488 1001 4559 contigisse
1013 4492 1110 4545 sanat
1120 4489 1259 4560 Euagrius
1275 4490 1341 4545 hias
1353 4486 1413 4545 ecel.
1422 4481 1458 4547 ΠΙ.
1472 4466 1532 4523 Δ
1600 4524 1602 4529 -

252 4580 394 4632 timothens
412 4580 536 4638 Aelnrns,
554 4574 658 4643 inquit,
681 4595 754 4645 quum
776 4580 802 4628 in
824 4578 909 4629 rer-bem
926 4575 1023 4644 replum
1039 4581 1160 4639 venisset,
1181 4580 1314 4646 persuasit
1330 4577 1450 4629 nunna
1469 4554 1529 4611 “l

249 4668 390 4731 encyclicas
407 4668 507 4717 litteras
525 4665 561 4715 ad
577 4679 661 4715 omnes
679 4664 769 4730 ubique
787 4667 922 4729 episcopas
939 4666 1062 4723 mitteret,
1085 4671 1112 4714 et
1129 4680 1162 4716 ca
1185 4680 1252 4732 quae
1268 4664 1420 4717 caenam
1430 4648 1520 4723 0⁶¹¹

246 4752 353 4814 sanans
370 4756 396 4799 et
413 4750 510 4801 Leonis
527 4756 616 4801 tamum
633 4750 789 4800 anathemati
803 4749 950 4812 subjiceret.
985 4744 1090 4799 Verum
1107 4746 1140 4800 ut
1155 4743 1233 4801 idem
1249 4744 1368 4817 ser'lpter
1381 4738 1463 4797 ibitis·
1486 4720 1513 4771 ‘¹

250 4830 344 4898 docet,
362 4846 426 4884 mex
442 4821 518 4885 idern
535 4831 670 4899 tyrannus
689 4848 707 4885 s
723 4830 826 4901 populo
844 4830 1042 4899 monachisque
1059 4829 1156 4901 regine
1173 4830 1250 4885 urbis
1268 4831 1378 4887 cosctm
1392 4830 1436 4884 est,
1450 4808 1500 4871 ll*

248 4917 324 4970 teras
334 4914 474 4985 prioribus
487 4915 647 4985 centerius,
666 4916 765 4986 quibus
778 4914 1008 4971 Calchedonensis
1020 4916 1141 4985 synodus
1155 4916 1378 4983 annuebant,
1392 4908 1486 4967 nim·
