3204 5506
614 365 786 414 semrom
810 357 838 413 7.
1303 353 1362 416 191

73 540 149 583 curn
177 518 382 604 sequacibus
409 518 472 583 suis
492 517 531 582 ad
560 517 761 583 irremeabile
782 518 941 604 dirigatur
963 518 1152 604 exsilium⁴).
1200 518 1279 585 Cum
1301 542 1363 605 quo
1376 537 1469 586 amru

72 620 200 686 Paulus
231 622 277 687 ab
305 620 469 706 Ephesius
491 621 635 703 ecclesia,
665 624 698 686 et
720 621 834 685 Petrus
857 622 899 686 ab
921 620 1127 685 Antiochena
1157 623 1287 688 civitate
1309 624 1362 689 de-

71 724 203 809 pulsus,
233 728 338 808 atque
359 744 477 807 omnes,
505 724 558 808 qui
582 724 623 788 ab
645 744 682 787 eo
704 723 810 794 sevel
834 724 875 786 ab
897 724 958 806 his,
988 746 1066 808 quos
1095 724 1206 788 illicite
1229 725 1361 807 fecerat,

73 826 261 890 aestimant
289 826 454 941 episcopos
481 825 656 905 ordinatos,
681 824 791 889 eadem
814 825 933 889 debent
954 826 1026 910 lege
1049 826 1190 910 percelli.
1224 826 1272 889 Dc
1295 827 1362 890 An-

71 928 166 992 tonio
189 932 319 1011 antem,
355 928 409 1012 qui
437 949 545 992 eorum
570 949 648 1012 quos
671 930 783 991 contra
805 926 985 991 Ecclesiam
1006 930 1162 1011 tyrannos
1170 930 1196 1013 ⁵)
1219 928 1360 1011 miserat,

10 1068 12 1073 ·
71 1028 325 1114 antesignanus
348 1030 514 1113 exsistens,
543 1029 627 1094 sicut
648 1029 802 1112 scriptum
825 1029 916 1110 est,'
907 1029 1056 1093 mimicus
1082 1035 1115 1095 et
1137 1030 1285 1094 defensor
1307 1052 1362 1115 ap
1375 1022 1397 1075 P
1398 1022 1474 1076 salu.

68 1131 216 1216 parent,-
233 1131 305 1217 et⁶)
326 1130 528 1195 dedohanne
549 1131 709 1216 quondam
722 1130 1016 1244 Constantinopolit
1017 1153 1089 1214 auc,
1113 1133 1167 1216 qui
1190 1133 1231 1196 ab
1253 1132 1361 1197 haere·
1398 1097 1451 1157 ⁸¹3

67 1233 145 1297 licis
170 1234 388 1318 Apamenum
410 1222 632 1316 sacerdotium,
656 1233 740 1318 quod
763 1232 802 1314 ei,
827 1233 881 1316 qui
903 1234 1070 1318 presbyter
1092 1234 1220 1299 aliunde
1242 1235 1359 1320 suerat,

65 1335 118 1399 vel
142 1357 167 1399 a
193 1334 372 1400 catholicis
387 1356 511 1400 sumere
526 1356 592 1399 non
606 1335 735 1417 licebat,
759 1355 793 1397 se
807 1333 1004 1398 haereticum
1020 1336 1206 1420 publicavit,
1231 1340 1264 1400 ct
1278 1285 1361 1420 quod

63 1438 98 1501 in
123 1458 165 1501 se
190 1458 373 1522 perperam
393 1437 516 1502 iactum
539 1440 588 1500 est
609 1436 837 1520 improperium
860 1439 989 1501 retorsit
1011 1438 1045 1503 in
1068 1438 1279 1524 auctoreml),
1310 1460 1361 1501 ex·

10 1524 12 1541 ¹
59 1539 203 1625 pellens
235 1539 283 1604 ab
305 1538 481 1604 Antiochia
502 1539 633 1603 Petrum
661 1560 863 1625 pervasorem
887 1539 997 1623 ipsius,
1028 1541 1178 1605 eamdem
1195 1540 1362 1604 ecclesiam

58 1641 136 1727 ipse
167 1640 344 1726 pervasit:
371 1645 431 1706 sub
455 1642 663 1706 anathemate
692 1665 711 1705 a
741 1641 995 1705 Christianorum
1024 1643 1184 1707 consortio
1212 1642 1261 1705 vel
1292 1643 1362 1725 ipsa

55 1744 309 1829 appellatione
331 1764 539 1828 removemus,
562 1765 786 1827 necunquam
808 1742 858 1808 his
874 1744 1105 1808 satisfactionis
1114 1744 1141 1830 8)
1164 1745 1361 1828 patefacien-

54 1847 124 1910 dus
149 1850 214 1911 est
243 1846 349 1927 locus,
376 1846 451 1930 quia
478 1847 562 1910 sicut
581 1844 683 1910 Judas
711 1847 796 1909 inter
830 1846 990 1930 apostolos
1016 1848 1063 1911 ita
1084 1847 1139 1910 isti
1162 1847 1247 1910 inter
1267 1847 1360 1909 mini-

53 1954 151 2014 stros
178 1948 252 2014 Dei
277 1946 412 2012 subdola
433 1951 467 2012 et
487 1947 636 2013 diabolici
659 1947 790 2032 spiritus
812 1948 925 2013 fraude
947 1949 1121 2012 latuerunt.

53 2119 167 2176 sentiri
191 2135 258 2172 non
277 2132 435 2188 possumus,
459 2118 507 2187 qui
525 2117 561 2172 ad
579 2134 642 2172 ann.
661 2122 711 2172 477
724 2136 749 2171 n.
766 2124 796 2171 12
810 2136 845 2172 ss.
866 2119 933 2173 hacc
946 2117 1079 2187 Simplicii
1099 2119 1185 2172 verbu
1202 2118 1237 2171 dc
1255 2117 1360 2187 synodo

54 2205 144 2277 apud
165 2202 455 2273 Constantinopolim
473 2203 509 2257 ab
528 2201 629 2256 Acacio
647 2201 753 2255 indicta
770 2201 978 2272 interpretatur.

131 2292 160 2361 ⁴)
182 2288 237 2344 Ad
256 2290 334 2343 hunc
350 2289 453 2355 locum,
471 2287 499 2340 ni
516 2287 610 2354 fallor,
630 2286 799 2356 respiciebat
816 2288 941 2342 Gelasius
960 2289 1040 2357 epist.
1062 2294 1093 2341 10
1111 2287 1147 2341 ad
1159 2288 1291 2342 Faustum
1305 2295 1361 2342 nu

53 2386 84 2432 i·
104 2382 164 2431 Aac
183 2382 255 2444 ipsa
275 2393 367 2436 caum,
385 2372 520 2442 inquietin,
542 2376 685 2426 limatum
698 2377 893 2428 Alcoecndriuur
911 2383 935 2426 cl
949 2379 1042 2427 Petrus
1056 2378 1239 2434 Antiocheam,
1260 2379 1360 2436 Petrus,

55 2467 188 2523 Paulus.
210 2463 352 2514 Jolwm
368 2469 394 2512 et
410 2467 492 2513 ceteri
507 2476 558 2511 uon
575 2463 654 2512 solum
671 2478 748 2520 unus,
765 2464 814 2513 sed
829 2465 917 2527 plures
929 2462 1019 2529 ubique
1032 2478 1119 2512 soricen
1131 2465 1272 2513 sacerdotii
1282 2479 1361 2526 proe-

51 2554 193 2617 ferentee
215 2555 279 2599 tota
294 2548 366 2598 cedia
376 2549 533 2613 apostolicae
543 2553 603 2597 sunt
613 2549 766 2597 anctoritate
779 2549 876 2611 dejecti
881 2585 887 2601 ,
906 2548 979 2608 cujm
996 2549 1037 2597 rei
1047 2549 1120 2597 lestis
1132 2551 1206 2598 elium
1218 2551 1273 2612 ipsc
1286 2550 1361 2599 doce-

55 2645 106 2686 tur
128 2635 275 2689 Aeacius.
294 2633 339 2699 qui
352 2632 542 2698 praeceptionis
559 2631 636 2695 liujus
654 2633 754 2683 castili!
773 2639 917 2685 exsecutor.

135 2719 163 2787 ⁵)
184 2712 291 2784 nugis
307 2713 433 2784 placeret
453 2724 577 2781 emanans
599 2712 656 2766 scil.
676 2711 830 2767 Basiliscus.
867 2713 909 2767 De
929 2717 1041 2768 Antonio
1059 2713 1103 2767 hic
1121 2716 1276 2769 memorato
1294 2713 1362 2767 nihil

57 2802 146 2873 apud
167 2798 349 2869 Evagrinm,
367 2796 544 2852 Theodorum
562 2798 696 2852 lectorem
714 2800 743 2850 et
760 2797 921 2851 Liberatnm
939 2797 1101 2852 invenimus.

136 2891 164 2955 ι)
187 2882 428 2953 Conjunctionem
441 2895 466 2937 et
482 2883 517 2936 de
529 2884 625 2939 nostro
644 2882 756 2950 quidem
775 2882 944 2949 addidimus,
962 2883 1086 2936 sedeam
1099 2884 1255 2937 necessario
1269 2885 1362 2952 postu·

60 2974 108 3029 lat
127 2967 286 3026 orationis
302 2967 397 3021 series.
432 2967 485 3022 liic
501 2968 578 3023 locus
595 2967 752 3022 intricatior
769 2967 887 3022 videtur.
919 2967 950 3020 ld
967 2984 1033 3022 vero
1053 2967 1107 3021 sibi
1119 2969 1179 3022 vult
1191 2968 1361 3037 Simplicius:

62 3064 115 3113 Ad
127 3061 286 3112 Antonius
297 3065 380 3108 autem
392 3059 460 3123 quod
470 3059 561 3108 aldnet
573 3065 598 3108 et
609 3054 646 3109 ad
652 3058 792 3108 Jotnunem
804 3059 929 3122 quondam
940 3057 1244 3122 Constantinopolituuum
1254 3053 1362 3123 (supple

60 3142 281 3213 presbyterum)
299 3149 362 3201 etc,
381 3157 425 3192 eos
441 3142 486 3192 snb
504 3143 662 3193 nnotbnuulc
732 3157 891 3193 removemus.

56 3278 59 3283 .
139 3228 168 3295 1)
190 3222 257 3279 scil.
272 3222 302 3277 in
314 3222 429 3277 Petrum
440 3222 593 3277 Fullonem.
612 3223 650 3278 Ut
662 3223 735 3276 enim
747 3240 781 3278 ex
794 3222 934 3278 Theodori
947 3223 1058 3277 lectoris
1071 3224 1097 3276 h.
1113 3240 1135 3277 e.
1149 3223 1161 3276 I
1175 3224 1248 3276 etex
1262 3222 1362 3291 episto-

63 3315 116 3368 lae
135 3309 246 3366 Aeacii
266 3308 426 3377 fragmento
444 3308 517 3363 intra
533 3308 564 3362 in
581 3307 681 3361 notitia
699 3308 880 3377 epistolarum
898 3308 1032 3378 Simplicii
1050 3324 1105 3361 non
1122 3308 1288 3361 exstantium
1306 3313 1362 3360 n.6

64 3396 194 3454 dando
212 3382 417 3464 comperimus,
434 3393 458 3447 is
475 3394 574 3448 Petrus
592 3393 671 3447 Fullo
689 3392 738 3445 ubi
756 3393 784 3446 in
801 3393 1002 3448 Antiochenam
1021 3394 1114 3447 sedem
1132 3393 1233 3446 iterato
1253 3391 1362 3457 invasit,

65 3483 247 3539 Johmnem
266 3478 463 3548 presbyterum
475 3477 826 3547 Constantinopolitanum,
846 3479 894 3546 qui
911 3480 995 3533 antea
1014 3478 1156 3548 depositus
1174 3478 1210 3532 ab
1230 3478 1362 3547 episcopo

66 3584 124 3623 auo
143 3565 266 3630 suerat,
284 3565 426 3633 Apameae
444 3563 606 3633 episcopum
624 3561 771 3617 ordinavit.
799 3562 903 3617 Verum
920 3563 967 3618 ille
980 3568 1011 3618 ab
1026 3568 1164 3632 Apameam
1183 3584 1232 3617 noa
1244 3574 1363 3631 receptus

69 3660 147 3711 redit
159 3652 336 3708 Antiochum
347 3659 374 3702 et
384 3654 486 3703 Petrina
504 3653 667 3718 episcopatus
684 3654 725 3702 sui
741 3655 848 3717 expellit
861 3660 988 3703 uectorem
1001 3660 1026 3702 el
1043 3655 1140 3704 inuadit
1152 3655 1210 3716 ejus
1222 3655 1362 3715 ecclesium,

68 3742 107 3793 nt
123 3736 244 3808 legitur
262 3734 292 3787 in
308 3732 450 3788 breviculo
467 3732 657 3802 Eutychianae
674 3733 808 3788 historiae
827 3734 911 3800 (inter
930 3733 1033 3788 Gelasii
1051 3736 1189 3788 tractatus
1206 3735 1287 3788 tract.
1304 3734 1321 3786 l.
1336 3751 1362 3785 n.

72 3828 130 3893 Η).
175 3820 267 3875 Hunc
289 3820 383 3873 autem
399 3818 555 3873 iohannem
576 3821 676 3889 postea
693 3818 841 3888 Tyriorum
860 3819 993 3873 ecclesiae
1016 3820 1189 3889 praefectum
1208 3820 1243 3873 ab
1262 3816 1363 3872 Acacio

71 3910 183 3975 minse,
201 3903 295 3959 visuri
311 3920 404 3958 summ
420 3903 450 3958 in
467 3903 566 3959 Felicis
583 3905 609 3958 11
627 3904 706 3975 epist.
726 3912 742 3960 6
760 3923 785 3960 n.
801 3911 814 3957 1
834 3905 864 3958 et
881 3905 980 3959 eodem
999 3905 1139 3960 breviculo
1158 3904 1261 3972 (Gelas.
1281 3904 1362 3957 tract.

72 3994 86 4049 1
106 4012 135 4049 n
159 3994 218 4060 12).

148 4080 175 4147 ⁸)
197 4076 263 4146 ejus
280 4074 397 4143 scilicet,
419 4093 475 4145 qua
495 4074 550 4129 illis
568 4074 660 4130 aditus
678 4074 714 4130 ad
732 4075 850 4129 honores
869 4075 1069 4130 ecclesiasticos
1087 4076 1198 4146 puteat,
1222 4091 1277 4127 non
1295 4074 1363 4142 ejus,

74 4181 138 4236 qus
162 4160 283 4235 pecati
304 4160 414 4215 veniam
435 4159 608 4231 perdignos
630 4159 819 4230 poenitentiae
841 4160 947 4214 fructus
967 4163 1177 4228 consequantur.
1215 4159 1259 4212 lta
1278 4174 1362 4227 porro

75 4246 251 4320 Simplicius
268 4245 306 4300 ad
317 4248 439 4301 mentem
450 4245 544 4300 Aeacii
562 4245 697 4312 loquitur,
716 4244 764 4312 qui
776 4244 829 4315 ipsi
842 4245 1003 4314 scripserat,
1022 4245 1177 4299 haereticos
1189 4241 1250 4297 illos
1261 4244 1363 4296 iterum

77 4335 253 4399 munnam,
270 4330 294 4384 si
312 4332 385 4385 torte
402 4330 439 4385 ad
456 4329 638 4402 apostolicam
655 4329 750 4383 sedem
769 4330 956 4399 confugerint,
975 4347 1025 4383 nec
1043 4331 1102 4385 visu
1121 4329 1219 4399 dignos
1236 4329 1362 4395 haberet,
1386 4322 1416 4349 ⁸

77 4425 110 4475 et
127 4420 155 4473 si
169 4418 238 4488 jam
255 4415 381 4484 aliquam
397 4413 601 4485 indulgentiam
618 4414 734 4469 forsitan
752 4414 963 4483 impetrassent,
980 4416 1088 4469 irritam
1107 4431 1166 4468 esse
1180 4414 1293 4479 debere,
1312 4430 1363 4468 nec

79 4520 186 4560 eornm
198 4498 406 4573 poenitentiam
418 4499 606 4571 recipiendam
618 4516 690 4567 esse,
703 4501 814 4569 supple,
827 4519 883 4569 qua
894 4501 1014 4555 honores
1027 4518 1090 4554 suos
1102 4501 1245 4554 servarent
1258 4498 1301 4567 (ct.
1315 4516 1362 4552 no·

78 4590 148 4645 fitia
166 4586 254 4659 epist
273 4582 410 4655 Simplicii
426 4600 482 4639 non
500 4585 668 4640 exstantium
686 4602 712 4638 n.
732 4589 767 4653 6).
803 4586 864 4655 lpse
883 4585 1039 4655 Simplicius
1058 4603 1137 4639 suam
1156 4603 1189 4639 ca
1208 4585 1242 4638 de
1261 4600 1290 4638 re
1304 4599 1363 4637 seu·

78 4675 207 4730 tentiam
224 4674 326 4743 aperte
343 4670 451 4725 indicat
467 4670 549 4741 epist.
570 4675 602 4724 18
619 4688 645 4724 n.
665 4678 693 4736 3,
712 4670 760 4723 ubi
778 4670 812 4723 de
830 4672 929 4725 codem
941 4672 1025 4724 Petro
1043 4671 1172 4738 loquens,
1192 4669 1257 4724 licet
1274 4675 1363 4724 dcere·

28 4748 45 4765 ’
80 4767 193 4817 ciem
214 4766 316 4819 nodas,
344 4755 399 4824 ait,
425 4761 518 4811 dudum
541 4761 672 4811 emetiliase
692 4759 816 4823 probetur
838 4767 862 4809 ee
883 4755 1016 4825 prlnccp.r⁴,
1044 4762 1079 4809 cul
1101 4763 1293 4811 conimrcniouem
1313 4774 1363 4823 per

79 4850 291 4914 ntidadiom
313 4846 411 4912 repulus
432 4844 585 4896 Christianis
607 4851 800 4911 competentem,
829 4861 878 4895 rori
905 4848 961 4895 ilem
982 4848 1018 4895 cut
1041 4846 1171 4910 susciptum
1193 4846 1362 4896 sacerdotalis

81 4936 221 5000 merus
235 4933 379 5000 pervenire
392 4931 501 4997 poterit.
