3224 5506
574 359 764 408 urrsroxns
789 351 905 408 13.14.
1336 351 1373 414 17

140 524 213 578 iuuat.
241 519 277 576 lta
294 520 381 589 Siricii
398 519 546 594 epistola5‚
564 519 627 576 licet
643 519 675 574 ad
690 520 779 576 ltaliae
797 521 940 596 episcopos
954 524 1071 596 primum
1086 526 1194 599 scripta,
1210 526 1377 600 epigraphen

139 617 205 662 tamen
221 623 283 679 prae
304 623 334 660 se
355 606 408 661 lert
427 607 467 661 ad
480 609 631 676 episcopos
645 605 777 677 Africae,
795 607 856 679 quia
871 607 1044 680 postmodum
1060 607 1092 662 ad
1108 608 1188 665 diros
1204 612 1284 666 missa
1299 611 1377 667 Tele·

137 694 267 765 prensisque
277 693 305 746 iu
311 690 434 746 Numidia
446 689 551 746 concilii
561 691 648 763 gestis
660 690 769 754 inserta,
783 707 837 746 non
850 690 957 747 aliunde
970 691 1002 747 ad
1015 709 1065 748 uos
1076 696 1210 766 pervenit.
1226 695 1375 751 Hadrianus

136 785 204 831 auten
216 793 262 831 scu
278 777 365 849 quivis
382 775 463 837 alius,
480 774 557 845 cujus
573 792 656 848 opera
668 774 793 831 collectio
806 783 882 830 aucta
893 784 942 840 est,
960 794 1039 850 quam
1056 779 1078 833 is
1090 796 1157 853 papa
1170 779 1266 835 Carolo
1279 779 1375 854 biagoo

135 861 199 923 dedit,
212 861 344 934 exemplar
359 877 441 934 penes
462 877 492 916 sc
514 859 606 915 hahuit
622 869 763 934 gestorum
779 859 971 934 synodicorum
986 862 1107 936 adeoque
1123 864 1267 937 epistolae,
1290 864 1375 939 qualis

133 948 185 1019 ipsis
197 947 276 1019 gestis
292 944 396 1019 illigata
410 953 462 1001 cst.
492 944 560 1001 Num
576 962 640 1001 vero
657 945 749 1000 eadem
764 945 879 1019 epistola
895 947 974 1002 etiam
990 947 1022 1003 ad
1038 945 1118 1002 diros
1135 949 1214 1003 missa
1229 950 1273 1011 sit,
1298 947 1375 1004 dnbi-

134 1039 177 1086 tare
190 1030 254 1086 licet.
277 1030 355 1086 Certe
371 1030 444 1086 illins
462 1029 600 1086 exordium
608 1031 739 1099 Qualiter
754 1035 782 1086 in
789 1031 942 1103 Africanis
957 1029 1022 1104 (nou
1036 1036 1066 1088 in
1083 1032 1196 1105 vestris)
1213 1034 1377 1109 regionibns

132 1121 219 1171 cantia
238 1117 346 1172 diaboli
363 1120 513 1187 saevierit,
535 1118 616 1172 aretio
640 1124 720 1172 terra
743 1119 874 1187 nescivit,
901 1132 1052 1172 sermonem
1073 1119 1143 1190 sapit
1164 1117 1197 1172 dc
1218 1116 1375 1192 regionibus

132 1200 311 1256 homusion
327 1199 360 1255 ad
376 1202 450 1274 ipsos
467 1200 546 1257 diros
562 1200 609 1255 scd
622 1200 655 1255 ad
667 1200 768 1257 alienos
780 1200 931 1257 scribentis.
955 1200 1037 1275 ldque
1049 1200 1198 1264 confirmat.
1215 1200 1288 1275 quod
1299 1203 1376 1257 initio

131 1286 173 1340 ni
187 1285 312 1359 legimus:
329 1289 468 1342 venientis
482 1288 522 1341 ad
536 1301 585 1342 aos
601 1292 628 1343 et
643 1288 797 1343 remedium
810 1288 987 1358 postulantis
1002 1289 1123 1343 sollicite
1137 1288 1319 1344 discutienda
1336 1293 1378 1342 est

129 1371 255 1443 professio
271 1378 299 1426 et
312 1386 442 1443 persona
457 1373 578 1443 decepti.

199 1455 226 1511 4.
256 1454 325 1511 llinc
339 1455 459 1517 baronii,
481 1473 560 1530 quam
581 1456 672 1512 Binius
689 1473 738 1530 pro
755 1474 830 1512 more
845 1473 896 1512 suo
912 1458 1050 1530 sequitur,
1074 1456 1177 1513 admitti
1198 1457 1292 1530 nequit
1314 1472 1377 1511 cou-

127 1539 214 1610 jectura
229 1542 297 1596 circa
314 1540 354 1603 id.
377 1540 449 1614 quod
470 1539 585 1614 praelixa
608 1549 684 1615 gesta
706 1543 825 1598 Boethio
847 1545 966 1598 consule
988 1542 1014 1596 h.
1028 1560 1052 1597 o.
1075 1558 1145 1596 anuo
1161 1540 1237 1603 487,
1259 1539 1376 1595 subnexa

130 1643 180 1681 sero
194 1625 306 1699 epistola
322 1625 465 1699 Dynamio
480 1633 508 1682 ct
530 1626 629 1699 Sifidio
645 1643 700 1683 ess.
717 1628 768 1682 ie.
786 1644 855 1683 anno
868 1626 930 1683 488
946 1629 1151 1700 consignantur.
1181 1624 1291 1681 Frustra
1307 1626 1377 1681 eninr

129 1711 250 1766 clarissimi
266 1710 306 1766 illi
321 1712 371 1765 viri
387 1710 461 1781 ajunt
477 1711 596 1768 accidere
611 1714 742 1785 potuisse,
759 1720 789 1767 ut
806 1719 883 1783 tunc,
900 1730 986 1785 quum
1000 1713 1099 1768 habita
1113 1713 1301 1784 astruamus,
1319 1713 1377 1782 epi-

128 1799 187 1852 stola
202 1799 313 1852 miniine
327 1799 401 1852 'rna'ttr‘
414 1799 550 1868 orclacerit,
569 1800 621 1853 sed
634 1816 720 1870 puram
735 1799 783 1853 diu
799 1798 909 1854 Romae
924 1804 1037 1853 retento
1053 1804 1136 1868 esset,
1153 1798 1214 1862 dies
1229 1798 1379 1868 appositas

126 1881 267 1953 discrerit,
285 1899 343 1953 qao
357 1884 387 1936 in
402 1882 536 1953 Africam
550 1887 719 1939 mitteretur.

197 1965 227 2022 5.
257 1963 347 2032 Quum
363 1967 433 2021 coiux
450 1965 483 2021 de
498 1967 612 2040 epistola
628 1984 718 2023 sermo
734 1969 770 2023 sit
787 1983 842 2022 nou
859 1969 885 2023 in
897 1967 1013 2023 Africam
1029 1966 1076 2022 sed
1095 1966 1128 2021 ad
1145 1966 1208 2021 alias
1227 1965 1378 2038 provincias

126 2052 201 2114 niem,
212 2052 383 2126 propositum
399 2050 498 2106 nodum
515 2069 549 2106 ue
564 2054 703 2127 attingunt
718 2053 835 2126 quidem,
852 2051 950 2108 nedum
966 2051 1118 2127 expediant.
1141 2050 1180 2106 hd
1193 2043 1244 2106 uos
1255 2049 1327 2123 quod
1340 2057 1379 2103 at·

126 2137 190 2198 boet,
198 2134 315 2191 Felicem
327 2137 456 2209 imprimis
465 2136 568 2192 Alricac
580 2136 785 2193 necessitatibus
790 2139 971 2211 prospexisse,
985 2155 1016 2192 ac
1030 2137 1145 2199 decreta.
1153 2152 1221 2210 quae
1233 2136 1261 2190 io
1272 2132 1378 2208 synodo

126 2238 164 2275 sna
177 2228 313 2281 sanxerat.
335 2222 394 2276 sina
413 2238 487 2276 mora
508 2221 572 2277 ilinc
593 2224 696 2278 misisse
712 2221 881 2278 arbitramur.
917 2222 1066 2296 Propernm
1088 2221 1235 2277 remedium
1256 2217 1380 2293 exigebat

127 2306 169 2360 alta
184 2307 245 2362 huic
259 2305 389 2360 ecclesiae
403 2307 503 2362 inilicta
519 2305 605 2381 plaga,
625 2315 735 2380 praesto
751 2317 828 2363 erant
842 2309 869 2363 in
885 2307 991 2381 synodo
1009 2307 1029 2362 4
1046 2308 1165 2381 episcopi
1180 2305 1310 2366 Africani.
1333 2303 1380 2377 qui

127 2400 213 2446 intuta
229 2390 287 2461 ejus
302 2391 330 2445 in
345 2392 456 2464 patriam
476 2408 550 2446 suam
573 2391 739 2465 perferrent.
763 2409 812 2448 nec
834 2391 980 2467 quidquam
1002 2390 1175 2447 metuendum
1196 2398 1254 2446 erat
1274 2407 1288 2444 a
1308 2404 1379 2444 novo

128 2493 195 2549 rege,
218 2477 264 2549 qui
285 2476 475 2550 episcoporum
496 2484 523 2531 et
543 2476 655 2532 aliorum
677 2477 893 2533 orthodoxorum
914 2477 991 2532 exilia
1008 2493 1095 2550 nuper
1110 2476 1250 2530 relaxarat.
1282 2473 1380 2528 blorari

129 2556 269 2617 ancones
286 2576 342 2615 non
356 2559 435 2616 debet
450 2561 548 2630 injecta
564 2561 718 2618 difficultas.
751 2561 859 2617 Nullum
875 2563 946 2617 eninr
963 2570 1004 2617 est
1019 2560 1228 2622 incommodum.
1251 2561 1273 2615 si
1289 2558 1380 2614 cadem

130 2644 224 2701 decreta
235 2646 322 2700 serius
335 2644 489 2700 indiversus
501 2647 651 2719 provincias
664 2649 742 2703 missa
756 2655 784 2702 et
795 2664 828 2702 eo
841 2646 893 2709 die,
906 2664 960 2720 qno
974 2647 1210 2721 mitticoepcrunt,
1223 2645 1382 2718 consignata

132 2729 270 2786 dixerimus.
294 2729 369 2785 istud
385 2747 467 2804 porro
479 2732 505 2786 in
517 2733 555 2786 eis
567 2732 714 2806 singulare,
731 2731 804 2805 qnod
817 2730 938 2787 diversos
954 2732 1137 2806 poenitentiae
1150 2729 1272 2804 publicae
1282 2727 1380 2803 gradus

133 2824 186 2870 tuoe
198 2817 311 2871 usitatos
327 2814 469 2887 explicent.
500 2815 563 2872 ideo
578 2816 706 2890 synodica
722 2816 767 2873 illa
783 2817 897 2891 epistola
913 2815 987 2873 lvoni
1002 2816 1083 2890 digna
1098 2817 1153 2871 visa
1174 2823 1231 2878 est,
1253 2830 1320 2888 quac
1336 2812 1382 2868 de·

134 2903 189 2956 neti
202 2902 243 2956 sui
258 2899 303 2976 p.l
320 2900 414 2958 0293
431 2909 488 2956 tota
503 2902 677 2957 insereretur.

403 3085 442 3146 In
461 3086 574 3147 Felicis
598 3086 759 3164 epistolam
782 3085 818 3146 14
841 3081 972 3164 (.,Malta
987 3082 1099 3167 suat“).

210 3212 235 3265 1.
251 3206 533 3264 JacobnsSirmondns
549 3207 690 3281 epistolam
707 3209 774 3264 lrauo
785 3208 968 3282 eVirdnncusi
980 3206 1073 3264 codice
1086 3207 1224 3263 crutamin
1236 3205 1383 3279 appendice
1398 3207 1450 3278 [ai]

138 3294 187 3349 cod.
197 3292 331 3351 Theodos.
349 3292 442 3355 edidit,
457 3292 611 3355 admonens,
629 3309 684 3348 eam
699 3310 840 3366 perperam
856 3292 970 3354 Gelasio,
987 3293 1032 3366 qui
1048 3290 1168 3348 noudum
1184 3307 1266 3365 quum
1282 3292 1382 3365 scripta

139 3388 172 3433 est
184 3378 366 3453 pontificatum
382 3377 493 3452 adeptus
510 3378 606 3440 luerat,
622 3375 732 3433 attribui
746 3379 773 3433 in
788 3378 835 3433 illo
852 3377 1006 3451 exemplari.
1028 3375 1061 3431 Et
1072 3392 1134 3431 vero
1148 3375 1229 3432 tradit
1243 3374 1382 3431 Liberatus

140 3462 200 3520 brev.
211 3483 234 3521 c.
244 3465 291 3528 18,
307 3462 435 3518 Elavitam
451 3463 554 3519 litteras
570 3462 712 3536 synodicas
728 3462 904 3519 ordinationis
920 3479 985 3518 suae
1000 3461 1101 3518 indices
1113 3459 1268 3517 adEelieem
1280 3462 1385 3516 misisse

140 3550 299 3623 eumdemque
312 3547 427 3604 Felicem
446 3549 497 3621 ipsi
517 3549 704 3621 rescripsisse,
734 3547 806 3621 quod
828 3556 856 3604 ct
876 3547 976 3604 ‹lisertc
997 3545 1139 3604 coufirmat
1160 3546 1337 3621 Theophanes
1358 3547 1386 3602 in

141 3632 225 3691 lhron.
241 3634 373 3709 pignos
389 3650 420 3688 ac
433 3632 600 3706 Nicephorus
617 3632 719 3688 Callisti
734 3632 797 3694 xii,
816 3634 865 3690 19.
902 3632 977 3688 Unde
998 3632 1067 3688 idem
1088 3632 1121 3688 de
1142 3632 1192 3687 hac
1215 3631 1386 3687 sentiendum

143 3718 292 3783 arbitramur,
309 3717 382 3793 quod
397 3717 430 3773 de
446 3718 542 3774 Gelasii
558 3724 672 3773 tractatu
687 3717 698 3771 l
713 3735 761 3774 scu
777 3718 916 3773 Breviculo
932 3716 1061 3773 historiae
1076 3715 1270 3790 Eutychianae‚
1287 3733 1344 3772 eam
1360 3724 1387 3771 et

144 3802 226 3861 helasii
246 3821 305 3860 esse
320 3811 349 3858 ct
363 3801 473 3859 Eelicis:
496 3801 606 3865 Gelasii,
628 3820 642 3856 a
658 3819 712 3875 quo
728 3805 828 3876 scripta
843 3802 978 3865 videatur,
1001 3801 1074 3876 quod
1090 3809 1117 3857 et
1131 3800 1227 3857 suadet
1241 3802 1320 3858 stilus
1335 3801 1386 3875 ipsi

144 3892 261 3964 proprius,
277 3898 304 3945 et
318 3888 456 3962 archetypi
472 3889 632 3944 auctoritate
647 3885 781 3950 struuntur:
804 3886 908 3951 Felicis,
930 3886 1008 3958 cujus
1019 3887 1128 3942 nomine
1143 3887 1178 3941 sit
1193 3887 1303 3961 scripta.

214 3974 241 4032 2.
269 3973 354 4029 Porro
375 3971 498 4035 Elavitas,
520 3989 534 4027 a
550 3973 656 4028 Victore
671 3973 828 4028 Tuuooensi
843 3971 982 4028 Flavianus
1004 3970 1035 4027 ab
1048 3970 1162 4045 Evagrio
1178 3988 1209 4026 ac
1224 3970 1388 4044 Theophane

146 4054 244 4115 iraritas
259 4058 417 4134 appellatus,
434 4056 485 4113 luit
501 4056 604 4132 Evagrii
621 4056 742 4128 ejusdem
758 4066 785 4113 ct
800 4058 972 4130 Theophanis
989 4074 1019 4112 ac
1033 4056 1175 4130 Nicephori
1188 4053 1289 4125 judicio
1306 4055 1387 4109 homo

147 4142 218 4214 dane,
230 4146 273 4219 qni
284 4161 317 4199 eo
329 4144 389 4217 ipso
402 4151 531 4217 tempore.
548 4160 603 4216 quo
615 4140 697 4198 Eelici
708 4141 884 4216 significabat,
900 4158 930 4197 sc
943 4141 974 4196 ad
986 4141 1045 4212 ejus
1057 4141 1272 4196 communionem
1283 4137 1387 4209 rejecto

148 4225 212 4284 leno
226 4229 323 4304 iloogo
339 4227 480 4291 accedere,
503 4227 623 4298 ejusdem
639 4226 731 4302 Moogi
746 4230 904 4283 societatem
922 4226 1019 4281 litteris
1035 4227 1091 4281 aliis
1108 4231 1261 4299 expeteret,
1283 4222 1388 4297 praedi·

149 4329 209 4375 ans.
228 4331 286 4370 sese
307 4329 420 4387 prorsus
442 4311 557 4368 alienum
577 4330 591 4367 a
612 4310 741 4386 pontifice
762 4330 830 4369 esse.
868 4312 965 4367 Verum
986 4327 1067 4385 parvo
1088 4308 1232 4365 admodum
1247 4307 1388 4363 intervallo

150 4399 222 4471 regiae
236 4399 307 4457 urbis
322 4397 414 4461 sedem
430 4399 518 4453 tenuit
534 4399 679 4470 statimque
695 4405 781 4453 morte
796 4392 972 4470 interceptus.
990 4397 1026 4451 ait
1040 4393 1189 4457 Liberatus,
1212 4393 1279 4449 hanc
1293 4391 1389 4448 Felicis

151 4484 271 4554 epistolam
286 4501 337 4541 nec
350 4484 471 4557 recipere
485 4485 576 4557 potuit
591 4481 719 4538 necl‘etri
730 4482 821 4557 blangi
837 4496 997 4555 responsum
1009 4481 1077 4536 circa
1089 4479 1159 4535 idem
1170 4486 1277 4552 tempus
1289 4477 1389 4538 datum.

151 4569 209 4639 mod
222 4572 370 4628 successori
385 4566 443 4638 ejus
459 4565 606 4642 Euphemio
621 4567 756 4623 redditum
772 4567 856 4623 luisse
871 4565 969 4622 docent
981 4565 1158 4639 Theophanes
1173 4572 1201 4619 et
1212 4563 1388 4638 Nicephorus.

152 4647 204 4708 Eoos
217 4655 304 4712 lictor
319 4653 499 4717 Turonensis,
515 4654 558 4709 cni
573 4652 751 4726 Theophanes
767 4652 894 4714 concinit,
911 4654 994 4707 tertio
1007 4653 1195 4723 promotionis
1208 4665 1280 4706 saoe
1294 4662 1391 4705 mense

152 4747 284 4811 nortuum,
307 4738 476 4812 Nicephorus
496 4755 559 4794 vero
581 4737 627 4794 lib.
638 4738 676 4795 16
692 4755 716 4794 c.
728 4737 765 4795 19
782 4745 810 4793 et
825 4735 953 4810 Euagrius
969 4744 1095 4809 quatuor
1109 4750 1221 4791 menses
1235 4735 1391 4809 episcopatu

154 4827 250 4892 petitura
263 4826 347 4881 luisse
367 4821 500 4880 scribunt.
527 4823 579 4880 Sed
594 4825 745 4879 accuratius
761 4823 836 4897 loqui
851 4822 957 4878 videtur
971 4820 1043 4876 idem
1058 4820 1224 4894 Nicephorus
1239 4819 1289 4876 l.c.
1307 4837 1330 4875 c.
1342 4817 1390 4879 18,

155 4905 188 4963 rbi
200 4927 253 4968 eom
267 4912 296 4968 in
311 4910 469 4985 episcopatu
485 4926 540 4965 aoa
556 4916 630 4967 totos
644 4916 771 4983 quatuor
785 4923 897 4967 menses
911 4907 1077 4981 transegisse
1092 4905 1196 4961 asserit.

178 5021 318 5064 reseram
331 5021 438 5060 sonan.
451 5020 563 5059 roxem.
580 5008 601 5061 I.
1169 5005 1189 5062 2
