3204 5506
192 322 233 387 tu
560 337 694 387 uorum
717 336 869 385 rnanvrn
892 337 928 384 ru
951 336 1091 387 ennasu

192 498 263 574 (eald,
280 499 361 556 Itali:
382 504 432 574 qai
452 500 589 556 Flaviani
608 502 773 556 successori
786 500 918 557 Anatolio
940 499 1143 570 successerat).
1155 493 1175 573 ¹)
1206 501 1356 557 Occurrunt
1378 501 1458 557 etiam

193 585 285 645 eadem
302 585 385 640 torma
401 593 537 641 contracta
553 586 580 640 in
595 585 721 641 Vaticano
739 583 820 642 1342
836 603 863 641 n.
874 586 928 648 71,
944 584 1087 642 barberino
1104 586 1186 644 2888
1202 587 1291 650 ull,
1308 586 1461 642 Veronensi

193 673 234 730 46
250 672 336 732 initio,
352 669 597 744 praestantissimae
619 678 699 727 notae
715 669 862 733 codicibus,
884 679 911 726 et
926 670 1051 727 Vaticana
1069 670 1159 728 1344.
1191 671 1223 728 Et
1238 672 1334 728 borum
1351 671 1463 745 quidem

194 763 334 834 gestarum
355 757 394 812 sic
415 754 597 812 breviatorem
612 754 759 812 editionem
779 757 914 830 antiquam
931 773 1000 819 esse,
1023 773 1105 830 quum
1126 774 1188 813 max
1208 756 1278 813 dicta
1299 756 1465 830 exemplaria

194 854 252 901 tum
268 842 380 896 maxime
395 839 536 897 Liberatus
552 839 690 903 diaconus,
712 842 758 914 qui
773 857 831 896 eam
847 840 997 897 exscribere
1012 859 1043 897 ac
1058 843 1135 916 sequi
1151 842 1230 905 solet,
1252 840 1332 898 fidem
1349 842 1465 898 iaciunt.

195 927 248 985 Sed
264 925 409 993 Quesnello
426 926 546 982 eamdem
560 927 593 981 iis
614 925 803 1000 prolixioribus
819 928 914 1001 gestis,
939 944 1007 1001 quae
1023 925 1187 991 exhibemus,
1209 928 1390 1001 antiquiorem
1407 926 1468 1001 opi·

196 1014 269 1071 nanti
285 1012 411 1067 assentiri
426 1028 539 1085 prorsus
561 1012 714 1085 nequimus.
746 1010 777 1066 lit
798 1028 862 1067 vero
879 1013 947 1067 banc
962 1027 1041 1067 unam
1060 1011 1136 1067 aliert
1152 1014 1285 1087 opinionis
1300 1028 1366 1068 suae
1382 1012 1470 1068 ratio-

196 1115 265 1161 nem,
283 1097 345 1170 quia
360 1096 484 1152 videlicet
501 1100 648 1168 scriptam,
666 1095 738 1169 quod
754 1095 918 1167 subjicimus,
934 1098 969 1152 de
978 1098 1076 1153 Felice
1088 1115 1170 1169 papa
1186 1098 1238 1154 snb
1254 1113 1342 1172 eoque
1359 1105 1470 1154 contro

197 1185 336 1240 Acacium
356 1185 445 1255 pestis
465 1184 605 1238 nonnulla
621 1182 716 1250 lrabct,
739 1197 828 1254 quae,
851 1182 951 1255 inquit,
972 1185 1002 1237 in
1026 1183 1123 1238 codice
1143 1189 1240 1239 nostro
1261 1182 1473 1255 censuissent

198 1273 316 1336 omisso,
345 1271 370 1323 si
390 1283 429 1323 ca
450 1269 498 1323 illo
514 1264 670 1340 (prolixiore
686 1266 799 1340 scripto)
815 1267 946 1323 derivato
963 1275 1066 1324 essent.
1098 1266 1171 1334 Quae
1186 1269 1254 1323 ratio
1271 1267 1336 1324 levis
1353 1269 1473 1325 omnino

198 1373 227 1411 ac
243 1352 315 1408 nulla
332 1360 382 1407 est.
414 1349 491 1407 Levis
507 1353 623 1425 inquam,
640 1353 702 1425 quia
715 1352 761 1424 qui
776 1353 868 1425 potuit
884 1369 916 1407 ex
931 1353 1009 1408 initio
1026 1352 1109 1408 multa
1124 1369 1255 1415 reserare,
1271 1354 1351 1409 etiam
1367 1351 1474 1410 detine

198 1455 282 1515 panea
297 1437 405 1493 demere
420 1438 523 1510 potuit;
541 1436 614 1491 nulla
629 1453 702 1500 vero,
720 1437 781 1509 quia
798 1437 869 1492 tituli
885 1438 912 1492 in
928 1437 1012 1510 ipsius
1028 1437 1120 1493 codice
1133 1436 1242 1512 praefixi
1254 1446 1394 1512 postrema
1405 1454 1473 1514 pars
1497 1467 1505 1475 ·

102 1574 105 1580 .
200 1527 281 1582 ctiam
296 1540 335 1583 ea,
358 1539 425 1596 quae
442 1521 475 1577 de
492 1519 543 1577 line
559 1522 647 1577 demta
663 1529 735 1584 sunt,
759 1521 855 1595 quibus
871 1522 974 1578 scilicet
989 1523 1100 1578 Aeacius
1117 1540 1131 1577 a
1146 1521 1233 1580 Felice
1248 1523 1390 1579 damnatus
1410 1524 1479 1579 nar:

200 1618 283 1672 ratur,
305 1607 436 1682 postulat.
478 1607 530 1663 Sed
553 1623 640 1679 neque
660 1609 746 1681 prima
767 1606 887 1677 ejusdem
904 1606 975 1662 tituli
992 1625 1053 1682 pars
1076 1609 1203 1682 congruit
1225 1609 1335 1682 scripto,
1358 1610 1388 1664 in
1405 1625 1475 1682 quo,

201 1697 328 1769 qualiter·
343 1693 502 1749 Dioscorus
517 1695 545 1748 in
562 1708 597 1746 ca
620 1696 668 1747 cai
684 1698 827 1763 praeerat
842 1695 905 1764 ipse
926 1696 1059 1762 ccclesia,
1077 1695 1120 1749 ael
1138 1693 1475 1765 Constantinopolitano,

202 1796 331 1838 errarem
347 1779 504 1846 induxerit,
521 1777 628 1832 minime
644 1777 798 1850 exponitur.
830 1776 914 1831 lnrmo
932 1777 1027 1833 titulus
1043 1786 1117 1834 totus
1134 1780 1293 1852 scriptorem
1305 1778 1409 1852 prodit,
1427 1779 1477 1853 qui

202 1873 287 1942 gesta,
309 1880 376 1936 quae
392 1862 535 1924 contrabit,
552 1877 682 1935 quorsum
698 1863 850 1936 conscripta
871 1871 971 1926 essent,
992 1861 1145 1937 ignorabat.
1176 1863 1268 1937 Neque
1283 1865 1356 1919 enim
1373 1863 1425 1919 alia
1441 1863 1478 1920 de

203 1967 280 2007 arasa
297 1949 416 2004 llioscori
431 1946 621 2021 Eutycbetisve
641 1948 668 2001 in
684 1947 722 2002 eis
739 1943 769 2002 irt
783 1948 893 2010 mentio,
915 1948 966 2003 uisi
988 1955 1018 2003 ut
1033 1947 1106 2003 Petri
1121 1948 1212 2023 biougi
1233 1949 1352 2005 haeresis
1370 1949 1477 2005 Aeacii·

203 2053 256 2110 que
271 2051 332 2090 cum
348 2050 380 2089 eo
396 2033 616 2088 communicantis
632 2031 820 2087 condemnatio
832 2031 906 2102 justa
922 2031 1123 2107 comprobetur.
1145 2034 1263 2107 lienique
1279 2051 1333 2108 quo
1346 2042 1478 2108 tempore

203 2119 332 2178 scriberet
347 2126 504 2173 nostrorum
520 2125 661 2191 gestorum
681 2124 784 2179 auctor,
808 2118 889 2172 certis
911 2119 982 2173 notis
998 2117 1169 2174 manifestum
1186 2118 1259 2174 iecit.
1289 2120 1323 2174 At
1339 2121 1372 2182 is,
1395 2120 1477 2175 cuius

205 2216 247 2263 cst
262 2202 513 2279 apudQuesneilum
529 2204 656 2276 epitome,
669 2201 717 2257 illo
733 2217 762 2256 se
778 2203 955 2258 recentiorem
969 2202 1076 2267 indicat,
1093 2203 1156 2259 tium
1172 2203 1230 2259 illas
1244 2205 1391 2278 supprimit
1407 2213 1491 2278 tems

205 2293 279 2365 poris
296 2298 373 2344 noers
389 2304 437 2343 nec
453 2287 516 2342 alias
538 2286 688 2342 substituit.
717 2285 845 2342 Eumdem
861 2295 1000 2360 praeterea
1016 2304 1065 2342 naa
1080 2288 1156 2344 vaide
1177 2288 1335 2363 diligentem
1352 2298 1382 2345 et
1397 2305 1480 2346 aecu-

206 2384 293 2432 ratum
308 2390 377 2434 esse,
393 2372 548 2446 sphalmata,
566 2373 592 2426 iu
608 2388 676 2443 quae
692 2370 797 2434 labitur,
815 2369 939 2444 probant.
966 2371 1104 2428 Interdum
1120 2375 1190 2429 enim
1206 2373 1270 2429 duur
1286 2373 1366 2429 verba
1379 2382 1478 2438 mutat,

207 2469 283 2535 gesta
299 2457 449 2520 contundit,
473 2465 501 2512 et
516 2473 584 2530 quam
599 2457 741 2529 perspicua
757 2464 841 2518 erant,
859 2456 946 2513 reddit
960 2456 1093 2532 ambigua.
1124 2458 1196 2514 Alias
1212 2458 1276 2514 dum
1291 2461 1479 2516 narrationem

207 2545 350 2607 contrabit,
373 2558 463 2598 rerum
477 2550 644 2598 narratarum
660 2539 800 2615 perturbat
815 2541 945 2606 ordinem,
968 2550 995 2598 et
1015 2541 1046 2598 ab
1063 2545 1180 2600 auctoris
1195 2545 1239 2600 sui
1253 2547 1391 2601 sententia
1409 2561 1480 2602 non·

209 2645 346 2703 nunquam
362 2627 476 2683 aberrat.

120 2727 199 2802 [gg]
295 2713 324 2770 5.
352 2711 426 2768 Unde
442 2728 492 2768 nec
506 2711 710 2770 balleriniorum
725 2713 875 2768 sententiae
891 2712 1018 2769 accedere
1033 2730 1186 2787 possumus,
1205 2723 1346 2789 utramque
1362 2716 1481 2772 sormam

209 2801 241 2857 ab
256 2803 316 2874 ipsa
329 2797 434 2853 Gelasio
450 2797 598 2870 proiectam
614 2813 682 2858 esse,
699 2798 743 2852 cui
758 2805 786 2853 et
800 2797 863 2852 abas
880 2797 906 2853 id
922 2799 1004 2855 moris
1021 2798 1101 2855 inerit
1116 2800 1246 2856 nonnulla
1262 2801 1403 2875 opusculis
1421 2802 1481 2857 suis

210 2885 362 2961 posteriore
378 2900 457 2938 manu
472 2881 579 2938 addere.
611 2882 670 2937 Non
686 2880 775 2937 selum
791 2883 861 2937 enim
877 2882 985 2957 duplex,
1002 2883 1049 2938 sed
1061 2883 1115 2954 jam
1132 2885 1228 2959 triplex
1244 2893 1290 2941 aut
1306 2885 1482 2960 quadruplex

211 2980 253 3028 est
268 2969 349 3040 bujus
365 2967 490 3041 opusculi
505 2983 572 3040 quae
588 2966 724 3023 veteribus
740 2966 877 3023 codicibus
892 2967 1037 3042 praebetur
1052 2968 1146 3025 torma.
1180 2970 1265 3026 Prima
1280 2979 1321 3026 est
1336 2970 1392 3034 illa,
1410 2987 1483 3045 quae

211 3055 289 3113 nobis
310 3056 337 3110 in
354 3053 478 3109 Vaticano
499 3052 617 3126 Reginae
634 3052 714 3109 1997
738 3061 765 3108 et
785 3053 948 3109 Virduncnsi
963 3053 1099 3110 Sirmondi
1120 3053 1223 3111 obviarn
1245 3052 1282 3119 m,
1305 3055 1438 3112 desinens
1453 3057 1483 3112 in

212 3142 264 3199 iliis
280 3159 307 3196 n.
325 3139 379 3196 13:
402 3141 442 3194 acl
455 3139 662 3194 Antiochenam
683 3140 755 3194 misit
777 3141 939 3195 ecclesiam.
971 3138 1044 3206 Quae
1067 3142 1185 3213 quamvis
1202 3157 1265 3214 prae
1281 3139 1409 3197 orrrnibus
1426 3141 1483 3216 pri·

212 3229 313 3285 stinurn
328 3223 447 3281 colorem
464 3223 566 3279 reierre
582 3222 710 3286 videatur,
728 3232 816 3279 tamen
830 3225 933 3279 incuria
953 3222 1122 3281 librariorum
1138 3224 1241 3282 mendis
1257 3235 1284 3281 et
1300 3226 1402 3282 lacunis
1420 3226 1484 3300 plu·

213 3314 286 3369 rimis
302 3310 444 3366 dilacerata
459 3318 509 3370 est,
526 3326 593 3381 quae
608 3308 722 3364 aliorum
737 3308 860 3364 codicum
876 3326 927 3382 ope
943 3309 1109 3365 resarcienda
1126 3319 1210 3366 erant.
1232 3311 1322 3367 Altera
1338 3312 1402 3368 buic
1414 3313 1484 3368 satis

213 3398 360 3453 concinens
381 3402 424 3449 est
444 3396 472 3449 iu
493 3393 654 3449 collectione
670 3393 803 3457 Avellaua,
827 3410 906 3467 quant
927 3396 1040 3450 maxime
1061 3395 1149 3451 editor
1164 3394 1298 3451 Romanus
1313 3405 1430 3452 secutus
1446 3397 1486 3454 vi·

214 3483 302 3536 rietur.
325 3479 397 3547 Quae
412 3496 467 3534 uon
482 3478 571 3533 solutu
586 3480 693 3551 saepius
705 3481 837 3534 sermonis
851 3479 978 3552 quasdam
993 3477 1118 3553 ambages
1134 3489 1161 3535 et
1176 3483 1332 3555 asperitates
1345 3488 1484 3546 removet,

214 3567 261 3622 sed
277 3568 356 3621 ctiann
372 3563 404 3618 ad
420 3563 519 3619 calcem
534 3561 743 3618 additamentum
759 3562 796 3634 (n,
807 3563 855 3634 14)
871 3563 980 3620 aliunde
994 3566 1156 3639 acquisitum
1171 3565 1297 3628 adnectit,
1314 3565 1398 3641 idque
1414 3567 1485 3623 satis

214 3651 358 3708 infeliciter
372 3647 456 3721 (coni.
473 3654 530 3703 not.
549 3653 582 3703 2s
596 3655 624 3702 et
641 3646 698 3718 2a).
730 3649 819 3704 Tertia
840 3657 881 3704 est
900 3648 1062 3705 abbreviatio
1078 3650 1246 3707 collectionis
1262 3649 1484 3719 Quosnellianae,

215 3755 247 3793 ex
263 3735 388 3791 Avellana
408 3733 562 3800 reductione
582 3732 713 3807 proiecta,
740 3733 817 3805 cujus
839 3742 934 3789 auctor
954 3753 1033 3808 saepe
1056 3735 1240 3792 infelicissimo
1262 3735 1425 3808 (caninat.
1446 3737 1486 3811 et)

216 3829 436 3896 argumentorum
453 3834 582 3873 summam
598 3820 741 3892 excerpsit.
759 3819 856 3887 Quarta
872 3819 987 3893 denique
1003 3830 1044 3875 est
1060 3821 1104 3876 illa
1112 3820 1272 3877 vallicellani
1289 3820 1389 3878 codicis
1403 3821 1486 3880 xvttt

216 3908 275 3980 (iol.
293 3903 365 3977 246)
385 3921 418 3960 ex
433 3904 520 3978 prisea
536 3900 622 3959 torma
637 3903 767 3969 conlecta,
790 3921 858 3979 quae
880 3906 1007 3961 orationis
1023 3908 1121 3961 scriem
1136 3923 1197 3962 cum
1218 3906 1330 3980 quadam
1346 3907 1486 3982 elegantia

120 4015 126 4029 ·
217 4003 243 4049 et
265 3991 423 4047 dexteritate
444 3988 582 4063 complexa
606 3997 657 4045 est.
698 3988 771 4045 Unde
798 3991 845 4045 has
867 3991 953 4045 varias
974 3990 1141 4046 redactiones
1163 3993 1247 4065 magis
1268 3992 1300 4047 ad
1323 3992 1486 4050 scholiastes

219 4077 349 4151 quosdam
370 4091 448 4149 quatu
469 4074 502 4129 ad
516 4072 671 4147 pontificem
687 4084 824 4130 auctorem
842 4076 977 4149 pertinere
992 4093 1072 4132 neruo
1088 4079 1235 4150 negaverit.
1267 4076 1319 4133 Pro
1336 4085 1431 4134 textus
1447 4088 1488 4136 ta·

218 4180 278 4220 uren
294 4163 451 4218 recensione
467 4176 561 4215 amires
576 4160 666 4233 magni
681 4162 811 4215 momenti
825 4169 904 4215 sunt:
920 4160 1019 4216 multae
1035 4161 1131 4217 exindo
1145 4160 1254 4217 lacunae
1264 4163 1419 4226 resarcitae,
1436 4181 1488 4220 nu-

218 4257 305 4304 tantes
321 4248 450 4304 lectiones
465 4246 636 4306 constitutae,
653 4253 681 4300 et
696 4245 737 4301 vel
753 4245 879 4301 tristarier
895 4244 961 4300 bdes
976 4245 1144 4321 aliquatenus
1160 4246 1244 4319 (conf.
1260 4255 1318 4303 not.
1338 4246 1382 4321 21)
1398 4248 1489 4306 vindi·

218 4342 275 4390 arta
295 4342 346 4389 cst.
388 4330 530 4404 Quumque
556 4346 648 4386 omnes
670 4332 749 4386 etiam
771 4329 906 4387 veteribus
932 4330 1070 4388 codicibus
1096 4331 1285 4395 exhibeantur,
1315 4350 1371 4390 nou
1392 4335 1489 4392 solnm

289 4568 307 4633 1)
325 4565 377 4618 Hic
393 4563 490 4617 bibulus
508 4580 541 4617 ex
560 4562 619 4616 cod.
633 4562 740 4616 Thnan.
760 4564 886 4631 sumptus
904 4561 932 4615 in
950 4561 1010 4616 eliis
1028 4562 1110 4617 eliber
1128 4564 1221 4617 sonet:
1243 4563 1272 4616 in
1290 4581 1353 4618 mes.
1373 4563 1491 4635 Ombis„

219 4635 321 4688 Veron.
334 4639 368 4687 46
387 4632 575 4687 equtAIitl:
595 4635 691 4698 Incipit
709 4637 867 4684 remotionis
883 4636 948 4684 ordo
966 4637 999 4684 de
1016 4637 1144 4699 pronitate
1156 4637 1277 4686 Dioscori
1294 4637 1492 4698 Alexandrini:

220 4704 249 4756 in
260 4702 325 4756 vat.
340 4707 404 4754 tate
421 4700 450 4754 in
467 4700 558 4754 indice
576 4699 740 4769 praemisso:
759 4703 912 4766 interfectio
924 4705 1039 4767 episcopi
1051 4705 1165 4753 Protem'i
1178 4704 1362 4763 Alexandrini,
1380 4701 1411 4756 in
1430 4721 1490 4759 eor-

242 4787 289 4824 ore
308 4767 476 4823 collectionis
494 4770 600 4822 nubem:
621 4772 670 4822 [lbi
686 4773 810 4821 occiditur
829 4772 963 4820 Proterins
981 4774 1116 4836 episcopus
1130 4773 1323 4823 Alexandrinas
1341 4768 1393 4837 (ibe
1412 4774 1444 4825 et
1460 4772 1491 4827 in

220 4791 373 4893 Barbetino
386 4841 473 4903 2888),
491 4838 519 4889 ct
536 4836 565 4889 in
583 4836 708 4905 margine
727 4852 810 4889 manu
828 4835 998 4904 posteriore:
1017 4842 1056 4890 De
1074 4843 1198 4891 occisione
1216 4841 1354 4891 beatissimi
1365 4844 1490 4897 ririPro-

222 4915 281 4964 terii
292 4911 467 4961 Alexandrini
478 4909 645 4959 Patriarclrac
664 4916 689 4959 et
707 4910 738 4958 de
757 4911 868 4972 nequitia
885 4908 1007 4958 Timothei
1024 4912 1148 4960 invasoris
1161 4911 1218 4973 ejus
1234 4911 1304 4960 sedis
1317 4918 1343 4960 et
1354 4911 1491 4964 tamna
