3204 5506
610 355 781 403 amaneus
808 346 855 401 14.
1303 343 1366 406 369

10 584 12 595 Ι
71 505 146 568 rint
185 505 421 571 celebrandas:
456 528 516 571 nec
544 509 713 592 cujuslibet
741 509 938 594 utilitatium)
972 531 1026 572 sen
1060 511 1281 595 presbyterum
1310 528 1469 576 senates.

10 642 14 677 ;-
71 605 266 703 diaconum
288 608 339 672 his
361 608 532 693 praeferre,
557 611 610 695 qui
633 613 709 674 ante
730 612 817 695 ipsos
839 611 961 676 fuerint
983 611 1133 675 ordinati.

10 698 16 727 l
169 710 226 773 12.
259 709 393 776 Daretis
414 734 537 797 quoque
552 712 621 776 Deo
635 713 825 798 virginibus,
848 713 912 778 nisi
935 716 990 778 aut
1011 714 1046 777 in
1062 714 1366 804 Epiphanorium⁷¹)
1379 719 1451 783 XII.

73 810 129 875 die
153 814 219 876 aut
234 813 273 876 in
288 813 371 878 albis
385 814 599 899 paschalibus,
624 818 680 880 aut
702 815 736 879 in
758 817 974 900 apostolorum
989 816 1146 882 natalitiis
1166 838 1292 882 sacrum
1307 821 1377 883 mi.

74 914 171 978 nime
187 914 343 980 velamen
359 917 540 1001 imponant,
564 918 626 982 nisi
634 917 674 1002 ⁷²)
690 918 838 1002 forsitan,
862 920 946 984 sieut
968 918 1006 983 de
1029 920 1222 1004 baptismate
1244 922 1365 986 dictum

75 1020 139 1099 est,
165 1018 269 1102 gravi
292 1018 449 1104 languore
472 1020 637 1105 correptis,
661 1041 701 1083 ne
724 1020 793 1084 sine
816 1021 876 1086 hoc
898 1043 1030 1086 munere
1052 1020 1091 1085 de
1113 1023 1240 1087 saeculo
1262 1027 1365 1088 trans·

30 1140 34 1145 ·
74 1124 178 1198 eant,
202 1119 456 1204 implorantibus
477 1144 543 1186 non
565 1125 712 1208 negetur.

171 1223 225 1287 13.
264 1221 390 1287 Viduas
418 1228 524 1289 antem
552 1224 659 1288 velare
671 1225 711 1309 ²³)
745 1226 932 1308 pontificum
966 1227 1072 1290 nullus
1101 1230 1255 1312 attentet,
1291 1252 1365 1314 qno·
1377 1232 1467 1319 XIII.

80 1366 398 1375 --Ψ

79 1432 111 1481 It
124 1430 157 1483 et
173 1433 209 1483 te
227 1429 317 1483 casm
333 1434 464 1485 sabbatam
480 1450 593 1499 mapsam
611 1446 660 1484 seu
676 1435 806 1485 sabbatam
827 1452 933 1500 mnpnae
952 1439 1045 1496 noctis,
1071 1449 1144 1501 quae
1162 1432 1269 1489 Pascha
1285 1453 1364 1504 prae·

78 1513 171 1580 aedit,
191 1514 422 1570 ordinationibus
440 1515 609 1569 destinatum
628 1515 712 1570 fuisse
731 1517 867 1571 discimus.

151 1601 189 1665 ²⁰)
208 1598 273 1653 Hoc
291 1603 347 1654 est:
371 1605 548 1670 qwntmnts'tet
570 1607 654 1654 itatem
675 1606 851 1669 presbyteram
873 1623 917 1657 sea
939 1613 986 1656 etc.
1021 1601 1092 1657 tho
1109 1603 1182 1659 male
1200 1608 1226 1659 a'
1241 1608 1267 1660 οε
1285 1624 1362 1675 seqq.

79 1682 309 1746 adstanteme,
333 1686 460 1754 quamvis
480 1686 551 1740 haec
569 1702 621 1739 vox
639 1685 715 1740 absit
737 1687 773 1741 ab
792 1686 919 1740 omnibus
943 1705 1007 1740 mss.
1027 1686 1146 1756 Moxque
1164 1688 1194 1741 d²
1211 1695 1366 1757 praeferant

51 1824 55 1829 ,
79 1775 123 1837 qu·
138 1779 206 1823 ente
224 1775 319 1837 ipsun.
354 1770 478 1839 Regulos
495 1770 558 1824 illas
576 1771 701 1826 Gelasius
720 1773 877 1839 confimat,
896 1789 964 1840 qnae
983 1788 1067 1838 quum
1085 1772 1194 1841 pridem
1211 1774 1364 1829 Beneventi

79 1853 214 1923 praelato
234 1853 393 1909 senioribus
409 1856 581 1925 presbyteris
598 1857 739 1926 neophyto
758 1857 902 1926 neglectas
914 1857 1078 1926 accepisset,
1097 1858 1152 1910 Leo
1170 1858 1242 1912 hane
1255 1861 1362 1915 abusio·

78 1954 145 1992 nem
163 1938 253 2009 epist.
268 1946 301 1994 te
318 1939 356 1994 ad
367 1938 473 1994 Dorum
491 1941 586 2010 arguit
602 1941 715 2008 aeriter,
733 1958 784 1995 nec
801 1942 968 2010 impunitum
980 1941 1103 2006 ¹dimisit,
1123 1949 1179 1995 dam
1198 1951 1223 1996 tn
1240 1952 1295 2005 itta,
1315 1945 1363 2012 ait,

79 2042 130 2078 m
146 2028 321 2079 hnmiutts
337 2031 430 2089 nnsis,
447 2031 497 2080 sed
513 2032 631 2080 elationis
642 2032 724 2080 citiam
736 2032 917 2086 roborantem
936 2034 1014 2081 omnis
1026 2033 1104 2090 enim,
1123 2027 1230 2096 pergit,
1250 2033 1363 2083 laborans

76 2111 184 2174 tantm
200 2114 337 2175 aufertur,
356 2116 435 2164 oannis
451 2117 596 2165 meritorum
613 2132 730 2166 mnsam
747 2123 882 2176 coenatur,
901 2119 924 2165 si
942 2124 1035 2166 tantam
1054 2118 1109 2181 pate
1121 2118 1266 2180 aseeqntur
1278 2119 1360 2182 dtpni-

78 2198 154 2255 aeo,
175 2206 302 2262 qma„
320 2201 472 2250 masona
490 2199 604 2251 oense.

146 2280 184 2345 ¹⁸)
201 2277 285 2332 Editi
296 2281 508 2348 Eptptantoran,
527 2279 628 2335 rectius
641 2298 704 2334 msa.
720 2282 815 2349 (etiam
827 2281 858 2334 B¹
873 2281 920 2350 Hs)
939 2286 1142 2350 epiphaniorum,
1161 2283 1195 2336 Fd
1208 2282 1248 2336 pn
1262 2284 1362 2338 onrisw

80 2368 130 2418 ἃ.
158 2362 239 2418 Tum
253 2362 285 2417 C'
299 2362 333 2417 0²
345 2364 447 2418 omisso
465 2371 491 2419 in
508 2371 573 2420 altis
589 2371 751 2435 pasetaltbus
769 2366 902 2421 subdunt:
922 2379 966 2421 aut
983 2374 1009 2420 in
1028 2375 1199 2436 apostolorum
1214 2377 1295 2424 natali
1306 2372 1362 2437 (na-

79 2455 126 2503 tdt'
142 2448 236 2503 otiam
255 2448 312 2518 d²),
329 2448 377 2502 ubi
394 2448 442 2504 alii
458 2449 576 2504 habant:
595 2463 640 2505 ant
657 2457 682 2506 in
700 2461 871 2520 apostoloram
891 2459 1013 2506 natalitiis
1032 2454 1091 2519 (H¹⁰
1102 2454 1151 2506 Η15
1169 2459 1307 2520 natalibus,
1325 2454 1362 2508 Ι)ο

80 2532 113 2586 1³⁴
121 2543 223 2599 aetate,
234 2533 278 2593 1³¹.»
288 2537 406 2603 natales).
426 2535 556 2605 Gregorii
565 2539 803 2591 sacramentorum
814 2538 886 2591 liber
898 2538 1036 2607 praecipit
1044 2538 1181 2606 virginum
1195 2539 1362 2593 benedictio-

10 2622 12 2629 ’
78 2636 142 2673 ιω
159 2618 227 2672 fieri
246 2618 277 2672 in
295 2623 455 2688 Epiphania,
478 2627 518 2676 vel
534 2629 647 2676 secanda
662 2627 733 2689 seria
751 2627 866 2676 Paschae
885 2623 963 2689 (ordo
983 2629 1076 2677 etitem
1094 2624 1236 2677 Romanus
1254 2633 1280 2677 tn
1298 2629 1364 2679 albis

15 2726 18 2733 ·
79 2705 274 2772 puetatibns),
294 2717 341 2758 aet
352 2711 452 2774 quando
464 2712 635 2774 apostotorum
654 2714 771 2762 natalitia
789 2712 957 2761 celebrantur.
987 2708 1151 2762 Ambrosius
1163 2709 1198 2762 de
1210 2709 1362 2778 virginibus

77 2788 155 2844 ΒΜ
174 2805 243 2859 cap.
260 2796 273 2842 1
293 2792 399 2856 narrat,
416 2789 608 2846 Mareellinam
619 2808 743 2846 sororem
756 2809 836 2846 suam
852 2793 881 2845 in
894 2792 981 2846 natali
994 2793 1094 2846 Christi
1114 2793 1166 2859 die,
1185 2794 1361 2848 adstantibus

77 2874 278 2946 compluribus
297 2874 397 2943 puellis
414 2875 465 2929 Dei
483 2893 516 2930 ae
533 2877 673 2945 frequenti
694 2878 810 2947 populo,
836 2877 1005 2945 virginitatis
1023 2877 1125 2931 emissa
1146 2878 1326 2945 professione,
1345 2898 1362 2933 a

76 2958 194 3016 laberio
215 2961 416 3014 consecratam
428 2978 497 3015 esse.
528 2962 606 3015 Idem
624 2962 698 3015 etin
716 2962 788 3015 libro
805 2962 839 3014 de
858 2962 937 3030 lapan
954 2962 1068 3029 virginis
1082 2965 1260 3016 consecratae.
1273 2971 1362 3032 eapti

12 3068 18 3119 j
72 3046 185 3118 lulum
198 3046 247 3101 sic
258 3045 423 3114 alloquitur:
443 3066 493 3100 non
510 3067 538 3100 es
556 3057 693 3102 memorata
710 3052 761 3100 diei
778 3058 882 3100 sanetae
895 3053 1034 3100 dominicae
1047 3053 1253 3106 resurrectionis,
1273 3055 1299 3100 in
1312 3070 1361 3116 qna

12 3171 17 3178 -
70 3138 157 3189 statne
175 3136 270 3186 atteri
286 3142 315 3184 te
331 3135 444 3186 obtulisti
459 3137 608 3186 celandam?
636 3131 729 3196 Unde,
748 3134 780 3190 ut
797 3148 830 3185 ex
847 3133 940 3200 priore
959 3131 1020 3184 loco
1033 3131 1186 3196 conficitur,
1207 3131 1280 3185 inter
1298 3132 1361 3201 Epi-

65 3218 254 3289 mierum
272 3215 334 3269 dies
351 3215 440 3285 ipsum
453 3215 554 3271 Christi
573 3216 697 3270 natalem
715 3232 774 3270 esse
787 3216 966 3282 censendum,
984 3216 1026 3269 ita
1043 3233 1076 3270 ex
1089 3216 1177 3269 altero
1190 3215 1260 3269 sieut
1273 3233 1307 3269 ex
1319 3234 1361 3271 or·

10 3345 16 3363 ,
64 3302 131 3359 dine
149 3303 298 3358 Romano
317 3306 348 3355 et
363 3303 458 3355 nostro
477 3301 587 3356 Gelasio
606 3300 758 3369 colligitur,
780 3317 836 3355 non
855 3301 915 3354 sola
932 3300 1055 3355 Paschae
1073 3300 1143 3353 feria
1159 3300 1292 3366 secunda,
1311 3302 1361 3355 sed

61 3388 127 3443 eliis
148 3387 252 3442 etim
271 3384 400 3454 ejusdem
417 3385 612 3440 sollemnitatis
631 3385 728 3440 diebus
747 3387 869 3455 virgines
887 3386 1063 3439 consecratas
1083 3401 1150 3439 esse.

131 3476 183 3543 ⁷2)
209 3469 375 3527 Burchard.
394 3470 471 3537 VIII,
495 3476 527 3525 15
550 3470 589 3538 (in
611 3471 678 3538 Ita)
702 3471 793 3525 addit:
824 3483 849 3525 et
872 3479 921 3525 alsi
943 3483 1002 3525 ante
1024 3477 1112 3540 niniati
1140 3477 1248 3541 quinque
1271 3492 1358 3528 annos.

52 3559 180 3616 Deinde
201 3555 331 3627 qnidam
348 3573 413 3609 mss.
433 3556 530 3624 (ctiam
547 3556 584 3610 Η8
595 3556 633 3610 ΗΒ
644 3555 704 3624 11¹⁰)
723 3559 752 3610 et
769 3558 796 3611 a¹
810 3573 845 3610 ce
863 3568 965 3611 exeant.

130 3647 171 3715 π)
193 3642 250 3698 0¹¹
270 3646 329 3696 stne
351 3647 437 3712 attqaa
458 3646 633 3696 benedicamus
655 3648 753 3703 vetare,
778 3640 1000 3695 additamentum
1019 3642 1122 3696 Gelasii
1140 3641 1227 3696 menti
1247 3659 1361 3711 prorsus

10 3722 13 3755 ³
47 3733 242 3791 advenum.
281 3724 344 3780 Hoc
360 3726 422 3780 loco
441 3727 548 3789 autem
566 3728 598 3780 nt
615 3725 787 3780 manifestius
804 3727 865 3792 fiat,
884 3744 949 3779 num
967 3727 1041 3780 istud
1060 3726 1094 3780 dc
1113 3743 1168 3781 non
1186 3726 1310 3781 velandis
1324 3728 1361 3780 vi-

47 3816 121 3875 dui.
143 3812 313 3871 meam
331 3828 383 3865 usu
399 3813 542 3881 receptum
559 3811 596 3864 sit
613 3810 776 3880 aliquando,
794 3811 839 3864 vel
857 3828 874 3865 a
891 3812 1001 3865 saeculo
1020 3812 1119 3867 saltem
1136 3810 1202 3864 VIII
1219 3811 1248 3864 in
1267 3812 1361 3866 desne-

48 3903 206 3962 fflinem
228 3912 294 3951 non
310 3895 430 3963 venerit,
447 3912 504 3950 non
521 3897 626 3951 fnistra
644 3911 818 3965 quaeramus.
847 3894 954 3965 Quippe
973 3896 1001 3947 in
1019 3913 1117 3964 regum
1129 3895 1298 3950 Francorum
1311 3895 1361 3951 (la-

42 3985 190 4063 pihhri
219 3980 297 4038 anni
317 3985 366 4036 801
391 3997 412 4035 c.
432 3988 464 4035 1³
486 3980 601 4052 legitur:
640 3985 676 4034 tte
693 3986 807 4048 feminis,
832 4002 895 4050 qnae
913 3985 1039 4047 defunctis
1057 3987 1120 4035 airis
1142 3987 1187 4034 tea
1212 3986 1360 4049 Lanpobar-

24 4081 153 4133 ‘uu
183 4069 323 4141 prohibet
345 4077 404 4120 ante
426 4074 488 4120 anni
508 4074 617 4135 spatiani
638 4076 730 4119 vestem
756 4072 886 4133 reltpr'onis
912 4073 1038 4136 celantque
1064 4074 1207 4134 resapere,
1232 4073 1362 4132 petierant

43 4171 187 4219 mvn
208 4156 361 4213 tamtan.
378 4161 406 4204 st
424 4172 495 4214 mete,
514 4157 571 4211 dara
589 4156 675 4206 divina
692 4156 777 4218 pietas
793 4157 971 4218 inspiraverit,
992 4171 1036 4204 ens
1054 4156 1181 4204 indemnes
1192 4156 1268 4202 liceat
1280 4157 1360 4202 susei-

38 4264 132 4319 μκ.
175 4235 275 4304 Quod
299 4233 411 4304 quidem
432 4235 466 4289 iis
488 4235 655 4291 conceditur.
699 4235 776 4289 Idem
795 4234 954 4305 Capitulare
972 4236 1039 4290 anni
1056 4233 1113 4290 stt
1125 4251 1146 4287 c.
1163 4239 1192 4285 11
1211 4233 1360 4302 praecipit:
1442 4244 1451 4265 ‘

39 4336 85 4388 1,
105 4332 308 4400 qualicunque
324 4325 398 4375 nodo
415 4327 503 4375 matter
520 4326 599 4375 vetant
615 4332 729 4374 sanetum
740 4327 883 4389 acceperit,
906 4332 997 4389 sponte
1016 4328 1041 4373 fn
1053 4340 1084 4373 eo
1096 4329 1252 4386 permaneat.
1281 4317 1360 4381 Quod

40 4418 164 4475 mm
183 4407 237 4464 ibi
255 4410 370 4460 naturis
386 4404 499 4461 nomine
517 4404 603 4461 etiam
619 4404 705 4458 vidua
721 4404 906 4474 intelligatur,
925 4405 1013 4470 liquet
1031 4420 1064 4457 ex
1082 4403 1125 4456 his
1138 4401 1298 4456 corumdem
1312 4401 1361 4456 Oa-

42 4495 249 4575 phhrium
267 4489 318 4544 lib.
338 4496 355 4544 b
372 4506 433 4560 etp.
455 4495 515 4546 180:
535 4493 705 4559 wheanqae
723 4496 796 4544 rnodo
814 4496 914 4552 mittier,
932 4495 1092 4557 permittente
1107 4493 1228 4541 canonice
1240 4493 1295 4541 otro
1306 4507 1360 4549 suo,

43 4596 101 4643 fl
123 4601 163 4638 ω
184 4581 335 4644 defuncta
353 4581 432 4629 nean
447 4586 561 4630 eandam
578 4582 605 4630 in
623 4586 700 4643 eaput
718 4581 859 4643 acceperit,
879 4587 923 4627 ant
939 4585 1030 4642 sponte
1049 4586 1092 4625 ant
1110 4578 1201 4634 ascita,
1220 4578 1245 4624 tn
1257 4591 1287 4625 eo
1298 4591 1361 4640 per·

45 4676 184 4727 mu.
228 4658 344 4717 Laudat
367 4660 397 4713 et
418 4658 468 4713 lvo
489 4663 563 4730 part.
576 4659 629 4714 VII
648 4676 708 4728 cap.
721 4665 754 4713 ht
772 4658 977 4713 Aurelianensis
1001 4656 1109 4710 concilii
1127 4656 1282 4723 decretum,
1306 4671 1361 4724 quo

42 4754 216 4827 jubentur
234 4750 343 4809 adua,
365 4763 432 4814 quae
454 4758 596 4813 spontanea
618 4751 744 4799 voluntate
767 4749 799 4798 ab
817 4751 895 4797 altari
917 4763 1007 4796 saeros
1030 4747 1229 4795 assentationis
1251 4748 1361 4795 uelamen

49 4841 240 4906 mystas.
259 4837 290 4885 fn
306 4834 397 4884 eodem
412 4838 547 4899 proposito
564 4849 728 4900 permanere3
747 4831 776 4883 et
794 4845 853 4898 cap.
869 4834 900 4881 56
919 4825 1032 4895 subjicit
1049 4825 1281 4895 Aquisgranensis
1299 4841 1361 4879 con-

53 4922 124 4980 cilii
141 4915 303 4975 liudovico
320 4912 374 4969 Pio
391 4917 538 4984 praesente
555 4914 646 4970 habiti
663 4915 858 4985 praeceptum:
884 4918 922 4967 Ile
940 4915 1061 4968 nobilitas
1076 4915 1188 4977 seminis,
1208 4933 1272 4983 qnae
1289 4918 1361 4965 ants-

98 5020 277 5062 msrom
289 5018 399 5058 noun.
414 5019 526 5057 ronsrr.
546 5006 567 5055 1.
1117 5003 1158 5059 24
