3204 5506
276 333 317 396 26
643 351 776 399 neutra
800 350 950 400 ιιιιινιι
972 352 1010 399 ιιι
1032 351 1171 400 ιιιιιιιι

277 510 393 568 ιιυιιιιιιιι
416 530 482 586 papa
502 514 601 587 scripta
627 514 779 586 suscepisse
801 512 880 568 tradit
901 512 1041 568 Liberatus
1062 512 1174 570 breviar.
1197 532 1221 570 c.
1241 513 1288 578 18,
1313 513 1357 570 ubi
1380 515 1543 590 praesertim

275 597 415 670 epistolam
432 599 500 656 lianc
514 600 660 673 nuncupari
677 598 747 655 baud
764 606 864 655 temere
880 600 1037 655 sentiamus.

492 767 530 827 In
552 767 670 828 Gelesii
689 783 790 845 papae
812 766 958 845 epistolas
979 765 1064 827 4-6
1086 762 1221 847 (‚,Licet“
1243 767 1321 850 otc).

209 888 262 957 )u³]
361 889 388 944 1.
415 888 481 944 Tres
496 889 555 944 illas
571 889 699 964 epistolas
715 890 942 945 eminentissimus
958 889 1097 946 cardinalis
1108 889 1236 945 Batonius
1249 889 1302 960 jam
1319 907 1402 965 perros
1417 907 1448 946 se
1461 889 1545 947 habe·

274 974 319 1030 bat
334 991 366 1030 ex
382 974 507 1029 Vaticano
523 974 616 1030 codice
632 984 721 1030 erutas
738 983 841 1030 etcum
857 974 942 1031 altero
957 983 1115 1049 pervetusto
1131 975 1314 1048 exemplaris.
1331 975 1403 1031 Petri
1418 976 1447 1031 iu
1463 975 1546 1032 Avel-

273 1059 333 1117 laua
348 1060 503 1115 monasterii
518 1059 657 1116 iub'mbria
669 1060 829 1121 contulerat,
845 1076 928 1134 quum
935 1059 1033 1117 Rornae
1045 1061 1072 1116 iu
1084 1059 1258 1134 epistolarum
1271 1058 1473 1134 pontificiarum
1485 1060 1546 1117 col·

274 1144 390 1201 lectione
415 1144 550 1217 prodiere.
588 1144 662 1201 Unde
689 1145 761 1200 nulla
790 1143 878 1200 habita
902 1147 1007 1203 ratione
1028 1145 1211 1201 avellanensis
1238 1145 1337 1201 codicis
1359 1147 1424 1202 satis
1446 1145 1545 1203 habuit

274 1230 391 1286 duorum
407 1230 527 1302 priorum
539 1231 613 1286 initia
629 1232 685 1285 suis
701 1229 839 1285 annalibus
855 1231 985 1286 inserere.
1012 1229 1095 1286 Nobis
1111 1231 1194 1305 igitur
1210 1230 1332 1292 carnalem
1348 1230 1478 1295 codicem,
1495 1232 1546 1306 qui

274 1316 394 1371 truncia
416 1314 538 1370 Vaticana
559 1314 721 1371 bibliotheca
746 1323 912 1377 asservatur,
940 1315 1029 1372 denuo
1050 1332 1249 1390 recognoscere
1270 1317 1356 1372 visum
1377 1324 1419 1372 est
1441 1333 1546 1391 operae

275 1392 432 1475 pretium¹).

359 1485 388 1540 2.
426 1484 461 1540 ue
478 1493 608 1558 tempore,
624 1502 678 1559 quo
693 1485 761 1541 dnae
777 1487 881 1558 priores
897 1488 1065 1584 conscriptae
1081 1494 1153 1548 sunt,
1170 1486 1345 1560 disceptatur.
1375 1464 1465 1542 Prima
1482 1488 1545 1561 qni·

274 1571 334 1627 dein
350 1568 493 1626 consulatu
513 1571 689 1645 corasignatur
704 1569 803 1626 Fausti.
835 1570 888 1627 Sed
904 1588 985 1645 quum
1007 1573 1029 1627 is
1044 1571 1224 1628 consulatus'
1217 1589 1243 1626 m
1260 1589 1357 1627 annum
1373 1571 1437 1630 490
1453 1571 1542 1635 cadat,

275 1672 329 1730 qno
346 1654 467 1711 Gelasius
483 1654 615 1711 Rornanae
631 1655 759 1712 ecelesiae
775 1657 894 1730 regimen
910 1656 1030 1713 nondum
1045 1665 1209 1730 susceperat,
1225 1656 1355 1712 Baronius
1368 1658 1436 1713 lianc
1447 1665 1544 1714 uotam

276 1741 333 1796 salsi
355 1749 506 1813 suspectam
528 1739 616 1803 babet,
638 1751 665 1797 et
681 1742 781 1797 Albino
797 1759 846 1814 pro
862 1743 971 1798 Fausto
993 1741 1211 1798 substituendum
1232 1758 1292 1797 esse
1314 1741 1469 1798 arbitratur.
1501 1741 1544 1798 Ad

274 1827 342 1882 lianc
363 1834 452 1881 autem
474 1826 628 1899 opinionem
649 1843 703 1881 non
720 1826 769 1881 alia
785 1826 891 1882 ridetur
906 1828 1010 1882 ratione
1026 1826 1162 1890 inductus,
1186 1828 1236 1883 nisi
1252 1826 1324 1901 quod
1341 1844 1355 1882 e
1376 1826 1463 1882 tribus
1480 1828 1543 1883 istis

274 1911 396 1985 epistolis
412 1919 548 1983 postrema
563 1910 595 1966 ad
612 1913 753 1985 episcopos
769 1928 817 1984 per
832 1911 958 1967 Picenum
974 1913 1139 1967 constitutos
1156 1911 1243 1967 Albini
1259 1912 1379 1968 consulis
1396 1928 1497 1968 nomen
1513 1913 1544 1969 ιιι

275 1996 327 2053 ιιι
343 1996 505 2070 adscriptum
522 1995 626 2052 lrabeat.
656 1997 753 2051 Verum
770 1998 872 2052 etiarnsi
888 1997 953 2052 baec
968 1998 1068 2070 pariter
1083 1995 1211 2052 adversus
1222 1996 1390 2070 Pelagianam
1406 1998 1541 2053 baeresim

274 2089 386 2157 pugnat,
409 2080 471 2137 inde
493 2089 580 2137 tamen
601 2099 656 2138 non
674 2083 807 2155 sequitur,
828 2091 858 2137 ut
880 2090 908 2138 et
928 2081 1023 2138 eodem
1039 2090 1160 2156 ternpore
1181 2084 1334 2155 conscripta
1358 2083 1450 2139 luerit.
1482 2082 1542 2140 Jam

274 2185 338 2223 vero
355 2166 561 2230 observavimus,
584 2166 678 2223 Felicis
694 2166 715 2222 ll
737 2166 875 2240 epistolam
895 2168 932 2224 16
955 2169 1065 2224 Foossto
1082 2170 1208 2236 conside,
1231 2168 1257 2223 in
1273 2166 1351 2238 cujus
1366 2167 1541 2224 consulatum

274 2254 375 2326 reipsa
396 2253 531 2315 convenit,
553 2254 746 2326 consignatam,
771 2251 876 2307 Gelasio
893 2251 977 2307 nihilo
994 2254 1081 2307 minus
1097 2255 1124 2308 in
1140 2253 1286 2325 archetypo
1302 2246 1478 2327 esentplari²)
1494 2252 1540 2309 ad·

273 2339 400 2411 scriptam
416 2353 484 2392 esse.
507 2336 561 2392 Nec
576 2336 625 2393 alia
641 2338 759 2393 occurrit
775 2336 856 2407 hujus
869 2338 907 2391 rei
918 2338 997 2398 ratio,
1013 2338 1064 2392 nisi
1080 2340 1141 2411 quia
1155 2336 1276 2392 Gelasius
1285 2336 1340 2407 jam
1353 2336 1384 2392 ab
1397 2336 1543 2396 antonno

274 2422 354 2478 Felici
370 2421 402 2477 ab
421 2421 546 2495 epistolis
569 2421 658 2484 luerit,
680 2430 760 2494 atque
783 2419 918 2494 praedicta
935 2422 1050 2494 epistola
1072 2421 1167 2478 Felicis
1188 2423 1347 2478 auctoritate
1368 2439 1399 2479 ac
1420 2423 1542 2486 nomine,

274 2508 357 2580 ipsius
373 2506 473 2562 calante
489 2515 516 2561 et
531 2507 641 2580 ingenio
657 2508 756 2579 scripta
772 2507 816 2561 sit.
844 2505 931 2573 Quum
947 2514 1035 2561 antem
1051 2507 1117 2562 nibil
1135 2507 1234 2569 obstet,
1251 2508 1394 2579 quominus
1410 2509 1437 2563 id
1449 2508 1541 2582 ipsum

275 2593 344 2647 circa
359 2590 487 2665 epistolas
503 2590 561 2645 illas
577 2593 727 2665 contigisse
742 2592 898 2653 sentiamus,
923 2599 953 2646 ut
968 2592 1091 2646 nimirum
1108 2591 1204 2648 l'elicis
1220 2595 1328 2648 nomme
1343 2591 1375 2647 ad
1387 2592 1541 2649 Honorium

273 2678 378 2739 animae,
401 2684 496 2749 postea
511 2674 607 2731 Gelasii
622 2692 720 2731 aronren
736 2676 904 2736 retinuerint,
927 2677 988 2749 quia
1005 2677 1121 2751 scriptae
1136 2676 1168 2732 ab
1183 2677 1230 2733 illo
1247 2678 1365 2739 luerunt,
1386 2677 1449 2733 ideo
1466 2687 1542 2734 veto·

274 2779 333 2818 rum
349 2760 471 2817 codicum
488 2759 548 2815 fidei
564 2759 728 2817 haerendum
744 2768 771 2815 ct
787 2762 896 2817 Fausto
912 2764 1030 2817 consule
1041 2762 1213 2818 retinendum
1230 2778 1289 2817 esse
1305 2762 1438 2818 duximus.
1472 2762 1543 2819 ilinc

273 2855 301 2902 et
316 2846 491 2920 epistolarum
512 2844 617 2901 illarum
638 2847 749 2920 primam
768 2847 838 2902 sicut
854 2854 881 2902 et
896 2854 1064 2919 sequentem,
1088 2864 1167 2920 quam
1184 2865 1238 2903 uon
1255 2848 1337 2920 longe
1352 2855 1415 2921 post
1430 2849 1541 2904 missam

273 2948 333 2988 esse
348 2939 376 2988 et
392 2930 504 2986 lionorii
520 2931 683 3005 impatientia
699 2930 794 2986 suadet
814 2940 842 2987 et
857 2930 953 2986 Gelasii
970 2931 1073 2995 caritas,
1092 2931 1173 2988 Felici
1194 2934 1338 2988 restituere
1354 2932 1457 2989 liceret.
1488 2933 1541 2989 Vc·

273 3034 332 3072 rum
348 3033 430 3090 quum
447 3015 544 3072 Gelasii
559 3034 657 3073 neuneu
672 3033 736 3090 prae
752 3033 782 3070 so
798 3017 885 3071 ierant
900 3032 950 3072 nec
965 3016 1049 3072 ullum
1065 3025 1191 3091 appareat
1206 3018 1413 3078 incommodum,
1427 3019 1450 3073 si
1466 3020 1542 3075 iuter

272 3100 407 3175 pontilicis
431 3100 511 3171 bujus
526 3104 626 3176 scripta
640 3101 818 3164 collocentur,
834 3102 915 3156 irnruo
939 3100 1073 3174 quoddam
1088 3104 1124 3157 sit
1139 3102 1310 3158 commodum
1327 3111 1380 3158 tres
1396 3103 1540 3176 epistolas,

272 3204 338 3260 qrras
355 3195 458 3242 veteres
474 3186 581 3243 codices
597 3186 755 3258 conjunctas
771 3194 981 3260 repraesentant,
1005 3204 1128 3261 quaeque
1143 3187 1175 3242 ad
1191 3186 1310 3244 eamdem
1326 3188 1458 3244 baeresim
1473 3205 1541 3244 con·

272 3272 409 3328 lutandam
431 3273 547 3328 attinent
570 3272 651 3328 etad
673 3271 796 3328 eumdem
816 3273 953 3345 pertinent
973 3273 1142 3345 scriptorem,
1164 3273 1199 3327 ita
1221 3273 1356 3328 ordinatas
1378 3271 1479 3336 baberi,
1510 3283 1540 3329 ut

272 3358 400 3413 continua
415 3365 443 3413 et
458 3373 513 3412 nou
529 3359 680 3413 intermissa
694 3358 764 3412 serie
787 3357 841 3431 legi
857 3357 970 3430 possint,
991 3373 1035 3412 eas
1052 3357 1095 3413 hic
1109 3359 1262 3414 censuimus
1278 3356 1451 3414 extribendas.

520 3522 557 3583 In
579 3523 695 3584 Golasii
715 3539 817 3600 papae
840 3523 1001 3602 epistolem
1020 3523 1039 3583 5
1061 3520 1284 3624 („Mr'ransur“).

187 3645 260 3714 [Ed]
354 3642 501 3717 Epistulam
517 3645 585 3700 banc
599 3662 653 3701 non
670 3645 754 3719 longo
770 3653 832 3718 post
847 3647 1014 3719 superiorem
1031 3646 1172 3702 intervallo
1188 3644 1340 3719 ponendam
1356 3663 1416 3702 esse
1439 3656 1467 3702 et
1488 3649 1538 3704 ιιιι·

270 3729 398 3803 patientia
415 3728 526 3785 Honorii
542 3737 569 3785 et
585 3729 681 3785 Gelasii
697 3731 792 3786 caritas
808 3730 982 3804 persuadent.
1010 3730 1237 3799 Quemadmodum
1251 3733 1321 3787 enirn
1337 3734 1536 3796 caccnrmotio,

271 3830 323 3886 qua
339 3812 474 3870 Horrorius
491 3814 589 3870 Gelasii
609 3813 818 3871 admonitionem
840 3818 954 3914 excepit,
981 3834 1041 3872 eum
1059 3816 1158 3872 diutins
1177 3819 1311 3873 sustinere
1332 3834 1387 3872 nou
1403 3819 1537 3891 permisit,

213 3910 350 3972 quam
365 3898 414 3955 sibi
431 3898 462 3955 ab
478 3916 510 3956 eo
527 3899 903 3974 lactampntabat'nrjnrianu
929 3904 1007 3958 itaet
1026 3901 1159 3958 Gelasium
1176 3905 1244 3958 ursit
1259 3904 1364 3964 caritas,
1381 3911 1411 3958 ut
1427 3911 1537 3977 pertur-

270 3982 405 4041 bationem
420 3984 492 4042 illius
508 3986 704 4060 quamprimum
719 3985 834 4043 sedaret

491 4136 529 4196 In
550 4135 668 4197 (lelssii
688 4152 788 4215 papae
810 4135 971 4214 epistolam
992 4136 1010 4196 7
1032 4134 1125 4216 (,,ιιιι·
1135 4136 1305 4220 ριιιιιιι“).

203 4261 260 4328 [ιιι]
354 4257 485 4314 Vaticanis
508 4259 578 4333 typis
600 4275 670 4316 anuo
694 4259 773 4316 1591
799 4275 839 4316 cac
860 4266 966 4317 octatstc
994 4263 1092 4316 codice
1117 4261 1256 4317 Vaticano
1281 4263 1395 4335 primum
1423 4263 1534 4336 prodiit.

270 4339 331 4397 Earn
347 4342 378 4398 ad
400 4342 514 4428 alterum
535 4343 656 4415 ejusdem
677 4343 855 4401 bibliothocae
872 4346 1016 4420 exemplar,
1038 4346 1110 4419 qnod
1127 4347 1191 4402 olim
1207 4348 1363 4403 arnonasterii
1378 4367 1400 4402 s.
1416 4347 1491 4404 Petri
1508 4351 1536 4406 in

337 4573 356 4636 ¹)
374 4571 432 4625 Nec
449 4587 499 4625 uos
516 4591 589 4628 novo
607 4574 753 4629 cubatione
770 4574 899 4628 Vaticani
916 4581 981 4630 4961
1005 4576 1084 4630 nobis
1107 4577 1340 4654 supersedendum
1362 4576 1429 4641 rubi,
1452 4578 1537 4656 plura

269 4632 370 4692 menda
386 4639 504 4694 feliciter
522 4642 715 4695 submovimus.
737 4643 819 4721 liutto
833 4647 983 4697 Vaticanum
1000 4644 1077 4697 illum
1082 4644 1245 4703 Constantii
1262 4646 1306 4699 vel
1323 4661 1434 4722 prorsus
1447 4646 1536 4701 abram

268 4705 400 4827 podieelpa,
411 4710 466 4827 ιιι
484 4710 519 4762 ab
538 4711 700 4835 ιιιιιιιιιιιιιιιι
717 4710 769 4764 viri
787 4711 939 4766 doctissimi
957 4712 1032 4767 hund
1049 4730 1140 4781 aequa
1151 4713 1276 4768 sollertia
1288 4714 1461 4782 recognitum
1475 4732 1535 4770 esse

287 4791 354 4843 epse
375 4791 409 4828 en
429 4793 508 4830 smus.

348 4844 461 4906 )Imm0
479 4845 532 4898 boc
570 4846 661 4900 uidem
679 4864 710 4898 su
732 4865 763 4900 ru
781 4849 868 4901 solum
882 4848 915 4901 de
928 4847 1026 4902 Felicis
1039 4849 1163 4926 ιιιιιιιοιιι
1171 4853 1201 4903 lt
1219 4850 1397 4903 observabama
1415 4850 1466 4915 est,
1485 4852 1535 4906 sed

265 4911 383 4966 fortasse
400 4928 452 4981 pro
470 4914 532 4968 ιοιιι
549 4863 598 4968 iiio
616 4865 796 4984 epistoidrum
815 4916 939 4985 ejusdem
956 4917 1091 4987 temporis
1111 4917 1182 4971 serio
1200 4917 1304 4973 dictum
1321 4918 1405 4973 velet.
1427 4918 1506 4992 [Ed]
