3204 5506
227 346 290 412 526
704 364 732 409 s.
750 361 889 408 ananan
913 361 1024 406 PAPAE

229 538 382 594 eorrpruns
404 538 473 580 esse
495 516 658 595 narralmt,
688 516 742 598 qni
768 515 885 578 falsum
914 513 1081 578 sacerdotii
1112 534 1231 577 nomen
1260 512 1301 576 ab
1327 514 1399 597 eo²],
1438 523 1495 604 qui

226 632 382 697 paternos,
407 621 443 681 ut
465 620 533 700 ipse.
563 618 623 687 ait.
653 639 783 682 earmnes
810 623 1011 695 subverterat,
1043 615 1166 679 artibus
1194 615 1311 678 dolosis
1337 615 1391 679 sibi
1418 619 1489 704 ipse

228 722 432 803 imposuerat.
478 719 542 782 ‘Ha
564 719 689 800 Petrus,
714 719 751 782 de
774 741 835 802 quo
858 719 971 782 beatae
991 718 1162 781 memoriae
1178 715 1361 781 Timotheus
1380 720 1488 784 catha

230 822 320 903 licus,
344 825 380 884 ut
402 823 470 904 ipse
494 822 584 888 dixit.
606 835 807 901 paternorum
828 835 929 886 crustas
948 842 1110 902 cationum,
1134 818 1370 883 Alexandrinae
1387 836 1487 904 quon·

229 925 302 987 dam
325 923 476 987 ecclesiae
498 924 654 1008 pontifex,
679 924 719 987 ad
741 923 847 987 sedem
863 923 1069 1009 apostolicam
1091 922 1193 987 multa
1208 920 1319 986 retulit
1336 921 1491 986 deterior8

228 1047 324 1109 quarn
339 1026 484 1109 superius
501 1027 717 1107 continentur,
734 1047 879 1089 asserens
895 1025 1078 1109 specialiter
1094 1028 1127 1088 et
1143 1024 1310 1087 affirmans
1329 1023 1495 1088 inimicum

228 1127 313 1208 fidei,
343 1128 508 1191 inimicum
531 1126 835 1213 Calchedonensis3)
858 1127 970 1211 synodi
994 1149 1052 1210 per
1073 1148 1184 1190 omnes
1207 1125 1364 1190 exstitisse
1382 1111 1500 1189 intell·
1551 1132 1553 1163 ³

230 1230 336 1293 citatis
359 1234 501 1294 conatae.

313 1332 343 1396 5.
389 1330 470 1406 Quid
504 1332 604 1416 igitur
637 1333 728 1396 uobis
760 1331 943 1395 faciendum
975 1330 1045 1395 est?
1088 1329 1164 1394 Non
1199 1330 1352 1394 credimus
1376 1333 1414 1393 tot
1489 1318 1510 1379 ‘l

228 1434 330 1496 tantis
352 1437 516 1497 tantarum
539 1435 662 1497 sedium
684 1434 901 1498 sacerdotibus
909 1435 945 1519 ⁴),
970 1434 1024 1517 qui
1046 1455 1157 1497 ornnes
1171 1454 1237 1496 nno
1252 1453 1317 1514 ore,
1340 1441 1512 1495 arrone-1¹·

228 1556 324 1599 sensu
353 1534 514 1619 publicam
549 1541 581 1600 et
608 1537 740 1601 feralem
774 1535 932 1599 hnmanae
960 1535 1073 1599 sedatis
1100 1535 1238 1599 bestiam
1267 1533 1389 1598 Petrum
1411 1542 1514 1596 esst

230 1637 389 1709 dixerunt,
418 1638 452 1700 iu
476 1638 565 1721 cujus
589 1661 622 1703 se
646 1639 868 1702 communione
890 1637 1070 1721 perniciosa
1093 1637 1320 1721 conjunctione
1340 1627 1514 1699 suadent

230 1738 414 1802 daemonico
442 1740 556 1822 spiritu
585 1740 760 1804 infeliciter
787 1740 964 1803 sociaverat
992 1739 1147 1821 Aeacius,
1177 1738 1262 1803 male
1281 1759 1383 1802 rursus
1401 1726 1513 1800 sedl-

229 1840 330 1904 fieans
353 1840 435 1925 quod
458 1841 539 1906 bene
562 1841 787 1907 destruxerat?
830 1840 899 1905 Nec
927 1864 1006 1924 opus
1033 1841 1127 1925 plura
1155 1839 1232 1904 hinc
1254 1840 1371 1921 dicere,
1391 1850 1512 1923 quum

229 1942 419 2006 timentibus
441 1942 544 2006 Deum
567 1947 600 2007 et
621 1944 868 2009 formidantibus
898 1943 982 2006 diem
1000 1943 1116 2025 judicii
1142 1945 1175 2005 et
1198 1941 1361 2019 Ecclesiae
1385 1938 1512 2004 unita·

229 2047 295 2107 tem
317 2044 525 2129 diligentibus
555 2047 633 2109 satis
662 2049 833 2131 aperteque
864 2067 959 2109 eausa
986 2045 1029 2109 sit
1057 2044 1152 2109 clara.
1199 2043 1288 2109 Haec
1316 2044 1396 2109 enim
1418 2031 1512 2106 sola

229 2147 312 2210 ratio
335 2149 391 2216 est,
415 2169 495 2230 qnae
518 2149 674 2212 unitatem
698 2149 812 2212 dividit
834 2152 867 2210 et
890 2146 1093 2211 concordiam
1114 2145 1263 2231 dissipat,
1290 2146 1513 2230 quisquan·

229 2247 283 2310 diu
305 2249 598 2331 praevaricatorum
619 2250 751 2314 nomina
773 2250 811 2312 de
835 2249 981 2314 Ecclesia
1003 2271 1068 2312 non
1091 2247 1293 2329 miserantur,
1316 2248 1402 2332 pacis
1420 2240 1512 2309 via·

230 2349 335 2412 culum
357 2349 541 2415 nullatenus
563 2352 785 2437 redintegrare
808 2352 1009 2435 permittant.
1038 2349 1071 2412 Si
1095 2350 1181 2413 enim
1203 2349 1279 2414 licet
1300 2352 1517 2415 senarum

229 2450 279 2515 vel
308 2453 614 2517 communicatorum
645 2454 849 2537 lura-chene,
886 2457 922 2516 ut
949 2453 1013 2516 fuit
1045 2451 1114 2535 ejus
1146 2455 1288 2515 sectator
1315 2451 1422 2516 Petras
1487 2438 1519 2500 ‘i

231 2555 481 2619 eounnmricator
504 2557 654 2639 Aeacius,
679 2557 713 2619 in
737 2555 882 2619 lleclesia
904 2555 1036 2618 nomina
1058 2553 1229 2635 recenseri,
1254 2576 1312 2618 cur
1332 2555 1371 2618 de
1391 2548 1523 2617 secta·

229 2655 351 2718 toribus
374 2657 406 2719 et
429 2658 750 2721 corrrmmrieatoribus
773 2658 844 2721 Arii
871 2657 922 2721 vel
945 2661 1121 2721 ceterorum
1143 2654 1377 2720 haeretieorum
1396 2636 1529 2719 asiluili

229 2759 314 2820 sorte
336 2779 401 2821 non
424 2757 544 2823 liceat?
566 2761 619 2823 An
642 2761 774 2824 minoris
789 2760 965 2843 impietatis
988 2761 1021 2822 et
1042 2757 1194 2842 perfidiae
1209 2757 1374 2842 Eutyches
1393 2756 1531 2821 fuisse

153 2937 157 2955 Ι
228 2861 361 2941 putatur
382 2882 477 2943 quam
502 2861 622 2925 Arius?
644 2861 746 2927 Neruo
768 2861 829 2925 hoe
851 2861 978 2945 quidem
1001 2861 1071 2924 sani
1095 2860 1210 2944 capitis
1232 2859 1364 2925 audebit
1376 2859 1535 2950 dicer?

230 2959 263 3023 Si
286 2982 363 3045 ergo
385 2985 444 3044 par
467 2965 514 3025 est
536 2962 701 3045 impietas,
732 2986 790 3047 par
820 2964 862 3026 sit
891 2967 923 3026 et
951 2965 1157 3046 utrorumque
1184 2962 1372 3026 detestatio:
1398 2982 1444 3025 ne.
1505 2962 1537 3007 ⁸¹

230 3061 327 3125 semel
349 3063 423 3126 talis
446 3065 543 3128 fuerit
565 3065 749 3129 intromissa
772 3066 912 3145 licentia,
937 3064 1084 3128 omnibus
1100 3063 1215 3128 exinde
1237 3064 1347 3129 omnia
1365 3048 1538 3127 liceant·

230 3164 359 3249 fiatque,
384 3167 465 3250 quod
489 3166 583 3250 absit,
619 3171 685 3232 tam
715 3169 843 3253 passiva
870 3189 976 3230 rermn
999 3166 1143 3230 confusio
1172 3168 1268 3250 atque
1303 3152 1540 3231 committi⁰=

120 3276 215 3330 Erech.
230 3268 266 3329 nt
288 3267 377 3330 nulla
398 3268 484 3332 inter
507 3270 659 3333 mundum
682 3273 714 3333 et
728 3269 928 3333 immundum
951 3269 993 3331 sit
1009 3268 1182 3332 secundum
1198 3268 1389 3353 prophetam
1409 3252 1543 3331 cen*b

128 3351 208 3403 22326

212 3389 216 3398 ·
231 3368 389 3433 discretio.

314 3472 344 3534 li.
392 3471 460 3536 Nou
487 3478 535 3536 est
557 3475 683 3557 quidem
708 3479 835 3539 nostrae
857 3474 1050 3537 humilitatis
1072 3473 1110 3536 de
1138 3473 1239 3537 totius
1265 3474 1353 3539 orbis
1375 3473 1543 3538 disset·

299 3729 319 3794 2)
337 3728 437 3781 Acacio
460 3729 519 3798 ipso
543 3732 613 3783 teste
637 3729 716 3799 opust.
736 3740 751 3784 8
775 3730 811 3784 ad
834 3729 1017 3799 Simplicium,
1045 3728 1163 3782 arandum
1188 3729 1328 3784 tumulato
1351 3716 1540 3783 Timui-bd

230 3811 331 3865 heluro
343 3813 441 3866 Petrus
453 3814 481 3867 in
494 3816 711 3869 Alexandrinam
723 3814 824 3869 invasit
841 3822 938 3879 senem,
956 3836 1004 3868 ιιηο
1022 3827 1047 3867 ee
1064 3821 1119 3869 soto
1136 3826 1276 3881 praesente
1288 3827 1313 3869 ee
1325 3836 1368 3873 eo.
1385 3816 1447 3884 qn·
1462 3814 1537 3857 Μ·

229 3918 287 3949 arra
305 3904 370 3951 illius
388 3905 520 3953 insistebat
539 3907 660 3954 insaniae.
697 3901 745 3954 Cui
764 3899 884 3954 concinit
901 3918 956 3953 non
974 3898 1057 3952 modo
1076 3897 1202 3953 (talasius
1219 3900 1302 3954 tract.
1322 3908 1335 3953 l
1352 3918 1378 3953 n.
1396 3904 1435 3961 l,
1479 3874 1534 3937 Sd

231 3984 259 4035 ot·
277 3982 460 4053 Theophanes
483 3985 629 4055 chronogr.
648 4004 713 4054 pag.
735 3992 795 4047 lut,
820 3985 864 4038 ubi
884 3984 991 4039 scribit:
1020 3990 1071 4038 llic
1088 3988 1121 4037 ab
1142 4004 1190 4038 ano
1209 3992 1437 4055 episcopumque
1471 3986 1528 4039 Ρ*

229 4075 294 4120 rtter
316 4075 432 4137 deposito
455 4083 632 4124 consecratur:
656 4070 790 4137 Euagrius
809 4086 874 4124 vero
892 4070 919 4123 h.
940 4086 963 4121 e.
982 4070 1035 4136 III,
1053 4076 1085 4123 '20
1103 4069 1309 4140 Aegyptiorum
1325 4069 1361 4125 ad
1376 4060 1523 4122 Felicffl

229 4155 366 4207 memorat
383 4154 504 4217 litteras,
522 4153 551 4206 in
570 4155 669 4223 quilms
681 4161 772 4208 Panae
790 4177 805 4210 a
825 4159 921 4209 ‘latebas
938 4162 1015 4208 solean
1033 4160 1161 4223 episeopis
1179 4161 1291 4209 eamdem
1308 4176 1361 4209 eam
1376 4160 1423 4207 alo
1441 4146 1518 4197 '‘a‘'

228 4248 303 4291 resim
320 4245 499 4307 profitentibus
517 4253 618 4294 creatus
636 4245 774 4293 dirotano.
1466 4304 1478 4318 ⁶

296 4328 316 4391 ³)
336 4324 560 4381 Calchedoneme
573 4324 717 4379 concilium
730 4343 747 4378 a
761 4326 842 4379 Petro
860 4325 970 4393 publice
983 4324 1251 4379 rurrathematiaatum
1268 4325 1351 4381 fruma
1360 4322 1505 4387 Euam

229 4407 254 4461 h.
276 4426 298 4462 e.
318 4410 365 4472 ΠΙ,
387 4417 417 4463 lb
436 4412 465 4464 et
483 4411 629 4464 Liberatus
647 4409 765 4464 breviar.
785 4428 845 4479 cap.
862 4416 892 4462 18
909 4408 1032 4463 tradunt.
1466 4474 1478 4485 ⁸

295 4496 316 4561 ⁴)
335 4493 376 4547 Dc
390 4495 537 4549 Timotheo
550 4495 664 4559 heloro,
683 4512 802 4563 quocum
814 4495 913 4549 Petrus
925 4494 1044 4563 Mongus
1062 4512 1172 4566 semper
1183 4495 1412 4566 conjrmctinimm
1421 4477 1490 4541 fust

229 4578 421 4632 testimonium
439 4579 597 4648 hujusmodi
616 4580 752 4634 dedermrt
770 4580 845 4634 orbis
863 4579 986 4649 episcopi
1003 4580 1032 4633 in
1050 4580 1179 4649 encycliis
1194 4574 1485 4651 epistolisaalawess

230 4663 394 4731 Augustum.
431 4665 535 4719 Ambos
553 4666 732 4735 conjungens,
745 4664 925 4734 Symmachus
943 4682 1018 4733 papa
1036 4664 1116 4735 epist.
1132 4673 1163 4719 13
1179 4674 1237 4720 nst
1256 4668 1339 4721 vocat
1353 4654 1481 4719 eoebffl'

230 4747 287 4801 chia
310 4766 343 4801 ac
364 4748 489 4803 Dieuc-ori
511 4759 640 4807 uernulas.
664 4751 712 4804 sed
735 4762 853 4804 erectores
876 4762 901 4804 et
923 4758 1058 4817 accpisti-oe
1080 4770 1140 4805 anas
1161 4770 1239 4807 saeuo
1258 4772 1348 4807 errore
1362 4750 1476 4805 Μ’·

230 4831 289 4896 Quo
308 4833 382 4887 dicto
401 4833 523 4902 subjicit:
544 4839 617 4887 Illam
633 4840 783 4889 lt'ruotdeum
798 4841 921 4905 loquimur
935 4839 1107 4902 paniculum,
1126 4852 1159 4889 ac
1175 4836 1306 4906 proxime
1317 4833 1400 4891 addit:
1411 4830 1472 4897 αἵθ

231 4922 333 4971 Petram
351 4938 482 4987 seqrareem
501 4931 582 4971 notum
600 4925 717 4985 secer-ua!
736 4926 933 4974 ortlmdaaorum
952 4925 1075 4987 plurimae
1092 4926 1238 4989 passiones.
1461 4920 1464 4926 ’
