3204 5506
557 357 753 408 1111110111
778 348 965 409 lle-120.
1339 345 1400 410 921

123 513 283 578 beneficio
310 516 437 598 sceptra
465 513 613 596 sortitus,
640 513 714 576 fidei
744 534 855 577 causas
883 513 1018 600 arripuit
1046 514 1265 599 explicandas,
1300 519 1333 581 st
1360 517 1505 581 adame.

123 618 216 680 tuam
250 615 455 680 sanctitatem
482 615 580 680 missa
607 615 800 700 legatione²)
832 615 914 680 sedis
943 616 1135 701 apostolieae
1167 619 1399 702 promeruimus

124 717 306 782 sacerdotes
315 718 358 803 ³),
388 739 522 802 quorum
544 717 682 781 adventu
707 738 773 781 non
801 718 1003 783 mediocriter
1031 718 1168 783 adolevit
1195 721 1401 786 ecclesiarum

126 820 299 889 eoncordia
311 825 597 904 sacrosanctarum,
604 819 694 884 vohis
705 820 912 903 instantibus,
920 823 957 884 ut
968 821 1110 885 decebat.
1125 822 1235 886 Aeacii
1251 846 1398 909 namque,

125 922 212 1006 quod
235 921 401 986 dissidium
424 922 566 1007 gerebat,
590 921 720 986 nomine
743 923 888 1007 stirpitus
903 925 1078 1008 amputato,
1102 945 1160 1007 pro
1182 927 1295 990 tenore
1311 926 1401 990 libel-

124 1022 240 1108 lorum,
264 1045 343 1107 quos
366 1023 537 1107 direxistis,
560 1023 595 1087 in
617 1023 677 1088 hae
700 1024 777 1088 urbe
793 1026 883 1110 regia
904 1025 1074 1109 multisque
1095 1025 1277 1092 civitatibus
1292 1028 1401 1093 unitas

125 1127 237 1208 optata
258 1126 417 1209 provenit,
441 1147 535 1210 quam
558 1126 689 1190 summis
713 1126 876 1191 inventam
891 1126 1051 1191 laboribus
1074 1129 1221 1192 venerari
1238 1131 1399 1215 convenit,

124 1227 159 1290 in
183 1231 437 1311 perpetuumque
460 1227 612 1292 custodiri
634 1248 764 1292 necesse
782 1231 840 1292 est.
878 1227 967 1293 Haec
989 1228 1186 1312 quibuslibet
1201 1233 1400 1316 argumentis

123 1330 292 1393 retraetari
307 1329 464 1414 quispiam
479 1329 629 1413 patietur,
654 1351 733 1413 quae
748 1331 943 1414 sempiterna
957 1331 1107 1413 majestas
1122 1332 1184 1396 rite
1200 1335 1401 1418 composuit?

209 1431 241 1495 2.
277 1430 339 1495 Sed
361 1432 435 1516 quia
456 1452 625 1517 prosperos
649 1453 758 1495 cursus
785 1431 971 1516 frequenter
998 1432 1153 1518 impedire
1182 1434 1317 1500 festinat
1343 1438 1400 1500 hu·

123 1532 213 1597 mani
234 1533 361 1618 generis
384 1533 543 1617 inimicus,
567 1555 640 1618 pars
656 1532 868 1599 Orientalium
890 1554 956 1597 non
979 1535 1099 1599 exsiliis
1121 1540 1183 1600 n‘ee
1204 1537 1290 1602 ferro
1312 1537 1400 1603 flam-

123 1635 248 1719 misque
272 1635 419 1719 compelli
440 1639 558 1720 potest,
581 1640 618 1700 ut
632 1636 852 1720 episcoporum
867 1636 997 1700 nomina
1019 1641 1092 1721 post
1113 1639 1267 1703 Acacium
1289 1640 1400 1705 defun-

126 1725 252 1802 ctorum
268 1737 473 1802 condemnet:
490 1759 569 1822 quae
584 1737 757 1802 difficultas
772 1738 915 1823 generali
932 1739 1118 1804 concordiae
1133 1762 1238 1805 moras
1248 1741 1398 1809 innectit.

124 1838 288 1905 Sanctitas
310 1840 419 1923 itaque
441 1842 548 1904 vestra
571 1839 702 1904 coelitus
724 1840 881 1924 inspirata
902 1842 1083 1925 temporum
1105 1864 1273 1929 rerumque
1301 1845 1399 1930 quali-

122 1944 226 2006 tatem
255 1941 449 2025 consideret,
483 1945 517 2006 et
544 1941 764 2006 condemnatis
792 1942 887 2026 hujus
914 1942 1029 2006 erroris
1058 1945 1256 2029 auctoribus,
1290 1947 1323 2010 id
1351 1951 1400 2012 est

123 2043 245 2108 Aeaeio
269 2041 641 2129 Constantinopolitano,
670 2043 767 2108 Petro
795 2046 828 2109 et
852 2043 1020 2108 Timotheo
1042 2045 1162 2110 Aeluro
1191 2051 1224 2111 11
1245 2046 1399 2114 Dioscoro

123 2143 354 2210 Alexandrinis
370 2144 528 2231 Petroque
544 2145 759 2229 Antiocheno,
783 2145 877 2210 finire
895 2145 1081 2230 dignetur⁴)
1103 2147 1317 2214 inveteratum
1334 2173 1399 2215 eer-

123 2251 250 2330 tamen,
275 2245 313 2310 de
337 2251 514 2313 ceterorum
535 2248 719 2312 nominibus
741 2248 925 2330 quaestione
948 2248 1068 2332 sopita:
1090 2253 1126 2314 ut
1148 2250 1311 2316 redimatis
1332 2253 1399 2338 ple·

124 2350 198 2414 bem
221 2349 260 2413 de
279 2344 462 2434 sanguine,
492 2372 586 2434 quam
614 2349 700 2414 Deus
728 2352 837 2415 noster
864 2350 1037 2434 regendam
1065 2352 1238 2436 commisit,
1268 2375 1305 2418 ac
1333 2377 1398 2420 non

122 2451 400 2538 persecutionibus
422 2474 460 2517 ac
483 2473 593 2516 cruore
616 2452 671 2516 sed
692 2453 849 2537 patientia
870 2453 1057 2516 sacerdotali
1084 2454 1238 2539 populum
1260 2455 1398 2523 Domino

121 2557 235 2620 nostro
259 2554 450 2619 concilietis:
472 2576 524 2638 ne,
548 2554 623 2618 dum
646 2555 790 2619 volumus
813 2554 935 2618 animas
957 2554 1085 2638 lucrari,
1109 2560 1142 2621 et
1165 2579 1298 2642 corpora
1318 2559 1397 2623 mul-

123 2659 232 2722 torum
255 2656 423 2740 perdamus
446 2658 479 2720 et
500 2658 632 2721 animas.
678 2657 811 2722 Errores
834 2657 954 2721 etenim
981 2657 1149 2723 diuturnos
1172 2661 1306 2725 lenitate
1338 2662 1398 2726 cle-

121 2759 309 2843 mentiaque
332 2759 483 2823 convenit
512 2759 689 2842 emendari,
725 2760 895 2844 praecipue
929 2760 1003 2844 quia
1033 2764 1158 2826 vestrae
1190 2762 1398 2829 beatitudinis

121 2860 385 2946 praedecessores
393 2862 418 2948 ⁵)
442 2862 632 2945 saepissime
642 2862 811 2926 1011111111
825 2860 1017 2946 reipublicae
1032 2867 1160 2928 nostrae
1176 2864 1336 2930 antistites
1359 2867 1398 2930 ad

122 2985 216 3028 suam
238 2984 386 3027 revocare
410 2964 677 3047 communionem,
701 2964 728 3027 si
750 2964 971 3028 tantummodo
986 2967 1146 3029 taceretur
1161 2967 1299 3031 Aeacius
1316 2970 1397 3033 eete-

1412 899 1445 953 ef.
1457 915 1500 1021 ep.
1513 905 1536 965 t,

1414 974 1475 1024 aee
1501 973 1541 1022 61.

191 3221 213 3287 ²)
232 3217 319 3272 Grato
337 3217 468 3272 videlieet
486 3235 558 3273 anno
578 3224 627 3273 518
646 3217 690 3272 die
710 3224 725 3272 1
744 3216 917 3287 Septembris
936 3217 1084 3272 destinato.

190 3305 212 3372 ³)
230 3303 338 3373 Nempe
358 3303 540 3369 Germanum,
557 3302 726 3370 Johannem,
744 3303 882 3357 Blandum
900 3320 933 3357 ac
949 3303 1082 3372 Felicem,
1102 3303 1149 3373 qui
1166 3305 1314 3361 sub‘initia
1332 3308 1397 3362 anni

118 3396 172 3445 1119
192 3404 226 3442 ex
244 3387 319 3442 Urbe
337 3385 456 3456 profecti
474 3389 550 3453 sunt,
567 3385 702 3442 Dioscoro
722 3387 760 3442 eis
779 3387 896 3442 subinde
915 3387 1056 3457 adjuncto.

191 3475 212 3542 ⁴)
231 3473 291 3526 Hoc
307 3472 398 3542 ipsum
417 3473 446 3525 st
462 3471 586 3526 Justinus
604 3473 747 3541 epistile
766 3490 800 3528 ea
813 3473 970 3528 conditione
987 3473 1072 3543 petit,
1090 3485 1118 3528 at
1136 3481 1259 3546 quidquid
1276 3477 1315 3543 (iu
1327 3478 1396 3533 urbs

119 3557 212 3627 regia)
231 3563 374 3612 ordinatum
386 3569 425 3612 est
437 3563 468 3612 de
480 3579 559 3612 conso
576 3564 707 3626 reliyionis
724 3564 805 3627 deque
823 3565 919 3613 stultate
938 3562 1092 3613 celebranda
1110 3580 1164 3613 cum
1181 3568 1324 3629 apostolico
1335 3570 1396 3618 sede

117 3648 166 3698 stit
185 3646 338 3710 temporibus
354 3646 479 3697 1011111111
497 3641 630 3713 (episcopi
648 3642 973 3712 constantinopolitani),
993 3657 1109 3699 seruetur
1126 3650 1255 3700 immobile.
1292 3646 1397 3713 Quibus

119 3727 269 3784 concinens
281 3726 452 3782 Justinianus
468 3727 594 3797 proxime
609 3729 724 3797 negavit
742 3732 890 3799 quibrnlidet
907 3735 1062 3797 orpomsntis
1074 3737 1216 3784 retr-ueteri
1230 3752 1396 3802 persequere

117 3819 277 3882 sempiterno
294 3818 417 3880 majestas
435 3817 484 3866 rn‘ts
502 3818 649 3881 composuit,
692 3812 828 3878 Quocirca
844 3812 983 3880 Flaviae,
1005 3813 1166 3883 Euphemii,
1188 3815 1344 3872 Macedone
1362 3836 1395 3873 ae

118 3897 264 3953 Timothei
281 3895 395 3951 nomina
412 3914 427 3951 e
445 3896 530 3952 saeris
548 3896 700 3966 diptychis,
720 3901 750 3951 ut
768 3897 886 3952 vidimus
904 3897 985 3967 epist.
1002 3904 1035 3952 65
1053 3905 1122 3966 14,
1140 3898 1235 3955 deleta
1252 3902 1335 3957 ambo
1354 3922 1396 3957 re-

118 3983 217 4038 vocari
234 3982 340 4037 nolunt.
380 3982 416 4036 Et
434 3983 503 4037 haee
526 3982 639 4051 quidem
661 3981 765 4037 Justini
781 3982 985 4051 Justimanique
1008 3983 1037 4036 in
1060 3983 1103 4037 his
1125 3983 1226 4038 litteris
1251 3987 1395 4040 consensio

118 4086 168 4124 eas
186 4067 269 4121 simul
286 4066 384 4121 missas
403 4067 485 4121 trisse
504 4068 657 4121 confirmat.

191 4154 212 4221 5)
230 4150 462 4206 Praedeeessores
488 4150 587 4206 habuit
613 4152 763 4207 Hormisda
790 4152 943 4217 Gelasium,
970 4154 1160 4221 Ausetanum,
1188 4153 1393 4225 Symmachum.

118 4236 208 4306 Atqui
227 4235 353 4290 Gelasius
376 4237 456 4306 epist.
476 4244 509 4292 30
526 4254 600 4290 num.
620 4245 636 4291 5
653 4237 759 4291 Miseno
782 4237 985 4293 absolutionem
1008 4257 1064 4294 uon
1085 4239 1224 4310 impertit,
1246 4242 1299 4295 nisi
1321 4245 1395 4312 post-

118 4339 207 4392 quam
230 4320 478 4376 anathematizavit
500 4326 685 4391 Eutycleionam
707 4327 830 4376 haeresim
854 4339 916 4377 curn
938 4344 983 4380 suo
1006 4331 1103 4379 scilieet
1125 4336 1230 4380 auctore
1253 4330 1395 4395 Eutyctete

118 4419 145 4462 et
167 4413 226 4474 ejus
247 4417 375 4461 sectatore
401 4411 525 4461 Dt'oscoro
547 4414 587 4460 vet
607 4411 794 4462 successoribus
818 4414 875 4476 ejus
898 4420 974 4479 etque
996 4415 1246 4465 communicatoribus
1267 4415 1394 4468 Timotheo

118 4497 232 4556 Adoro,
246 4497 326 4547 Petro
339 4496 533 4556 Alexandrino,
550 4497 647 4547 Acasto
660 4497 954 4562 Constantinopolitano,
968 4500 1047 4548 Petro
1062 4499 1232 4558 Antiocheno,
1252 4505 1394 4551 cernetis-

118 4597 180 4648 que
199 4596 303 4632 eorum
325 4580 531 4644 octuplicitas
555 4587 584 4629 et
606 4583 929 4633 cotnnrunicatoribus.
967 4579 1047 4645 Quod
1065 4597 1130 4634 vero
1150 4581 1243 4649 exegit
1261 4580 1395 4650 astasius,

117 4662 173 4717 hoc
192 4662 220 4715 et
238 4659 419 4730 Symmachus
436 4662 603 4730 praesertim
622 4661 700 4732 epist.
717 4669 747 4716 13
765 4670 821 4717 n.8
839 4664 970 4733 postulat.
1006 4666 1104 4719 Restat
1121 4664 1207 4734 igitur
1224 4666 1394 4733 Anastasius,
1486 4711 1491 4724 .

117 4747 153 4802 de
177 4761 232 4815 quo
255 4763 310 4800 uno
334 4744 521 4799 Justinianuru
542 4746 632 4814 loqui,
661 4763 694 4800 ex
722 4745 841 4816 epistola
864 4755 912 4803 129
935 4767 961 4803 n.
986 4757 1001 4803 3
1022 4749 1123 4803 Justini
1147 4751 1175 4805 et
1198 4766 1241 4820 ep.
1263 4758 1310 4805 132
1334 4761 1393 4806 ne

115 4829 282 4892 Justiniani,
306 4831 335 4884 et
352 4832 500 4899 utrumque
524 4830 606 4898 hujus
627 4848 719 4901 papae
737 4832 830 4887 verbis
853 4833 889 4887 ad
907 4834 1085 4888 Anastasium
1104 4837 1260 4904 Augustum
1278 4836 1358 4906 epist.
1380 4843 1392 4890 1

117 4914 266 4972 scribentis
281 4913 367 4977 abuti,
386 4914 563 4970 manifestum
576 4916 626 4970 est.
656 4915 727 4972 Vide
740 4920 877 4974 amotata
894 4917 923 4973 in
935 4917 1082 4990 epistelam
1096 4925 1110 4975 1
1128 4919 1269 4977 1111111111
1284 4921 1311 4975 11
1328 4939 1355 4976 1.
1368 4927 1392 4978 4.
