3204 5506
406 816 667 914 MONITA
711 817 1007 916 PRAEVIA

692 1035 729 1081 ΙΝ

300 1190 533 1252 EPISTOLAS
556 1191 830 1254 ROMANORUM
852 1192 1121 1254 PONTIFIOUM

110 1360 340 1450 HILARL
382 1359 667 1455 SIMPLICII,
708 1361 925 1434 FELICIS
952 1362 1010 1454 Il,
1048 1361 1289 1454 GELASII,

136 1496 453 1569 ANASTASII
479 1497 539 1587 II,
574 1497 886 1588 SYMMACHI,
930 1497 1264 1572 HORMISDAE.

606 1687 806 1696 ——n—

536 1807 689 1880 Monita
714 1808 876 1901 praevia

380 1976 424 2047 iu
448 1973 600 2048 Hilari
626 2001 770 2071 papae
797 1977 1035 2072 epistolas,

243 2213 285 2274 In
306 2212 408 2275 Hilari
429 2213 622 2292 epistolant
644 2211 858 2296 (,,Σπονδὴν“,
881 2218 1032 2289 „Studium
1055 2213 1167 2297 mihi“).

147 2336 249 2393 Exstat
273 2338 301 2392 in
323 2336 411 2392 latinis
434 2337 570 2393 codicibus
593 2337 760 2394 collectionis
783 2337 1023 2401 Calchedonensis,
1052 2353 1084 2392 ex
1107 2336 1205 2410 quibus
1228 2340 1256 2393 in
1278 2329 1477 2399 cortid‘tltl

74 2423 201 2478 l'enetum
214 2440 242 2477 s.
260 2421 339 2476 llarci
356 2422 394 2478 79
410 2420 436 2493 (a
446 2421 594 2478 Balleriniis
610 2426 675 2480 coil.
683 2423 779 2479 XXII
780 2421 927 2496 signatum)
944 2423 1065 2478 traducta
1081 2422 1142 2477 luit.
1159 2422 1188 2478 ln
1204 2422 1340 2496 plerisque

73 2525 127 2563 tero
141 2506 290 2563 codicibus
306 2506 412 2562 Graecis
428 2505 549 2577 ejusdem
564 2507 732 2564 collectionis
748 2507 974 2564 Calchedoncnsis
990 2507 1171 2570 desideratum
1194 2516 1221 2563 at
1236 2509 1341 2564 aliote-

71 2593 131 2648 lerio
147 2595 262 2647 inventa
278 2592 330 2647 luit
345 2592 372 2646 iu
387 2591 494 2647 duohus
510 2591 683 2666 mssllegiis,
700 2610 732 2648 er
748 2591 845 2667 quibus
862 2610 920 2648 earn
935 2592 1019 2648 edidit
1034 2591 1339 2649 inllonurnentcccles,

71 2678 159 2733 tlraec.
185 2677 282 2733 tom.l
304 2694 366 2750 pag.
378 2677 428 2735 60.
474 2676 609 2751 Originale
630 2678 743 2734 latinum
766 2676 849 2749 hujus
865 2678 995 2751 epistolae
1011 2677 1180 2734 intercidisse
1196 2678 1339 2734 credimus

70 2760 176 2818 latinus
207 2763 282 2818 enim
304 2769 409 2824 textus,
433 2763 478 2835 qui
502 2770 641 2836 superest,
665 2771 743 2818 vetus
765 2765 856 2836 potins
878 2780 910 2818 ex
927 2762 1027 2819 Gracco
1050 2764 1239 2837 interpretatio
1261 2780 1340 2836 quam

69 2847 210 2921 originalis
235 2846 352 2903 ridetur.
390 2846 465 2904 Unde
488 2848 614 2904 chronica
629 2849 732 2904 notatio
756 2865 810 2904 non
826 2850 915 2904 minus
937 2850 965 2903 iu
981 2848 1082 2904 Graeco
1106 2865 1185 2921 quam
1207 2849 1234 2903 in
1256 2847 1340 2903 latino

68 2941 142 2988 textu
158 2932 253 2994 deest.
279 2949 358 3006 quam
379 2932 479 2988 latinus
495 2933 626 2989 collector
647 2951 754 3007 semper
777 2934 921 3007 supplevit,
945 2935 1052 3006 quoties
1076 2933 1206 3006 originale
1228 2933 1340 2988 latinum

69 3027 162 3073 uectus
179 3017 244 3072 luit.
280 3016 348 3073 lliuc
363 3017 464 3074 Graeco
480 3020 575 3081 textui,
600 3020 646 3091 qui
662 3019 800 3092 originalis
816 3020 900 3074 vicem
916 3019 996 3092 gerit,
1012 3019 1127 3092 primum
1142 3018 1242 3080 locum,
1259 3017 1341 3073 latino

67 3112 156 3158 ratem
172 3101 324 3157 secundum
337 3102 472 3159 Balleriuii
488 3105 516 3158 in
532 3103 650 3159 editione
666 3120 713 3158 sua
725 3103 793 3178 Opp.
806 3102 904 3159 leonis
920 3102 954 3159 ll.
972 3111 1037 3159 tom.
1050 3102 1061 3158 l
1076 3101 1208 3176 pag.925
1226 3101 1341 3157 vindica·

68 3197 174 3250 rerunt,
183 3204 255 3261 quos
270 3204 382 3260 prorsus
393 3189 542 3261 sequimur.
554 3187 703 3263 -Scripta
719 3205 782 3245 vero
798 3189 850 3244 luit
865 3189 931 3244 haec
946 3188 1068 3262 epistola,
1085 3204 1168 3260 quum
1180 3188 1222 3242 vir
1234 3185 1341 3241 Hilarus

66 3270 166 3328 honis
190 3273 299 3345 legatus
321 3290 353 3328 ex
369 3274 513 3346 impiorum
528 3272 726 3348 Ephesinoruur
742 3273 864 3330 rnanihus
880 3275 1017 3337 evasisset,
1039 3280 1066 3328 et
1082 3289 1135 3328 una
1150 3289 1211 3327 cunr
1226 3272 1297 3328 illim
1314 3279 1341 3324 ot

64 3357 165 3431 synodi
176 3356 313 3414 Romanae
328 3358 443 3431 epistola
450 3359 501 3415 ΙΙΙ
513 3359 584 3416 Idus
598 3359 729 3417 Octobris
740 3362 858 3417 Artorio
874 3366 901 3415 et
912 3360 1076 3433 Protoqene
1092 3358 1258 3415 consulibus
1273 3356 1302 3428 (i.
1316 3371 1340 3410 e.

65 3462 88 3497 a.
105 3443 184 3515 449)
200 3441 264 3498 data
280 3441 374 3514 (Leon.
391 3444 470 3517 epist.
487 3443 539 3516 45)
555 3443 587 3499 ad
602 3443 770 3502 Pulcheriam
786 3447 936 3520 Augustam
952 3445 1108 3501 transmissa
1122 3451 1174 3500 est.

181 3575 223 3636 In
244 3575 347 3636 Hilari
369 3575 514 3655 epistolas
535 3575 555 3637 2
578 3581 609 3639 ot
630 3577 650 3638 8
677 3574 804 3659 („Quum
818 3580 981 3656 pleraque“
1003 3590 1031 3637 et
1051 3573 1233 3660 ,‚Utinam“).

156 3701 185 3754 l.
210 3696 248 3753 Er
264 3698 377 3773 hegidio
393 3699 540 3764 Eucherio,
563 3699 641 3771 cujus
662 3701 754 3757 studio
775 3703 802 3757 in
819 3702 905 3757 lucem
920 3692 1089 3774 prodiere¹),
1112 3699 1272 3756 exhihentur
1293 3698 1342 3754 hae
1352 3693 1402 3761 [iti
1416 3690 1475 3760 Fid-l

68 3783 213 3859 epistolae.
264 3783 437 3840 Occasionem
464 3786 496 3841 iis
518 3784 641 3858 praebuit
664 3786 806 3842 vehemens
829 3785 987 3860 scrupulus,
1025 3803 1079 3859 quo
1101 3784 1155 3841 Leo
1178 3784 1224 3840 diu
1247 3784 1341 3839 stimu-

69 3870 138 3925 htus
168 3868 223 3924 luit
250 3870 320 3924 circa
347 3870 498 3944 paschalem
525 3870 586 3926 anni
615 3869 676 3928 455
700 3870 784 3935 them,
813 3873 840 3926 in
869 3888 922 3944 quo
951 3870 1119 3944 designando
1148 3886 1232 3943 quum
1258 3869 1342 3943 louge

68 3955 262 4017 dissentirent,
292 3971 358 4028 quas
381 3956 509 4012 hacteuus
531 3957 618 4011 secuti
647 3963 722 4011 eraut
746 3956 925 4012 occidentales
955 3973 1076 4030 quasque
1098 3954 1242 4011 orientales
1264 3972 1341 4027 prae·

67 4039 225 4096 exiliebant
247 4038 337 4111 leges,
367 4043 455 4096 omnia
478 4041 591 4095 tentavit
619 4040 747 4114 providus
770 4041 906 4114 pontifex,
938 4043 977 4096 uti
1007 4041 1151 4097 orientales
1173 4038 1206 4094 ad
1229 4055 1340 4100 morem,

67 4142 150 4199 quem
179 4126 208 4179 in
231 4123 371 4180 occidente
400 4133 538 4199 receptum
566 4125 706 4190 crcdehat,
736 4126 892 4182 adduceret.
938 4128 972 4180 ht
1000 4125 1066 4183 nihil
1096 4141 1275 4199 progressus,
1299 4124 1340 4179 his

70 4211 183 4266 unitatis
215 4216 241 4263 et
276 4210 348 4282 pacis
377 4210 467 4267 studio
500 4212 593 4285 potius
621 4228 700 4284 quam
730 4211 810 4267 ullius
837 4211 996 4267 nranilestac
1025 4211 1137 4266 rationis
1165 4210 1340 4283 persuasione

68 4293 223 4351 cedendum
246 4285 361 4367 duxit²).
399 4296 452 4351 Sed
475 4312 508 4351 nc
525 4295 589 4369 quid
605 4296 691 4351 simile
714 4298 740 4351 in
757 4304 897 4370 posterum
913 4297 1099 4371 contingeret,
1124 4297 1209 4350 rirum
1224 4294 1340 4368 aliquem

68 4380 220 4453 diligenter
232 4380 337 4453 exquiri
350 4382 485 4456 praecepit
496 4397 586 4436 rerum
600 4380 755 4452 hujusmodi
769 4382 895 4455 peritum,
912 4383 957 4455 qui
970 4399 1069 4438 norum
1079 4379 1195 4436 Paschae
1210 4397 1340 4436 canonem

141 4564 159 4619 ί)
178 4559 291 4628 Aegidii
302 4558 444 4613 Bucherii:
464 4563 503 4613 ne
515 4567 633 4615 doctrina
646 4572 782 4629 temperiem
794 4567 984 4615 commentorium
996 4568 1022 4616 in
1036 4567 1176 4616 Victoriam
1187 4566 1339 4631 Aquitaniam

68 4635 105 4695 (a
127 4633 206 4694 1564)
224 4628 268 4682 ed
287 4629 420 4697 Antverp.
440 4633 505 4682 1634
522 4645 587 4698 pag.
609 4635 670 4682 lss.

138 4698 159 4763 ²)
172 4696 231 4750 Leo
243 4694 325 4765 epist.
346 4700 394 4750 138
406 4694 442 4749 ad
460 4695 604 4767 episcopos
616 4696 723 4752 Galliae
741 4717 769 4751 sc
786 4704 870 4752 studio
887 4704 991 4752 unitatis
1009 4708 1034 4751 et
1051 4707 1134 4767 pacis,
1154 4696 1206 4765 itii,
1224 4704 1339 4752 nralnissr

68 4772 233 4819 orientum
249 4770 391 4831 definitioni
407 4773 582 4833 acquiescere,
639 4786 679 4818 am
701 4772 727 4818 in
750 4778 836 4819 tantae
852 4769 1001 4834 festivitatis
1023 4771 1185 4823 obseruantia
1207 4772 1338 4820 dissidere.

68 4832 209 4953 Siruilqiter
224 4832 255 4885 in
273 4849 288 4886 e
309 4831 354 4886 ist.
375 4838 423 4887 137
442 4833 471 4886 ch
488 4839 536 4887 142
555 4833 591 4888 ud
638 4833 741 4888 arcian.
760 4833 887 4903 imperat.
909 4834 985 4902 (edit.
1005 4832 1160 4902 Ballurin.)‚
1179 4835 1208 4886 rh
1221 4835 1339 4902 Prosper

70 4902 98 4957 iu
117 4923 134 4954 c
153 4899 250 4954 ronico
324 4917 347 4954 a.
368 4906 425 4954 455.

104 5004 265 5039 errorem
279 5003 383 5041 ronan.
398 5004 509 5040 rorrrr.
530 4991 549 5041 l.
1120 4999 1134 5050 1
