3224 5506
505 444 512 459 ι
546 374 755 425 munerun
774 377 897 424 rv-v.
1312 363 1354 430 19

137 544 198 598 uela
212 555 242 595 cc
254 543 342 610 parte
364 538 546 609 repudiando
567 541 636 608 sint,
662 554 701 594 ere
721 544 778 594 toto
798 541 883 610 firma
905 552 1046 594 essenon
1065 553 1151 609 posse
1171 540 1351 596 dicebantur.

138 626 187 681 inm
201 641 223 680 n.
236 622 251 679 3
271 624 310 678 ad
323 623 417 678 tbema
432 624 467 677 de
479 626 781 679 excommunicationis
795 625 906 680 vinculo
921 626 982 679 sine
997 624 1055 678 ullo
1070 629 1138 694 op'to
1152 639 1233 680 nescu
1249 631 1276 680 et
1291 629 1352 681 sine

134 712 209 766 idonea
220 709 420 765 introductione
436 711 585 764 transitur.
618 706 647 763 ln
662 710 694 764 iis
712 716 801 763 autem
816 708 885 765 n.9:
916 708 999 776 Quod
1016 708 1099 763 sedes
1113 712 1271 780 apostolico
1293 727 1351 765 non

135 797 241 850 emrmsit
252 800 301 849 etc.
318 792 349 848 ad
366 801 556 866 argumentum
577 794 655 867 primi
675 802 703 849 et
723 791 834 849 secundi
853 794 946 866 capitis
962 793 1082 855 reditur.
1105 808 1196 867 eaque
1218 795 1272 851 boc
1286 796 1350 851 loeo

130 895 250 950 perperam
261 882 369 934 inserta
384 885 460 934 sunt.
499 878 580 947 Quae
594 882 668 935 enim
682 882 711 934 iu
726 879 909 952 sequentibus
924 878 1067 950 capitibus
1082 880 1291 952 snbjiciuntur,
1313 881 1353 935 ad

128 967 269 1035 propositum
282 965 316 1019 de
331 964 526 1022 anathematis
540 966 653 1020 uinculo
663 967 821 1036 pertinent.
847 963 879 1019 Si
893 978 968 1031 uero,
985 964 1121 1036 inquiunt,
1137 967 1349 1021 animaduerta-

132 1056 174 1116 tur¹
183 1049 224 1105 bec
236 1051 398 1121 opusculum
409 1049 610 1122 imperfectum
626 1064 696 1119 esse,
710 1049 803 1121 facite
817 1051 1000 1121 intelligetur,
1014 1064 1069 1104 cur
1083 1051 1119 1105 de
1134 1050 1260 1105 omnibus
1275 1054 1350 1105 ratio

131 1134 270 1204 effeminem
279 1138 382 1206 possit.
419 1132 518 1190 Deinde
539 1142 628 1189 autern
646 1133 701 1204 jaan
723 1136 750 1190 in
771 1132 989 1189 antecedentibus
1011 1131 1070 1188 n.4
1085 1132 1257 1190 Constantius
1275 1132 1349 1189 iilum

130 1225 239 1273 conterius
255 1217 394 1292 quemdam
414 1220 481 1274 satis
504 1218 618 1275 feliciter
639 1218 768 1276 ostendit.
804 1210 931 1275 Similiter
951 1219 1031 1274 etiarn
1046 1218 1179 1274 ballerinii
1198 1218 1349 1279 advertunt.

131 1301 171 1356 rlno
186 1305 253 1375 prinu
272 1305 356 1378 capita
377 1305 414 1358 ita
434 1304 467 1359 ad
488 1303 611 1377 opusculi
632 1306 718 1360 nostri
737 1317 849 1377 scopum
869 1304 1023 1359 concinnari
1037 1319 1132 1376 posse,
1161 1305 1184 1358 si
1205 1303 1349 1360 orientales

130 1389 253 1458 opposuisse
266 1396 414 1451 sumantur,
429 1390 568 1445 anatliema
583 1391 611 1445 iu
621 1389 745 1445 Acacium
760 1406 793 1445 cx
804 1387 1132 1462 synodlCalchedonensis
1144 1387 1253 1445 decreto
1266 1388 1348 1444 latum

129 1471 222 1528 sicsolri
233 1489 320 1547 posse,
343 1480 373 1529 ut
394 1489 480 1529 canon
501 1472 621 1544 ejusdem
635 1473 732 1547 synodi
746 1474 779 1530 de
795 1472 1104 1547 Constantinopolitanae
1119 1472 1191 1530 sedis
1206 1490 1349 1547 praeroga·

130 1556 175 1610 titis
186 1573 198 1610 a
209 1555 319 1614 liomanis
334 1556 508 1632 pontificibus
523 1559 629 1615 solatus
645 1561 690 1615 sit.
712 1558 740 1615 Si
755 1576 809 1614 non
824 1558 1004 1615 intercidisset
1020 1559 1142 1632 opusculi
1154 1559 1268 1622 initium,
1284 1559 1349 1613 llaec

129 1655 177 1694 sate
188 1643 334 1699 manifestius
356 1650 490 1718 paterent.
522 1643 550 1700 ln
566 1643 623 1699 aliis
638 1646 661 1700 si
679 1660 772 1700 revera
787 1652 930 1700 contextus
945 1661 1001 1699 non
1021 1652 1160 1717 appareat,
1183 1645 1244 1717 quia
1265 1645 1348 1699 inter·

129 1724 193 1780 media
204 1728 354 1792 exciderunt.
371 1746 426 1784 non
441 1728 502 1784 inde
514 1728 568 1799 jam
584 1729 617 1785 de
633 1731 717 1785 tutius
733 1729 856 1803 opusculi
871 1730 1027 1803 integritate
1042 1726 1217 1784 dubitandum
1233 1737 1284 1784 est.

192 1811 214 1867 l.
227 1811 372 1869 Secundum
383 1823 411 1868 et
424 1815 535 1870 tertium
548 1815 594 1869 viri
606 1816 769 1889 sagacissimi
778 1822 968 1889 argumentum
981 1812 1058 1876 cadit.
1071 1815 1094 1868 si
1106 1830 1186 1888 quam
1197 1805 1243 1869 ille
1254 1821 1346 1869 contra

129 1895 219 1952 anunm
231 1898 346 1955 codicum
361 1899 535 1954 auctoritates
551 1897 631 1955 Felici
653 1898 773 1955 attribuit
788 1898 929 1974 epistulam
945 1898 1050 1955 Gelasio
1070 1900 1267 1954 restituerimus
1287 1897 1347 1970 (sci-

129 1977 251 2053 buthajas
264 1982 392 2057 epistl).
422 1982 592 2058 Quapropter
606 2001 703 2058 quum,
719 1993 751 2040 nt
765 1992 838 2041 recte
853 1997 964 2041 monent
979 1983 1058 2039 iidem
1073 1983 1216 2047 Ballerinii,
1237 1985 1264 2039 in
1280 1984 1347 2038 anti·

128 2064 231 2135 quissinis
243 2067 445 2125 collectionibus
461 2077 542 2143 atque
557 2067 706 2132 codicibus,
723 2071 770 2143 qui
785 2087 798 2125 a
811 2068 907 2125 Gelasii
923 2086 987 2124 aevo
1003 2067 1137 2125 modicum
1153 2067 1261 2130 distant.
1277 2067 1347 2123 idern

128 2151 252 2219 opuseulum
265 2155 327 2210 huic
342 2152 463 2227 pontifici
484 2152 664 2219 adscribatur.
687 2153 827 2228 eidemque
848 2162 905 2210 turn
925 2155 1048 2210 materies
1069 2161 1128 2208 tum
1148 2154 1298 2208 sententiae
1319 2168 1348 2206 ac

127 2232 185 2289 stilus
196 2240 352 2300 conveniant.
363 2237 569 2309 justedubitan'
584 2242 686 2313 nequit.
700 2241 765 2313 quin
780 2257 812 2296 ex
827 2239 933 2296 selredIs
949 2238 1007 2311 ejus
1019 2247 1138 2293 sumtum
1149 2237 1240 2293 luerit.
1266 2236 1348 2293 Forte

128 2332 185 2382 tuo,
196 2321 285 2379 addunt
298 2323 379 2379 iidem
394 2324 490 2380 iratres
506 2324 654 2381 doctissimi
669 2326 696 2380 in
711 2326 798 2398 iisqne
814 2323 928 2381 libenter
943 2332 1063 2379 nostram
1074 2324 1235 2379 sententiam
1250 2322 1348 2377 adscri-

128 2399 202 2468 bun,
214 2425 288 2481 quum
303 2411 332 2465 in
347 2408 442 2464 iisdem
458 2408 564 2465 schedis
580 2426 635 2466 uon
650 2418 722 2465 esset
737 2409 896 2484 perlectum,
918 2408 964 2464 sed
980 2410 1065 2483 prima
1082 2425 1160 2464 manu
1175 2416 1296 2482 paratum
1312 2415 1348 2468 et.

128 2485 183 2544 utbt
193 2492 215 2548 in
228 2492 355 2564 ejusmodi
371 2492 481 2557 letibus,
497 2494 599 2568 aliquot
614 2496 744 2569 separatis
760 2495 831 2550 loliis
846 2497 976 2568 scripturn
992 2511 1041 2550 nec
1056 2495 1164 2549 omnino
1180 2501 1348 2567 compactum

128 2577 186 2644 tique
197 2594 345 2642 munerum.
368 2578 499 2636 collector
513 2596 568 2636 non
583 2596 676 2636 omnes
690 2588 780 2655 partes
796 2588 890 2636 nactus
906 2588 961 2643 est,
983 2579 1046 2635 alias
1062 2588 1151 2634 antem
1167 2596 1232 2652 quas
1248 2578 1349 2634 invenit

128 2657 192 2714 ranna
203 2670 255 2737 apte
272 2663 414 2738 disposuit.
886 2702 891 2723 .
1258 2672 1261 2679 “

188 2745 211 2803 8.
237 2748 274 2805 td
289 2757 395 2824 tempus
411 2750 484 2823 quod
499 2752 608 2814 attinet,
633 2759 763 2824 quantum
784 2768 817 2807 ex
838 2749 932 2806 ordine
953 2765 1043 2806 rerum
1064 2759 1202 2824 gestarum
1223 2749 1349 2824 angurari

127 2822 184 2891 licet,
200 2835 310 2890 antenor
330 2851 386 2892 non
402 2843 445 2891 est
466 2837 498 2891 iis
519 2837 641 2909 scriptis,
662 2835 758 2910 quibus
773 2835 870 2911 probat
885 2835 1005 2891 Gelasius
1021 2851 1089 2891 nova
1103 2853 1159 2891 non
1175 2851 1243 2909 opus
1265 2834 1348 2890 inisse

127 2914 216 2981 ruodo,
235 2936 285 2992 qua
305 2921 408 2983 Aeacii,
427 2928 523 2995 utpote
544 2920 769 2977 Calchedonensis
785 2921 892 2977 cuncilii
906 2923 1038 2976 sententia
1052 2920 1247 2995 praedamnati,
1271 2936 1349 2974 cansa

127 3009 315 3144 ffltppscerptnm
337 3005 459 3080 adeoque
479 3005 602 3081 epistolis
618 3004 657 3064 26
673 3015 700 3062 et
715 3006 754 3063 27
770 3023 862 3064 mense
876 3005 1021 3063 Februario
1037 3008 1098 3061 anni
1113 3005 1174 3063 495
1189 3005 1349 3078 conscriptis

127 3095 164 3151 {²⁰³
185 3088 230 3144 tlut
251 3091 298 3146 nit.
1082 3094 1087 3102 '

286 3275 326 3336 In
348 3275 466 3337 Galerii
485 3292 586 3354 papae
607 3279 776 3338 mactatum
791 3276 824 3336 V
846 3271 923 3356 („De
937 3271 1146 3358 Pelopianis“).
1252 3293 1254 3297 ’

191 3393 212 3450 1.
235 3397 256 3454 13
271 3407 402 3455 tractatus
417 3415 433 3454 e
448 3407 555 3455 vetusto
571 3398 663 3456 codice
678 3400 802 3455 Vnumne
820 3398 969 3474 descriptus
985 3398 1083 3455 liomae
1098 3401 1213 3473 primam
1228 3399 1348 3472 proxime
1360 3397 1419 3469 [ai]

129 3483 174 3543 post
185 3483 308 3552 epistolam
325 3484 343 3542 6
366 3482 463 3540 Gelasii
484 3483 516 3540 ad
538 3485 679 3559 episcopos
699 3501 749 3559 per
763 3483 888 3540 Picenum
908 3486 1072 3541 constitutos
1093 3493 1135 3540 est
1156 3483 1254 3540 editus.
1298 3483 1348 3550 Qui

130 3553 184 3615 locas
201 3568 221 3621 ei
237 3571 318 3644 magis
339 3577 453 3644 propter
466 3568 623 3626 affinitatem
638 3571 762 3626 materiae
777 3569 855 3625 datns
870 3577 920 3636 est,
937 3586 1016 3644 quarn
1032 3569 1104 3643 qnod
1120 3569 1152 3625 ad
1167 3569 1276 3625 eosdem
1294 3571 1349 3642 cpi·

131 3654 201 3718 ”tuos
213 3652 259 3709 ulla
272 3657 375 3711 ratione
390 3656 547 3728 pertineret.
573 3655 603 3711 ln
617 3655 671 3711 hoc
685 3657 755 3711 enim
771 3663 885 3710 tractatu
900 3654 1021 3710 Gelasius
1037 3671 1093 3717 eos,
1110 3656 1156 3728 qui
1171 3654 1305 3710 hominem
1319 3656 1347 3708 in

132 3723 216 3822 busita
226 3740 278 3796 sine
291 3747 403 3815 peccato
419 3757 450 3795 ac
464 3741 522 3796 sine
534 3741 607 3797 omni
617 3740 748 3797 humanae
759 3738 921 3796 infirmitatis
934 3741 999 3796 vitio
1010 3756 1070 3795 esse
1082 3757 1163 3814 posse
1173 3737 1347 3800 affirmabant,

132 3817 157 3866 ¹²²
167 3824 311 3894 regnatur.
334 3833 365 3882 nt
379 3823 494 3881 necdum
509 3823 559 3881 sihi
574 3826 639 3881 satis
654 3835 822 3899 compertum
837 3842 897 3881 esse
911 3824 1059 3900 significet,
1081 3826 1234 3900 propriisne
1249 3824 1347 3881 viribus

133 3909 154 3950 ²0
163 3902 207 3960 tolo
218 3907 294 3967 libero
310 3909 431 3973 arbitrio,
446 3926 480 3965 an
494 3909 541 3966 llei
555 3926 666 3966 munere
682 3919 710 3966 et
725 3909 823 3966 Christi
839 3912 925 3985 gratia
935 3911 1071 3967 hominem
1082 3909 1113 3965 ad
1126 3912 1194 3966 hanc
1205 3909 1348 3984 perlectio-

133 3994 177 4038 liffl
187 3997 306 4062 munire
318 4012 409 4073 posse,
425 3995 453 4050 hi
467 3994 669 4053 arbitrarentur.
690 3995 720 4051 ln
735 3995 849 4070 epistola
862 4004 952 4051 antem
968 3997 986 4053 6
1002 4013 1049 4051 eos
1065 3996 1178 4066 relutat,
1196 3997 1241 4069 qni
1257 4011 1348 4069 quem·

134 4079 171 4137 ine
185 4081 321 4147 pusulam
341 4080 456 4137 liberum
477 4078 616 4137 arbitrium
637 4079 709 4136 bono
730 4081 893 4156 suffragante
914 4089 1024 4136 naturae
1044 4079 1151 4137 beatum
1172 4079 1242 4135 eiirci
1267 4096 1348 4153 posse

135 4164 200 4222 aene
212 4165 395 4237 praedicabant.
411 4165 510 4222 Deuade
522 4166 594 4222 hunc
605 4167 725 4240 suscepit
735 4173 885 4228 tractatum,
902 4180 985 4241 quum
995 4167 1047 4240 ipsi
1057 4165 1200 4240 ampliores
1211 4165 1245 4220 de
1256 4164 1348 4219 eadem

136 4248 157 4290 11
166 4238 338 4309 disemum
353 4267 450 4327 parare
464 4268 495 4307 ac
508 4251 630 4324 polliceri
646 4253 699 4308 rita
708 4253 807 4308 comite
819 4251 920 4315 liceret,
936 4251 1058 4325 adeoque
1070 4268 1153 4326 quarn
1165 4249 1265 4321 majore
1277 4249 1348 4305 irue·

136 4329 190 4380 reta
200 4334 256 4398 otio,
271 4354 348 4411 mam
363 4353 447 4411 mum
462 4338 549 4393 totius
564 4337 689 4394 ecclesiae
706 4353 797 4393 curam
811 4339 947 4393 sustinere
961 4338 1060 4410 coepit.
1087 4335 1161 4393 Unde
1176 4337 1270 4391 saltem
1285 4351 1348 4391 rrum

137 4412 279 4478 nstitutum
293 4421 351 4493 ejus
367 4429 495 4478 naeuius
510 4425 562 4480 iste
576 4424 752 4497 praecesserit
767 4439 865 4486 necne,
886 4423 1020 4478 incertum
1040 4430 1090 4478 est.
1124 4422 1158 4476 nt
1173 4421 1312 4495 epistolam
1330 4420 1347 4477 6

139 4489 162 4545 ‘b
173 4511 196 4552 ⁸⁰
205 4500 248 4571 iam
260 4505 383 4580 pontifice
397 4509 525 4581 scriptam
540 4507 624 4564 inisse
639 4517 681 4564 est
696 4506 883 4564 indubitatum.

199 4584 222 4642 2.
246 4589 371 4658 Quorsum
392 4609 470 4657 vero.
491 4595 595 4669 inquiet
616 4593 688 4650 iorte
708 4609 763 4649 nou
784 4609 878 4657 nemo,
898 4595 927 4649 in
942 4609 1023 4666 opere
1038 4591 1165 4648 adversus
1180 4591 1349 4667 Pelagianam

142 4656 237 4729 ltaaim
248 4677 370 4752 inscripto
384 4678 418 4735 de
433 4679 640 4740 resurrectione,
656 4679 725 4735 circa
736 4695 816 4753 qnam
831 4677 921 4735 nullus
933 4677 1082 4752 Pelagianis
1098 4694 1175 4746 error
1186 4676 1348 4739 attribuitur,

142 4751 181 4804 1⁸²1
191 4759 280 4830 copiose
293 4762 414 4819 disseritl
450 4762 477 4819 Si
492 4772 580 4820 umen
594 4765 712 4839 penitius
727 4763 890 4838 despiciatur
903 4780 1003 4837 scopus
1018 4762 1104 4825 illius,
1126 4759 1158 4817 ab
1179 4779 1212 4818 eo
1228 4762 1350 4817 aberrare

144 4832 192 4890 tulli
203 4840 321 4903 matta.
355 4848 393 4903 td
414 4865 471 4904 earn
486 4851 556 4906 enim
571 4850 757 4923 quaestionem
772 4848 805 4905 de
826 4851 912 4905 carnis
927 4850 1093 4923 spiritusque
1107 4863 1213 4922 pugna,
1236 4863 1314 4922 quarn
1335 4863 1349 4900 a

145 4930 226 4987 puato
238 4939 313 4987 ortam
326 4941 352 4988 et
366 4951 381 4988 a
395 4951 447 5009 qua
461 4936 594 4991 neminem
609 4937 636 4991 iu
653 4935 701 4990 bac
715 4935 768 4989 vita
783 4934 896 4991 liberum
908 4952 967 4991 esse
981 4934 1039 4989 inse
1051 4932 1177 4989 universus
1192 4931 1349 5006 Pelagianos
