3204 5506
507 390 700 443 ammonia
725 384 828 440 1-3.
1240 375 1303 442 655

100 567 195 611 mem
218 545 395 628 custodiat,
419 528 521 611 frater
544 547 721 612 carissime!
767 546 852 610 Data
874 545 967 632 subl)
990 545 1041 610 die
1062 545 1126 610 XII
1148 545 1410 616 calendereos.
1486 629 1488 632 Α

100 649 250 733 embris,
273 652 348 733 post
370 648 571 713 consulatum
592 648 719 713 Paulini
741 648 801 712 riri
825 648 1002 713 clarissimi.

550 869 732 974 Epistola
759 869 793 953 3

100 1021 320 1106 Symmachi
344 1038 455 1106 papae
477 1020 521 1087 ad
543 1021 719 1089 neonium
740 1020 989 1089 Arelatensem
1011 1022 1226 1106 episcopum.
1318 1044 1441 1100 asooo

100 1164 340 1229 emanataqua
358 1163 513 1213 Anastasius
529 1178 600 1227 papa
617 1165 643 1213 in
657 1164 796 1212 Viennensi
811 1164 985 1213 controversia
1002 1164 1145 1222 innovaret,
1165 1163 1271 1228 antiqua
1322 1111 1440 1183 wsept'

362 1249 432 1298 sedis
449 1250 607 1312 apostolieae
626 1249 730 1298 decreta
748 1248 881 1299 obseruari
895 1247 976 1311 patet.

189 1379 466 1445 Dilectissimo
488 1380 611 1444 fratri
634 1380 788 1444 Aeonio
811 1379 1079 1464 Symmachus.

118 1498 312 1564 Dilectionis
339 1502 414 1563 tuae
435 1499 560 1563 litteras
583 1501 797 1584 mandataque
825 1499 892 1564 filio
920 1502 1030 1564 nostm
1059 1498 1302 1584 (irascentium)

100 1602 230 1686 sbytero
257 1601 459 1666 internuntio
489 1600 653 1665 deferente
680 1602 891 1685 suscepimus,
921 1601 1035 1685 quibus
1065 1603 1191 1664 constat
1218 1600 1304 1664 inter

100 1703 261 1768 latensem
276 1705 309 1767 et
323 1701 542 1767 Viennensem
564 1703 731 1768 ecelesiam
746 1703 873 1788 aliquod
884 1704 923 1768 de
938 1702 1124 1767 ordinandis
1147 1702 1304 1791 episcopis

100 1805 210 1870 ricinis
232 1805 417 1870 civitatibus
439 1804 515 1869 oriri
537 1804 716 1869 luctamen:
739 1805 795 1869 illa
817 1827 851 1870 re
873 1805 1019 1870 videlicet
1040 1805 1196 1887 faciente,
1221 1804 1304 1888 quod

100 1929 184 1972 assor
194 1909 305 1972 noster
317 1910 449 1972 sanctae
463 1906 693 1971 recordationis
705 1908 911 1989 Anastasius,
923 1909 1068 1970 tractans
1085 1905 1303 1970 confusionem

100 2009 231 2093 rinciae,
255 2009 364 2093 aliqua
387 2012 498 2072 contra
519 2009 693 2089 veterem²l
710 2008 972 2074 consuetudinem
982 2007 1116 2092 jusserit
1131 1995 1302 2091 observari,

100 2132 238 2176 essorum
261 2132 391 2174 suorum
412 2107 563 2175 videlicet
584 2111 835 2193 ordinationem,
860 2110 944 2196 quod
966 2132 1032 2174 non
1055 2110 1223 2194 oportebat
1244 2109 1303 2174 sub

100 2212 179 2278 libet
200 2212 409 2294 necessitate,
436 2213 688 2298 transgrediens.
739 2211 824 2277 Nam
846 2213 922 2276 dum
944 2212 984 2275 ad
995 2211 1165 2277 Trinitatis
1188 2214 1309 2293 instar„

100 2335 134 2378 rs
157 2337 220 2380 una
251 2317 418 2398 astatque
446 2314 610 2379 individua
631 2317 790 2399 potestas,
820 2337 919 2379 uuum
940 2314 984 2379 sit
1004 2335 1062 2397 per
1083 2313 1225 2378 diversos
1248 2337 1303 2378 an-

100 2415 158 2481 ites
184 2416 413 2499 sacerdotium,
443 2416 708 2500 quemadmodum
735 2417 877 2500 priorum
905 2420 1027 2481 statuta
1055 2416 1302 2500 asequentibus

100 2521 188 2584 venit
210 2518 347 2583 violari?
391 2517 464 2582 Huc
480 2518 613 2600 aceedit,
637 2519 748 2604 quod³)
772 2513 851 2583 haec
874 2518 899 2582 si
923 2519 1051 2582 eveniat
1072 2518 1304 2582 sententiarum

100 2617 191 2706 letas,
227 2621 266 2685 ad
295 2621 399 2705 ipsam
427 2623 665 2684 sacrosanctam
693 2620 884 2685 catholicam
920 2619 1109 2705 religionem
1146 2620 1303 2685 cresimus

100 2720 215 2789 tinere:
240 2722 333 2806 cujus
354 2722 458 2786 omnis
482 2725 625 2807 potestas
646 2723 853 2808 infringitur,
878 2723 941 2787 nisi
963 2723 1123 2805 universa,
1147 2723 1261 2807 quae')
1286 2744 1304 2785 a

100 2822 168 2890 nini
189 2824 409 2891 sacerdotibus
432 2825 530 2888 semel
552 2827 753 2908 statuuntur,
777 2834 930 2910 perpetua
952 2823 1049 2889 sint'
1072 2823 1198 2909 Quod)
1223 2824 1302 2888 alias

100 2923 227 3014 tingere
250 2927 383 3011 poterit,
414 2925 440 2989 si
463 2948 626 2991 successor
648 2927 822 2991 decessoris
844 2926 968 2990 actibus
990 2948 1055 2990 non
1082 2925 1231 2989 tribuerit
1252 2926 1304 2989 fir-

100 3026 192 3115 stem,
217 3034 250 3094 et
271 3027 449 3093 roborando
464 3050 544 3113 quae
560 3032 652 3114 gesta
667 3032 753 3112 sunt,
777 3027 878 3092 faciat
892 3037 963 3092 rata
978 3051 1046 3093 esse
1061 3050 1143 3112 quae
1155 3028 1300 3114 gesserit.

100 3132 166 3199 aa
188 3133 274 3214 enim
296 3130 424 3196 vicariis
446 3130 621 3196 beatissimi
642 3130 731 3195 Petri
753 3129 889 3214 apostoli
907 3131 1105 3215 judicabitur
1126 3153 1195 3195 esse
1216 3152 1302 3195 reve·

100 3311 340 3331 N————-—

100 3426 123 3497 Β)
142 3437 188 3493 Ita
203 3437 337 3492 L¹e³o¹¹.
372 3436 445 3492 Ιιό5
462 3441 506 3490 sub
525 3444 566 3493 die
584 3441 642 3502 111,
661 3437 694 3492 L²
711 3441 756 3490 sub
774 3442 815 3491 die
837 3440 885 3491 VI.

100 3513 121 3582 ¹)
139 3520 160 3578 b
180 3526 327 3578 &essentis
398 3528 519 3577 ianuario.
559 3522 652 3576 Etiam
670 3522 701 3576 L¹
715 3522 747 3576 Ιι3
770 3527 796 3576 in
819 3529 919 3590 nuntio,
947 3520 1017 3577 sicut
1034 3536 1099 3576 mox
1114 3522 1148 3576 L¹
1166 3529 1192 3576 in
1209 3527 1303 3577 Areia·

100 3617 136 3657 m.
237 3638 245 3652 .

100 3682 120 3752 ²)
139 3690 173 3746 L¹
185 3691 219 3746 L¹
237 3704 355 3753 ueterum,
373 3709 493 3761 moxque
510 3693 542 3746 L¹
562 3715 634 3763 quam
653 3713 702 3748 non
720 3697 864 3763 oportebat.
899 3694 931 3747 In
949 3709 983 3748 ea
1000 3691 1063 3763 ipse
1078 3691 1243 3749 Viennensis
1261 3710 1303 3748 eo·

100 3782 135 3827 ae
155 3794 240 3833 causa
252 3776 314 3846 jam
331 3775 384 3830 sibi
403 3776 552 3847 obreptum
564 3777 675 3833 Hilarus
687 3796 763 3849 papa
780 3773 858 3849 epist.
871 3785 902 3832 12
921 3776 1080 3843 declaravit,
1098 3792 1216 3845 moxque
1229 3778 1303 3846 quod

100 3860 314 3933 subreptionem
331 3879 349 3916 a
367 3877 396 3916 se
413 3861 594 3932 impetratum
611 3864 710 3930 fuerat,
732 3863 840 3917 irritum
866 3879 925 3918 esse
943 3862 1042 3917 voluit:
1066 3874 1093 3917 ut
1110 3868 1182 3926 nitio,
1204 3862 1305 3931 inquit,

100 3955 168 4000 ”tum
185 3952 345 4001 venerandos
363 3966 480 4013 canones,
501 3952 562 4001 nihii
578 3960 668 4002 contra
686 3960 791 4002 sanctae
808 3954 941 4003 memoriae
958 3954 1102 4004 decessoris
1118 3969 1165 4003 mer
1161 3954 1303 4017 judicium

100 4034 124 4087 ¹³,
146 4037 268 4103 quidquid
287 4035 358 4086 nobis
376 4036 506 4100 obreptum
524 4052 579 4086 esse
597 4039 751 4090 constiterit.
786 4037 905 4088 Nolumus
922 4037 1152 4102 conquassatus
1170 4039 1302 4101 carissimi,

100 4115 197 4171 fimum
213 4121 356 4185 privilegio,
375 4136 439 4186 quae
456 4136 557 4185 seraper
574 4129 632 4171 sunt
648 4123 783 4181 seruanda,
802 4122 932 4184 confundi.
959 4116 1039 4182 Quod
1055 4116 1143 4187 igitur
1159 4119 1219 4172 tum
1236 4117 1304 4173 fecit

100 4199 302 4268 traiecisset
323 4201 423 4271 postea
444 4201 520 4255 hand
538 4200 621 4256 dubie
639 4202 802 4256 Anastasius
820 4201 979 4256 instructior
1002 4203 1103 4269 factus,
1133 4202 1186 4257 nisi
1212 4205 1302 4257 morte

100 4286 204 4340 -ventus
222 4285 327 4339 fuisset.
362 4284 481 4340 Hict
433 4288 481 4340 aut
483 4302 527 4339 em
546 4287 753 4341 commendatur
772 4304 856 4355 quum
873 4288 1017 4358 postrema
1033 4287 1081 4342 illa
1098 4287 1186 4341 Hilari
1204 4289 1303 4342 consti-

100 4375 119 4431 ³,
133 4370 194 4425 tum
213 4387 285 4439 quae
302 4372 495 4441 praecesserat
512 4370 661 4425 decessoris
680 4372 739 4441 ejus
756 4372 863 4427 leonia.

107 4449 127 4519 ⁸)
144 4460 169 4510 οδ
181 4459 207 4510 0⁷
219 4471 277 4525 seq.
292 4462 360 4526 quod
377 4477 408 4511 ne
426 4463 468 4523 sit,
487 4456 562 4510 nullo
575 4474 624 4509 ms.
639 4455 818 4526 suffragante.
848 4454 953 4510 L³L⁴b
967 4463 1035 4527 quod
1051 4462 1113 4512 taes
1130 4464 1171 4521 sit,
1190 4456 1223 4512 L²
1236 4465 1304 4530 quod

100 4546 245 4596 *meulent
281 4540 312 4594 L¹
332 4542 361 4594 ct
378 4540 550 4609 antiquiores
568 4547 636 4611 quod
651 4546 714 4595 lones
731 4548 755 4596 si
772 4549 879 4597 eueniat.
906 4540 994 4596 Notat
1011 4541 1138 4598 similiter
1150 4542 1302 4614 Gregorius

103 4616 138 4678 ΠΙ
153 4624 212 4679 Ind.
226 4624 264 4678 XI
283 4624 362 4694 epist.
379 4631 421 4692 18,
446 4626 521 4695 quod
539 4637 563 4681 et
580 4633 745 4681 verecundum
766 4637 799 4682 stt
821 4648 837 4681 a
856 4632 1030 4682 decessoribus
1052 4632 1114 4682 bene
1130 4639 1204 4698 qesta
1221 4636 1301 4683 resol-

100 4719 115 4765 Ξ,
137 4722 161 4764 et
177 4716 311 4765 amendam
328 4720 363 4764 sic
380 4712 423 4779 (eo
441 4715 501 4781 usto)
525 4719 617 4766 docere
635 4723 735 4767 ceta-os
757 4718 783 4766 in
804 4731 850 4766 soa
873 4717 1023 4784 quandoque
1044 4719 1220 4769 recentarium
1239 4734 1302 4784 pro·

100 4805 116 4843 ἐ
129 4799 245 4864 implente
262 4801 419 4850 sententiam.

111 4877 176 4944 ’ΠΛ
194 4900 259 4951 quae
278 4886 314 4935 ad
330 4885 417 4935 tarum
434 4886 617 4945 sacerdotibus,
635 4881 738 4952 inepte.

112 4964 128 5032 ⁵)
143 4965 176 5020 L²
194 4969 268 5031 Quos
284 4972 348 5030 aliis,
369 4971 395 5021 Γ
411 4970 483 5043 Quod
499 4974 544 5022 ita.
