3204 5506
258 329 321 394 942
699 342 727 391 s.
743 340 951 390 nonnrsma
972 339 1088 386 erasa

151 517 244 568 asto.
257 498 365 563 tendis
387 498 486 562 etiam
507 496 691 560 nominibus
714 517 752 560 ex
774 495 874 560 sacris
888 493 1060 579 diptychis,
1084 514 1168 579 quae
1191 492 1390 558 removenda
1404 494 1527 559 maxime

257 599 455 686 postulastis.

342 703 373 766 2.
406 700 527 765 Verum
548 699 725 765 nonnullae
745 699 879 765 fuerrmt
900 699 994 764 urbes
1016 703 1050 764 et
1064 699 1222 765 ecclesiae
1259 699 1365 786 tam⁸)
1386 697 1529 766 Ponticae

258 826 354 888 quam
383 804 524 868 Asianos
552 825 591 867 ac
619 802 790 888 praecipue
818 801 1017 883 Orientales,
1046 822 1182 886 quarum
1211 802 1323 868 cleriei
1352 800 1402 866 vel
1430 802 1529 887 populi

258 906 406 970 omnibus
429 908 600 984 pertentat
625 905 722 969 minis
744 909 777 969 et
798 903 1074 989 persuasionibus,
1102 906 1213 969 tamen
1237 925 1443 989 nequaquam
1463 904 1529 968 fleri

258 1011 351 1091 sunt,
381 1011 417 1071 ut-
438 1008 555 1071 tollaut
578 1007 760 1071 antistitum
782 1009 816 1071 et
843 1005 1004 1091 repellant
1030 1005 1180 1090 nomina,
1209 1028 1349 1092 quorum
1371 1005 1454 1091 apud
1483 1029 1529 1070 eos

193 1093 197 1099 ’
257 1108 367 1193 opinio
388 1108 512 1192 floruit,
535 1109 590 1173 sed
606 1112 708 1173 morte
731 1108 831 1172 vitam
854 1107 1013 1172 duriorem
1036 1108 1223 1193 aestimant,
1247 1109 1276 1173 si
1299 1113 1444 1173 mortuos
1461 1130 1529 1173 con·

258 1210 491 1293 demnaverint,
515 1231 649 1295 quorum
664 1210 889 1296 gloriabantur
910 1209 977 1274 vita
999 1209 1221 1295 superstitum.
1259 1209 1346 1286 Quid
1369 1211 1469 1296 igitur
1487 1211 1530 1274 fa-

259 1313 378 1377 ciamus
401 1312 581 1396 hujusmodi
603 1312 817 1398 pertinaciae,
849 1332 931 1396 quae
961 1332 1021 1376 nec
1050 1311 1136 1376 dicto
1165 1312 1302 1377 audiens
1331 1312 1474 1396 exsistit,
1501 1318 1531 1377 et

257 1416 419 1479 tormenta
440 1415 476 1478 in
497 1417 626 1479 tantum
648 1414 795 1499 despicit,
818 1417 856 1478 ut
878 1412 1018 1497 amplum
1041 1413 1103 1477 sibi
1125 1435 1162 1478 ae
1176 1413 1332 1478 festivum
1350 1414 1485 1499 judicet,
1505 1417 1530 1479 si

259 1537 389 1601 corpore
410 1517 499 1601 prius
520 1538 617 1601 quam
632 1516 783 1602 religioso
805 1515 939 1580 desistat
955 1514 1111 1579 consilio?
1147 1513 1250 1581 Nobis
1266 1515 1398 1601 quidem
1411 1517 1530 1582 ridetur

257 1639 337 1702 opus
360 1639 429 1682 esse
450 1617 577 1682 mollius
600 1618 717 1704 agendi
740 1621 773 1682 et
795 1617 998 1682 clementius:
1026 1638 1107 1701 quae
1130 1617 1191 1702 sil)
1219 1640 1288 1683 non
1315 1619 1352 1683 in
1380 1622 1437 1683 tua
1464 1641 1529 1684 san-

258 1719 387 1802 ctitate,
413 1720 482 1802 jam
504 1742 565 1785 nee
586 1721 620 1785 in
644 1720 706 1784 alio
728 1722 904 1805 potuerunt
925 1719 1074 1784 inveniri.
1119 1717 1205 1783 Nam
1230 1741 1338 1805 neque
1368 1721 1530 1807 sanguinis

258 1823 291 1884 et
305 1821 535 1905 suppliciorum
557 1821 675 1906 cupidi,
699 1822 783 1906 quod
805 1822 926 1886 dictum
948 1822 1046 1885 etiam
1063 1842 1162 1906 grave
1185 1824 1245 1903 est,
1269 1821 1418 1887 libellum
1433 1845 1529 1887 susce

257 1923 378 2006 pimus,
406 1945 509 2008 neque
532 1928 568 1988 ut
589 1946 688 2008 parvo
710 1923 895 1989 discrimine
917 1927 1108 1988 remaneant
1128 1921 1321 2007 imperfecta
1345 1924 1529 1989 concordiae

257 2024 425 2109 desideria,
448 2026 503 2090 sed
526 2025 566 2090 ad
581 2025 819 2111 prorogandam
828 2027 869 2111 ¹⁰)
883 2046 945 2110 quo
960 2046 1128 2109 possumus
1143 2024 1257 2089 ordine
1273 2027 1530 2110 conjunctionem

232 2126 473 2191 membrorum
501 2126 676 2194 Ecclesiae.
726 2126 843 2193 Utrum
871 2129 979 2212 itaque
1006 2127 1226 2212 praestantius
1262 2127 1341 2211 erit,
1377 2129 1529 2194 minorum

258 2229 366 2313 gratia
387 2229 422 2292 in
445 2231 549 2294 totum
572 2251 640 2295 esse
661 2230 755 2295 nobis
779 2230 977 2316 abreptas¹¹)
999 2232 1108 2294 tantas
1130 2227 1369 2314 multitudines,
1398 2252 1441 2296 an
1463 2253 1530 2295 cou-

259 2332 355 2395 cessis
379 2330 502 2416 exiguis
525 2335 558 2396 et
578 2332 719 2397 remissis
741 2332 864 2416 majora
886 2334 919 2395 et
940 2331 1028 2395 omni
1050 2330 1175 2396 ratione
1197 2331 1386 2416 quaerenda
1407 2333 1529 2419 corrigi,

258 2435 295 2496 ut
316 2454 396 2517 quae
419 2455 485 2497 non
506 2433 599 2499 licuit
620 2455 678 2518 per
700 2435 824 2517 omnia,
854 2433 968 2498 saltem
998 2455 1036 2497 ex
1065 2433 1255 2498 necessariis
1282 2434 1433 2518 partibus
1461 2435 1529 2500 alle

258 2535 447 2621 gantur¹²)‘l

343 2637 374 2701 3.
398 2635 536 2701 Veniam
546 2637 653 2722 itaque
664 2639 831 2703 nominum
844 2637 1054 2723 postulamus,
1070 2660 1137 2702 non
1148 2637 1273 2722 Aeacii,
1289 2660 1361 2705 non
1372 2639 1530 2726 utriusque

258 2737 362 2821 Petri,
392 2761 457 2803 non
480 2738 641 2823 Dioscori,
670 2740 721 2803 vel
743 2739 919 2824 Timothei,
949 2762 1082 2825 quorum
1104 2739 1260 2827 vocabula
1282 2741 1325 2805 ad
1351 2764 1412 2807 nos
1442 2742 1529 2807 datae

259 2841 443 2906 sanctitatis
464 2843 539 2905 tuae
562 2841 716 2925 epistolae
726 2842 764 2926 ¹³)
788 2842 1008 2925 continebant,
1032 2841 1088 2906 sed
1109 2863 1187 2926 quos
1210 2842 1246 2906 in
1268 2841 1343 2907 aliis
1362 2843 1530 2909 celebrarit

259 2944 443 3009 civitatibus
466 2943 656 3028 episcopalis
672 2944 861 3027 reverentia,
886 2947 919 3008 et
935 2944 995 3008 hoc
1011 2944 1152 3029 exceptis
1167 2943 1313 3028 urbibus,
1339 2945 1395 3010 ubi
1410 2950 1528 3011 restrae

257 3045 467 3110 beatitudinis
489 3045 615 3110 libellus
634 3046 704 3130 jam
725 3047 760 3110 in
782 3045 914 3129 plenum
936 3046 1093 3110 admissus
1116 3048 1180 3129 est,
1209 3047 1273 3111 nisi
1296 3045 1385 3112 hanc
1411 3071 1528 3134 qaoque

256 3151 382 3232 partem
411 3147 635 3213 benevolentia
663 3149 813 3233 statuerit
846 3151 952 3211 vestra
984 3148 1093 3212 mitius
1125 3147 1362 3233 corrigendam.
1418 3148 1527 3215 Verum

256 3273 317 3315 nec
335 3251 457 3335 judicio
479 3272 529 3314 res
539 3250 576 3336 ¹⁴)
601 3254 688 3314 caret
703 3250 786 3314 seclis
802 3248 1005 3334 apostolicae,
1028 3251 1144 3314 utnon
1165 3251 1270 3335 magis
1287 3251 1384 3316 venia
1399 3252 1527 3317 dicenda

103 3343 243 3481 ζ’ἒὸξξὲἶ
256 3353 308 3435 sit,
326 3376 421 3437 quam
437 3353 613 3417 deliberata
624 3355 694 3436 jam
709 3375 746 3416 ac
757 3355 927 3436 perspecta
943 3351 1096 3416 definitio.
1120 3352 1317 3418 Anastasius
1328 3355 1527 3440 siquidem'll

323 3628 344 3692 ⁸)
362 3624 412 3678 Ed.
437 3638 486 3678 tarn
509 3631 631 3680 Ponticae
653 3635 704 3678 tam
727 3630 841 3679 Arianae
861 3630 1029 3694 praecipuae.
1068 3624 1133 3679 Mox
1154 3624 1191 3679 H·
1204 3623 1241 3679 Hq
1263 3638 1343 3697 atque
1365 3632 1526 3689 ηαείοιίὁυ,

255 3716 284 3763 et
301 3710 338 3762 H⁵
356 3716 559 3765 condemnaverit
625 3714 810 3778 gloriabuntur.

323 3796 406 3863 ⁹)1ta
422 3814 486 3849 mss.
507 3796 551 3864 (θ’
565 3795 671 3864 ΗἨ9).
712 3795 762 3850 Ed.
786 3802 810 3850 si
832 3817 888 3852 uno.
925 3795 990 3851 Mox
1007 3796 1140 3850 H⁸H¹⁰c¹
1155 3800 1182 3850 θ’
1198 3804 1385 3854 sanetintdt'ne.
1425 3799 1524 3854 Deinde

256 3881 279 3933 θ’
294 3884 322 3934 a³
338 3893 459 3949 poterant
476 3889 600 3944 inuenire,
620 3881 668 3935 ubi
687 3881 722 3934 G¹
735 3881 772 3934 Η’
784 3883 811 3935 a¹
830 3881 979 3950 sequimur.

323 3969 353 4035 ¹⁰)
373 3967 439 4021 boc
452 3973 661 4036 propagandam,
677 3966 715 4020 Η’
733 3972 776 4035 qui
790 3986 931 4034 possumus.

324 4055 353 4120 ¹¹)
373 4055 396 4106 α’
411 4056 437 4106 c²
455 4063 587 4121 acceptas,
607 4053 636 4106 et
654 4054 680 4105 c²
698 4051 727 4105 in
744 4068 834 4120 marg.
854 4056 970 4106 abrentes
987 4069 1035 4106 seu
1053 4057 1184 4108 aduersas.
1215 4055 1242 4106 a¹
1262 4070 1323 4123 seq.
1341 4061 1474 4124 adjectas.
1491 4054 1522 4108 G¹

153 4169 156 4174 ·
253 4144 383 4196 adrectae,
407 4138 444 4191 H⁸
461 4139 510 4191 H¹⁰
532 4142 664 4205 abreptas,
688 4138 723 4192 al.
747 4154 810 4190 mss.
836 4139 865 4190 al
884 4142 1015 4206 abreptas.
1054 4138 1146 4191 Antea
1167 4143 1289 4192 minoren
1311 4146 1402 4209 pratia
1424 4140 1452 4194 id
1473 4142 1522 4195 eat:

252 4223 317 4276 dum
337 4222 447 4277 levioris
464 4222 599 4276 momenti
616 4240 661 4277 res
680 4222 836 4291 exiguntur.

322 4311 352 4377 ”)
370 4309 401 4361 In
420 4309 494 4377 vulg.
514 4315 663 4377 allegentur,
696 4307 796 4361 Verius
813 4307 842 4360 iu
860 4325 924 4362 mss.
944 4315 1088 4376 allegantur
1105 4325 1122 4360 a
1140 4306 1227 4361 verbo
1245 4315 1376 4378 allegere.
1396 4311 1469 4381 quod
1485 4314 1522 4364 est

252 4394 373 4461 aliquem
392 4393 473 4447 alicui
492 4392 622 4447 societati
644 4392 798 4462 adjungere
816 4399 866 4446 aut
887 4392 916 4445 in
940 4409 1042 4447 novum
1060 4392 1186 4446 ordinem
1209 4392 1373 4449 admittere.
1392 4394 1521 4448 —Paulo

251 4481 316 4531 ante
334 4480 383 4532 11¹⁰
400 4497 453 4534 sec.
473 4497 557 4533 manu
575 4484 645 4532 licuit
662 4486 743 4533 miscis
761 4484 863 4546 majora
880 4499 929 4546 per
948 4484 1030 4533 omnia
1047 4485 1143 4533 saltem.

320 4565 349 4631 ¹³)
369 4563 492 4627 Quarum
511 4565 653 4634 exemplar
674 4564 703 4617 in
726 4564 805 4634 epist.
825 4569 840 4618 7
859 4565 888 4616 et
906 4569 939 4616 ‘26
965 4564 1130 4629 subnexum,
1154 4563 1313 4632 cnjusmodi
1336 4568 1368 4620 et
1389 4566 1520 4620 Johanues

250 4647 574 4719 Constantinopolitanae
593 4649 673 4718 epist.
693 4656 724 4703 61
744 4649 884 4718 suscipere
903 4666 932 4703 sc
950 4649 1090 4719 professus
1107 4650 1157 4702 est.

320 4734 349 4801 ¹⁴)
368 4738 394 4788 c⁷
406 4737 444 4789 0¹⁰
461 4735 549 4790 omitt.
570 4755 621 4789 res.
651 4735 688 4788 Ha
705 4745 836 4789 resecaret
910 4741 983 4789 uerita
1001 4740 1132 4790 discenda.

316 4820 350 4888 ¹⁵)
369 4822 394 4873 a¹
415 4838 470 4888 seq.
490 4826 596 4891 pridem.
632 4821 772 4875 Particula
789 4824 910 4888 siquidem
933 4818 1089 4874 restituitur
1107 4835 1192 4873 nexus
1217 4821 1370 4890 orationis,
1393 4840 1448 4893 qua
1463 4838 1519 4893 pro

247 4901 315 4957 bare
335 4905 393 4958 vult
410 4906 545 4973 Justirnrs,
565 4924 623 4960 rein
643 4924 660 4959 a
678 4925 707 4960 se
726 4907 835 4975 quaeri,
854 4923 925 4973 quac
939 4923 990 4961 nec
1002 4922 1019 4960 a
1031 4903 1138 4960 ratione
1151 4922 1203 4960 nac
1214 4905 1252 4961 ab
1266 4906 1517 4977 apostolicaesedis
