3204 5506
500 352 695 403 nrisronau
719 344 908 404 138-140.
1278 343 1339 408 967

72 505 266 589 credidistis,
296 509 389 570 tanta
416 505 568 570 firmitate
596 507 771 592 confortet,
800 511 833 573 et
855 509 903 573 ita
924 509 1066 574 omnium
1089 511 1339 578 discordantium
1352 542 1376 580 a.
1388 529 1445 581 521.

70 608 248 673 luctamina
269 607 420 693 disjiciat,
443 609 490 673 ita
512 607 735 674 dissidentium
757 610 852 675 corda
870 616 1062 697 compescat,
1085 616 1122 677 ut
1136 615 1339 698 quemadmo-

70 711 146 775 dum
167 710 227 775 sub
248 709 349 774 fratre
371 713 404 774 et
427 711 613 794 coepiscopo
634 716 745 777 nostro
767 712 951 797 Epiphanio
973 714 1206 799 pacificationis
1228 716 1339 781 datum

69 814 119 875 est
140 811 304 895 indicium,
326 812 526 897 gratulemur
547 813 710 878 effectum!
754 811 841 879 Data
855 814 920 880 VH
935 814 1093 882 Calendas
1116 816 1250 902 Aprilis,
1273 817 1338 882 Va-

67 913 147 978 lerio
169 914 237 978 viro
260 914 436 978 clarissimo
459 914 598 979 consule.

154 1015 252 1080 Gesta
280 1016 315 1080 in
342 1037 437 1080 eausa
460 1016 660 1081 Abundantii
687 1017 827 1103 episcopi
849 1019 1126 1104 Trajanopolitani
1157 1020 1191 1085 in
1220 1021 1338 1087 scrinio

66 1117 232 1182 habemus.

554 1304 736 1410 sputus
762 1305 843 1389 111.

265 1457 478 1524 1111111111
499 1475 611 1541 papae
635 1456 679 1522 ad
701 1456 889 1524 Justlnum
911 1457 1126 1542 Augustum.
1345 1458 1474 1581 &offi-

11 1588 49 1639 ²0·
99 1599 165 1647 Eunt
182 1598 296 1649 laudibus
312 1598 425 1648 twnants
444 1613 493 1647 non
511 1614 587 1664 epere
605 1614 685 1664 neque
702 1599 760 1647 illae
778 1614 915 1664 quaerere,
939 1600 986 1649 sed
1002 1614 1031 1649 te
1048 1607 1129 1649 tamen
1147 1601 1179 1650 ab
1197 1617 1227 1652 co
1246 1605 1300 1652 tan·

98 1684 185 1734 111111
208 1689 234 1734 et
255 1684 408 1734 extollendis
430 1683 527 1732 neritia
549 1684 607 1746 ejus
631 1691 775 1747 temperare
795 1682 845 1732 sibi
867 1699 916 1733 non
937 1698 1013 1748 posse
1036 1687 1081 1734 ait.
1119 1683 1188 1746 Quae
1209 1691 1301 1737 merita

99 1775 158 1818 tiene
174 1766 289 1833 pluribus
306 1769 456 1835 exsequitur
474 1768 508 1830 (n.
523 1768 622 1831 1—3),
641 1776 719 1835 utque
737 1769 858 1832 deinceps
875 1767 1057 1819 obstinatorum
1071 1771 1232 1834 pertinaciae
1250 1789 1300 1823 non

97 1853 176 1902 cedat
192 1852 310 1904 bortatur
328 1851 363 1915 (n.
375 1854 392 1902 4
403 1859 429 1901 et
441 1850 477 1916 b).
507 1852 621 1919 Denique
638 1869 667 1903 se
685 1867 901 1916 eorumeorurn,
920 1855 964 1918 qut
979 1854 1136 1919 indulpentin
1154 1857 1225 1920 dtpni
1241 1858 1299 1915 rint,

268 1937 415 2003 Epiphanio
435 1937 714 2002 Constantinopolitano
731 1938 881 1987 conmisisse
899 1938 1025 2002 ripntficat
1045 1937 1131 2003 (1.6).

215 2069 426 2135 Hormisda
448 2069 613 2135 Justino
635 2070 827 2155 Augusto.

153 2191 179 2253 l.
218 2188 290 2254 Scio
312 2188 455 2274 quidem,
486 2187 678 2254 venerabilis
700 2188 891 2274 imperator,
921 2189 1125 2254 clementiam
1146 2194 1235 2256 tuam
1258 2214 1332 2257 eon-

60 2291 199 2356 scientia
221 2291 297 2355 boni
320 2292 424 2375 operis
445 2294 575 2356 tantum
596 2312 665 2355 esse
689 2293 889 2374 contentam,
919 2312 980 2355 nec
1008 2290 1043 2354 in
1070 2290 1137 2375 his,
1171 2313 1252 2377 quae
1274 2317 1332 2378 pro

61 2394 240 2461 catholicae
262 2394 426 2459 Ecclesiae
454 2394 580 2458 unitate
606 2393 793 2477 disponitis,
823 2392 972 2457 humanis
998 2392 1147 2458 laudibus
1160 2395 1329 2480 indigere,

59 2496 136 2583 nel)
158 2496 271 2582 magni
293 2495 390 2560 studii
412 2495 516 2581 gloria
538 2518 604 2560 non
624 2495 724 2580 digna
745 2495 1002 2560 remuneratione
1024 2495 1166 2560 vilescat.
1190 2495 1331 2572 ⁸Quanta

60 2603 112 2663 est
134 2597 220 2664 enim
242 2597 327 2662 circa
349 2619 421 2662 eum
442 2597 575 2661 humani
597 2619 719 2662 summa
741 2596 918 2681 praeconii,
943 2597 993 2660 cui
1017 2597 1156 2682 contigit
1173 2587 1331 2664 terrarum

59 2722 164 2785 regna
187 2700 358 2783 committi,
382 2720 480 2784 quum
487 2700 512 2786 ²)
534 2699 673 2764 obnoxia
694 2698 761 2762 sint
781 2698 1002 2781 blandimenta
1017 2698 1209 2764 adulationis
1229 2703 1329 2786 stupi-

60 2802 163 2885 oioni,
186 2824 268 2887 quae
289 2801 454 2866 humilitas
477 2801 627 2866 detulerit
648 2801 838 2886 imperanti!
875 2799 921 2865 Et
941 2801 1021 2866 alias
1043 2802 1217 2866 secundum
1235 2784 1440 2920 evan-{fflsss

58 2903 198 2991 gelicam
219 2903 426 2968 traditionem
447 2924 577 2968 necesse
599 2906 663 2985 est,
698 2907 734 2967 111
754 2903 862 2968 fructu
884 2925 1041 2987 supernae
1062 2906 1329 2971 remunerationis
1361 2893 1368 2919 '
1429 2898 1433 2907 ⁴

61 3009 187 3088 careat,
221 3006 275 3090 qui
302 3004 545 3070 retributionem
577 3004 681 3068 laudis
708 3008 884 3088 exspectet.
938 3004 1025 3069 Hinc
1051 3006 1328 3071 mansuetudinem

57 3110 200 3173 vestram
232 3107 319 3172 omni
352 3107 508 3171 bonitatis
535 3106 733 3201 perfectione
765 3104 940 3189 pollentem
967 3106 1007 3170 ad
1035 3105 1138 3170 Deum
1166 3109 1325 3194 universa,

58 3231 141 3295 quae
163 3207 412 3273 memorabiliter
433 3208 551 3291 facitis,
575 3207 693 3272 referre
715 3228 781 3272 non
803 3207 943 3293 ambigo,
966 3230 1026 3273 nec
1049 3208 1168 3273 caduca
1184 3210 1327 3295 cogiten-

58 3315 109 3376 tes
131 3309 249 3375 abillo
272 3310 464 3393 exspectatis
486 3332 544 3394 pro
561 3312 690 3373 actuum
704 3311 883 3373 vestrorum
905 3309 1114 3375 retributione
1137 3312 1325 3396 mercedem,

58 3433 154 3497 quem
175 3412 331 3476 bonorum
354 3412 496 3476 omnium
518 3415 646 3477 constat
668 3413 841 3476 auctorem.

143 3513 174 3578 2.
196 3513 257 3585 ,Et
277 3516 386 3579 tamen
409 3535 468 3599 ego
490 3513 617 3597 divinis,
641 3511 755 3597 quibus
770 3513 961 3595 obsecundo,
985 3513 1139 3578 convenio
1154 3514 1324 3601 institutis,

57 3638 99 3682 ne
122 3616 273 3701 religiosa
296 3614 511 3680 conscientiae
533 3617 657 3680 vestrae
680 3614 835 3679 beneficia
859 3618 1021 3699 comperta
1044 3615 1254 3701 dissimulem,
1284 3642 1325 3684 ne

56 3718 265 3784 taciturnitas
286 3738 373 3801 men,
402 3725 483 3801 quae
507 3717 595 3782 vobis
618 3717 734 3781 crescit
754 3716 794 3780 ad
817 3715 967 3802 gloriam,
998 3715 1092 3801 mihi,
1122 3719 1206 3802 quod
1228 3720 1323 3804 absit,

56 3823 203 3886 vertatur
225 3819 259 3884 in
283 3819 419 3903 culpam.
463 3818 547 3884 Novi
570 3817 655 3882 enim
677 3818 716 3883 de
737 3818 801 3882 illis
824 3818 933 3883 decem
948 3817 1078 3883 Domini
1102 3803 1437 3926 etsuvatoris„1¹¹,¹g·,

55 3922 159 3987 nostri
182 3922 303 4006 pietate
324 3920 502 4004 mundatis,
526 3920 601 4005 quia
623 3922 656 3984 et
676 3942 791 3985 novem
812 3923 889 3984 sunt
910 3924 987 3984 nota
1008 3920 1252 4005 ingratitudinis
1266 3924 1324 3987 im-
1370 3913 1377 3938 '
1439 3891 1464 3943 q.

55 4025 199 4109 probati,
229 4026 261 4088 et
288 4044 371 4086 unus
392 4022 613 4088 testimonium
639 4022 714 4086 fidei
736 4026 769 4086 et
790 4022 938 4107 merito³)
966 4025 1114 4106 receptae
1142 4023 1254 4088 salutis
1276 4047 1322 4089 re-

55 4125 147 4209 tulit,
171 4125 225 4210 qui
247 4125 426 4209 gratiarum
447 4125 608 4189 actionem
634 4127 766 4188 sanatus
795 4123 939 4188 exsolvit.
984 4123 1149 4208 Exsequor
1177 4127 1321 4211 exempla

55 4248 138 4312 quae
160 4226 274 4309 didici,
299 4230 331 4290 et
352 4226 436 4311 quod
458 4248 515 4311 per
536 4225 634 4291 officii
656 4225 735 4290 mihi
759 4225 871 4290 crediti
891 4224 1058 4289 materiam
1080 4225 1239 4310 praedico,
1263 4228 1321 4292 sub

55 4487 106 4535 rto
142 4481 161 4548 ¹)
180 4479 214 4534 G¹
233 4501 291 4543 nec,
310 4480 385 4550 quod
403 4479 578 4536 correximus.
615 4480 698 4536 Forte
717 4478 777 4548 quis
794 4479 874 4534 malit
896 4499 941 4532 nec
962 4484 1047 4548 napnt
1065 4483 1145 4533 studit
1159 4485 1266 4548 pluriam

52 4572 183 4621 vilescere.
220 4565 270 4618 Ed.
289 4577 316 4619 et
332 4571 415 4633 nopai
436 4565 483 4633 (ad
501 4583 588 4635 marg.
609 4568 658 4634 ne).

124 4652 145 4718 ²)
163 4650 207 4705 lta
225 4649 405 4716 correximus,
424 4649 498 4718 quod
515 4649 544 4704 in
562 4649 595 4704 G'
616 4649 658 4704 ed.
678 4670 732 4704 cun
750 4670 779 4704 eo
798 4656 877 4704 noccin
936 4653 1081 4717 imperandi
1096 4649 1150 4716 (ed.
1165 4654 1319 4719 imperanti).

53 4735 120 4790 Mox
138 4735 181 4789 ed.
201 4739 374 4790 retributionis
392 4739 489 4789 laudern
561 4741 695 4806 relipioeoe
768 4740 894 4802 conserta.

122 4823 144 4889 ⁸)
162 4820 181 4873 b
204 4835 260 4888 seq.
280 4826 378 4874 menta.
422 4819 513 4875 Minus
539 4819 672 4889 ambigua
694 4822 767 4875 esset
787 4820 858 4875 haec
879 4820 1027 4875 verborum
1049 4820 1229 4876 constructio:
1257 4842 1319 4876 anus

50 4912 116 4974 fidei
133 4917 158 4959 et
174 4912 264 4960 11111ιὶ11
280 4910 372 4961 merito
389 4917 508 4975 receptae
526 4911 690 4960 testimonium
707 4911 800 4959 retulit.
