<?xml version="1.0" encoding="UTF-8"?>
<!DOCTYPE html PUBLIC "-//W3C//DTD XHTML 1.0 Transitional//EN"
    "http://www.w3.org/TR/xhtml1/DTD/xhtml1-transitional.dtd">
<html xmlns="http://www.w3.org/1999/xhtml" xml:lang="en" lang="en">
 <head>
  <title>
</title>
<meta http-equiv="Content-Type" content="text/html;charset=utf-8" />
  <meta name='ocr-system' content='tesseract 3.04.00' />
  <meta name='ocr-capabilities' content='ocr_page ocr_carea ocr_par ocr_line ocrx_word'/>
</head>
<body>
  <div class='ocr_page' id='page_1' title='image "./epistolaeromano00thiegoog/epistolaeromano00thiegoog_0451.png"; bbox 0 0 3204 5506; ppageno 0'>
   <div class='ocr_carea' id='block_1_1' title="bbox 228 316 1030 393">
    <p class='ocr_par' dir='ltr' id='par_1_1' title="bbox 228 316 1030 393">
     <span class='ocr_line' id='line_1_1' title="bbox 228 316 1030 393; baseline -0.007 -12"><span class='ocrx_word' id='word_1_1' title='bbox 228 316 292 381; x_wconf 84' lang='lat'><strong>402</strong></span> <span class='ocrx_word' id='word_1_2' title='bbox 709 329 736 377; x_wconf 91' lang='lat' dir='ltr'><strong>s.</strong></span> <span class='ocrx_word' id='word_1_3' title='bbox 755 328 894 393; x_wconf 77' lang='lat' dir='ltr'><strong>caussn</strong></span> <span class='ocrx_word' id='word_1_4' title='bbox 916 328 1030 376; x_wconf 76' lang='lat' dir='ltr'><strong>aaran</strong></span> 
     </span>
    </p>
   </div>
   <div class='ocr_carea' id='block_1_2' title="bbox 120 472 1499 3926">
    <p class='ocr_par' dir='ltr' id='par_1_2' title="bbox 120 472 1499 1181">
     <span class='ocr_line' id='line_1_2' title="bbox 120 472 1499 577; baseline -0.005 -27"><span class='ocrx_word' id='word_1_5' title='bbox 120 501 214 551; x_wconf 79' lang='lat' dir='ltr'>u.495.</span> <span class='ocrx_word' id='word_1_6' title='bbox 229 487 358 550; x_wconf 90' lang='lat' dir='ltr'><strong>ducere:</strong></span> <span class='ocrx_word' id='word_1_7' title='bbox 382 483 464 569; x_wconf 88' lang='lat' dir='ltr'><strong>quod</strong></span> <span class='ocrx_word' id='word_1_8' title='bbox 487 472 762 567; x_wconf 61' lang='lat' dir='ltr'><strong>quidem&#39;etiamsi</strong></span> <span class='ocrx_word' id='word_1_9' title='bbox 784 505 850 546; x_wconf 91' lang='lat' dir='ltr'><strong>non</strong></span> <span class='ocrx_word' id='word_1_10' title='bbox 872 485 1004 567; x_wconf 82' lang='lat' dir='ltr'><strong>negent,</strong></span> <span class='ocrx_word' id='word_1_11' title='bbox 1027 480 1095 546; x_wconf 90' lang='lat' dir='ltr'><strong>sive</strong></span> <span class='ocrx_word' id='word_1_12' title='bbox 1117 479 1256 545; x_wconf 90' lang='lat' dir='ltr'><strong>scientes</strong></span> <span class='ocrx_word' id='word_1_13' title='bbox 1272 479 1335 544; x_wconf 87' lang='lat' dir='ltr'><strong>sive</strong></span> <span class='ocrx_word' id='word_1_14' title='bbox 1346 477 1451 545; x_wconf 74' lang='lat' dir='ltr'><strong>nucim-</strong></span> <span class='ocrx_word' id='word_1_15' title='bbox 1496 566 1499 577; x_wconf 31' lang='grc' dir='ltr'>Ι</span> 
     </span>
     <span class='ocr_line' id='line_1_3' title="bbox 228 581 1499 671; baseline -0.006 -19"><span class='ocrx_word' id='word_1_16' title='bbox 228 592 277 652; x_wconf 89' lang='lat' dir='ltr'><strong>tes</strong></span> <span class='ocrx_word' id='word_1_17' title='bbox 305 588 412 652; x_wconf 88' lang='lat' dir='ltr'><strong>facere</strong></span> <span class='ocrx_word' id='word_1_18' title='bbox 440 585 658 650; x_wconf 87' lang='lat' dir='ltr'><strong>confutantur.</strong></span> <span class='ocrx_word' id='word_1_19' title='bbox 714 583 770 649; x_wconf 86' lang='lat' dir='ltr'><strong>Sin</strong></span> <span class='ocrx_word' id='word_1_20' title='bbox 798 606 873 650; x_wconf 92' lang='lat' dir='ltr'><strong>vero</strong></span> <span class='ocrx_word' id='word_1_21' title='bbox 901 587 934 649; x_wconf 90' lang='lat' dir='ltr'><strong>et</strong></span> <span class='ocrx_word' id='word_1_22' title='bbox 955 582 1126 669; x_wconf 77' lang='lat' dir='ltr'>Eutychen</span> <span class='ocrx_word' id='word_1_23' title='bbox 1153 581 1346 649; x_wconf 81' lang='lat' dir='ltr'><strong>haereticum</strong></span> <span class='ocrx_word' id='word_1_24' title='bbox 1367 600 1453 668; x_wconf 78' lang='lat' dir='ltr'><strong>regan</strong></span> <span class='ocrx_word' id='word_1_25' title='bbox 1491 584 1499 671; x_wconf 64' lang='lat' dir='ltr'><strong>l</strong></span> 
     </span>
     <span class='ocr_line' id='line_1_4' title="bbox 228 683 1452 772; baseline -0.007 -17"><span class='ocrx_word' id='word_1_26' title='bbox 228 714 294 755; x_wconf 92' lang='lat' dir='ltr'><strong>non</strong></span> <span class='ocrx_word' id='word_1_27' title='bbox 317 689 446 772; x_wconf 88' lang='lat' dir='ltr'><strong>audent,</strong></span> <span class='ocrx_word' id='word_1_28' title='bbox 476 691 587 771; x_wconf 89' lang='lat' dir='ltr'><strong>restat,</strong></span> <span class='ocrx_word' id='word_1_29' title='bbox 616 690 787 751; x_wconf 87' lang='lat' dir='ltr'><strong>utcontra</strong></span> <span class='ocrx_word' id='word_1_30' title='bbox 811 686 1001 751; x_wconf 78' lang='lat' dir='ltr'><strong>catholicam</strong></span> <span class='ocrx_word' id='word_1_31' title='bbox 1022 685 1119 751; x_wconf 89' lang='lat' dir='ltr'><strong>fidem</strong></span> <span class='ocrx_word' id='word_1_32' title='bbox 1145 707 1213 751; x_wconf 92' lang='lat' dir='ltr'><strong>non</strong></span> <span class='ocrx_word' id='word_1_33' title='bbox 1240 683 1383 770; x_wconf 83' lang='lat' dir='ltr'><strong>synodum</strong></span> <span class='ocrx_word' id='word_1_34' title='bbox 1396 703 1452 748; x_wconf 88' lang='lat' dir='ltr'><strong>nun·</strong></span> 
     </span>
     <span class='ocr_line' id='line_1_5' title="bbox 229 778 1490 876; baseline -0.004 -19"><span class='ocrx_word' id='word_1_35' title='bbox 229 791 420 876; x_wconf 85' lang='lat' dir='ltr'><strong>cupandnm,</strong></span> <span class='ocrx_word' id='word_1_36' title='bbox 445 790 500 854; x_wconf 92' lang='lat' dir='ltr'><strong>sed</strong></span> <span class='ocrx_word' id='word_1_37' title='bbox 523 778 793 874; x_wconf 77' lang='lat' dir='ltr'><strong>conspirationem</strong></span> <span class='ocrx_word' id='word_1_38' title='bbox 814 789 920 873; x_wconf 85' lang='lat' dir='ltr'><strong>potius</strong></span> <span class='ocrx_word' id='word_1_39' title='bbox 943 788 1140 873; x_wconf 88' lang='lat' dir='ltr'><strong>perditorum</strong></span> <span class='ocrx_word' id='word_1_40' title='bbox 1161 789 1262 854; x_wconf 86' lang='lat' dir='ltr'><strong>fuisse</strong></span> <span class='ocrx_word' id='word_1_41' title='bbox 1282 786 1452 867; x_wconf 70' lang='lat' dir='ltr'><strong>anuum,</strong></span> <span class='ocrx_word' id='word_1_42' title='bbox 1483 778 1490 803; x_wconf 60' lang='lat'><strong>²</strong></span> 
     </span>
     <span class='ocr_line' id='line_1_6' title="bbox 226 887 1454 979; baseline -0.001 -21"><span class='ocrx_word' id='word_1_43' title='bbox 226 916 307 979; x_wconf 89' lang='lat' dir='ltr'><strong>quae</strong></span> <span class='ocrx_word' id='word_1_44' title='bbox 336 892 420 977; x_wconf 82' lang='lat' dir='ltr'><strong>apud</strong></span> <span class='ocrx_word' id='word_1_45' title='bbox 449 891 612 977; x_wconf 79' lang='lat' dir='ltr'><strong>Ephesum</strong></span> <span class='ocrx_word' id='word_1_46' title='bbox 635 890 814 974; x_wconf 86' lang='lat' dir='ltr'><strong>Eutychete</strong></span> <span class='ocrx_word' id='word_1_47' title='bbox 843 891 973 955; x_wconf 89' lang='lat' dir='ltr'><strong>reducto</strong></span> <span class='ocrx_word' id='word_1_48' title='bbox 1000 891 1138 975; x_wconf 88' lang='lat' dir='ltr'><strong>perculit</strong></span> <span class='ocrx_word' id='word_1_49' title='bbox 1159 893 1302 956; x_wconf 84' lang='lat' dir='ltr'><strong>&#39;sanctae</strong></span> <span class='ocrx_word' id='word_1_50' title='bbox 1324 887 1454 957; x_wconf 63' lang='lat' dir='ltr'><strong>memoris</strong></span> 
     </span>
     <span class='ocr_line' id='line_1_7' title="bbox 226 992 1455 1079; baseline -0.001 -21"><span class='ocrx_word' id='word_1_51' title='bbox 226 996 432 1079; x_wconf 72' lang='lat' dir='ltr'><strong>blavianum,</strong></span> <span class='ocrx_word' id='word_1_52' title='bbox 467 997 660 1078; x_wconf 89' lang='lat' dir='ltr'><strong>cunctosque</strong></span> <span class='ocrx_word' id='word_1_53' title='bbox 687 993 741 1077; x_wconf 92' lang='lat' dir='ltr'><strong>qui</strong></span> <span class='ocrx_word' id='word_1_54' title='bbox 769 993 835 1056; x_wconf 89' lang='lat' dir='ltr'><strong>illic</strong></span> <span class='ocrx_word' id='word_1_55' title='bbox 858 993 992 1057; x_wconf 89' lang='lat' dir='ltr'><strong>aderant</strong></span> <span class='ocrx_word' id='word_1_56' title='bbox 1019 994 1201 1069; x_wconf 90' lang='lat' dir='ltr'><strong>sacerdotes</strong></span> <span class='ocrx_word' id='word_1_57' title='bbox 1222 992 1352 1065; x_wconf 84' lang='lat' dir='ltr'><strong>militari</strong></span> <span class='ocrx_word' id='word_1_58' title='bbox 1369 995 1455 1057; x_wconf 61' lang='lat' dir='ltr'><strong>wion</strong></span> 
     </span>
     <span class='ocr_line' id='line_1_8' title="bbox 227 1094 1456 1181; baseline -0.003 -20"><span class='ocrx_word' id='word_1_59' title='bbox 227 1097 416 1181; x_wconf 89' lang='lat' dir='ltr'><strong>compulerit</strong></span> <span class='ocrx_word' id='word_1_60' title='bbox 437 1099 530 1160; x_wconf 84' lang='lat' dir='ltr'><strong>tanto</strong></span> <span class='ocrx_word' id='word_1_61' title='bbox 553 1095 666 1160; x_wconf 90' lang='lat' dir='ltr'><strong>sceleri</strong></span> <span class='ocrx_word' id='word_1_62' title='bbox 688 1096 842 1179; x_wconf 84' lang='lat' dir='ltr'><strong>praebere</strong></span> <span class='ocrx_word' id='word_1_63' title='bbox 865 1117 1065 1160; x_wconf 88' lang='lat' dir='ltr'><strong>consensum.</strong></span> <span class='ocrx_word' id='word_1_64' title='bbox 1106 1095 1214 1180; x_wconf 88' lang='lat' dir='ltr'><strong>Atque</strong></span> <span class='ocrx_word' id='word_1_65' title='bbox 1235 1094 1307 1160; x_wconf 90' lang='lat' dir='ltr'><strong>ideo</strong></span> <span class='ocrx_word' id='word_1_66' title='bbox 1327 1094 1456 1159; x_wconf 76' lang='lat' dir='ltr'><strong>nobisne</strong></span> 
     </span>
    </p>

    <p class='ocr_par' dir='ltr' id='par_1_3' title="bbox 149 1194 1499 3926">
     <span class='ocr_line' id='line_1_9' title="bbox 149 1194 1458 1282; baseline -0.004 -18"><span class='ocrx_word' id='word_1_67' title='bbox 149 1195 155 1204; x_wconf 76' lang='grc'><em>“</em></span> <span class='ocrx_word' id='word_1_68' title='bbox 227 1221 313 1264; x_wconf 90' lang='lat' dir='ltr'><strong>cesse</strong></span> <span class='ocrx_word' id='word_1_69' title='bbox 342 1202 391 1262; x_wconf 91' lang='lat' dir='ltr'><strong>est</strong></span> <span class='ocrx_word' id='word_1_70' title='bbox 418 1220 552 1282; x_wconf 89' lang='lat' dir='ltr'><strong>pravam</strong></span> <span class='ocrx_word' id='word_1_71' title='bbox 574 1219 818 1282; x_wconf 84' lang='lat' dir='ltr'>perversamque</span> <span class='ocrx_word' id='word_1_72' title='bbox 841 1198 1088 1281; x_wconf 79' lang='lat' dir='ltr'><strong>conspirationis</strong></span> <span class='ocrx_word' id='word_1_73' title='bbox 1111 1196 1198 1262; x_wconf 89' lang='lat' dir='ltr'><strong>illius</strong></span> <span class='ocrx_word' id='word_1_74' title='bbox 1220 1199 1255 1262; x_wconf 88' lang='lat' dir='ltr'><strong>et</strong></span> <span class='ocrx_word' id='word_1_75' title='bbox 1275 1194 1458 1262; x_wconf 75' lang='lat' dir='ltr'><strong>latrociuslm</strong></span> 
     </span>
     <span class='ocr_line' id='line_1_10' title="bbox 225 1293 1459 1385; baseline -0.003 -21"><span class='ocrx_word' id='word_1_76' title='bbox 225 1302 324 1366; x_wconf 87' lang='lat' dir='ltr'><strong>fuisse</strong></span> <span class='ocrx_word' id='word_1_77' title='bbox 346 1301 539 1385; x_wconf 76' lang='lat' dir='ltr'>perhibeant</span> <span class='ocrx_word' id='word_1_78' title='bbox 560 1300 730 1384; x_wconf 81' lang='lat' dir='ltr'><strong>actionem,</strong></span> <span class='ocrx_word' id='word_1_79' title='bbox 755 1320 887 1384; x_wconf 88' lang='lat' dir='ltr'><strong>eamque</strong></span> <span class='ocrx_word' id='word_1_80' title='bbox 903 1299 1048 1364; x_wconf 83' lang='lat' dir='ltr'><strong>debuisse</strong></span> <span class='ocrx_word' id='word_1_81' title='bbox 1071 1299 1173 1365; x_wconf 86' lang='lat' dir='ltr'><strong>modis</strong></span> <span class='ocrx_word' id='word_1_82' title='bbox 1191 1298 1338 1364; x_wconf 90' lang='lat' dir='ltr'><strong>omnibus</strong></span> <span class='ocrx_word' id='word_1_83' title='bbox 1359 1293 1459 1377; x_wconf 76' lang='lat' dir='ltr'><strong>aboleri3</strong></span> 
     </span>
     <span class='ocr_line' id='line_1_11' title="bbox 226 1392 1459 1487; baseline -0.002 -19"><span class='ocrx_word' id='word_1_84' title='bbox 226 1407 258 1468; x_wconf 90' lang='lat' dir='ltr'><strong>et</strong></span> <span class='ocrx_word' id='word_1_85' title='bbox 279 1403 350 1468; x_wconf 91' lang='lat' dir='ltr'><strong>ideo</strong></span> <span class='ocrx_word' id='word_1_86' title='bbox 369 1403 501 1487; x_wconf 86' lang='lat' dir='ltr'><strong>justam,</strong></span> <span class='ocrx_word' id='word_1_87' title='bbox 526 1402 653 1485; x_wconf 88' lang='lat' dir='ltr'><strong>bonam,</strong></span> <span class='ocrx_word' id='word_1_88' title='bbox 678 1402 836 1467; x_wconf 88' lang='lat' dir='ltr'><strong>veraciter</strong></span> <span class='ocrx_word' id='word_1_89' title='bbox 854 1400 1072 1466; x_wconf 79' lang='lat' dir='ltr'><strong>Christianam</strong></span> <span class='ocrx_word' id='word_1_90' title='bbox 1088 1400 1376 1467; x_wconf 79' lang='lat' dir='ltr'><strong>Calchedonemem</strong></span> <span class='ocrx_word' id='word_1_91' title='bbox 1392 1392 1459 1483; x_wconf 71' lang='lat' dir='ltr'><strong>syuo</strong></span> 
     </span>
     <span class='ocr_line' id='line_1_12' title="bbox 225 1502 1460 1590; baseline -0.006 -20"><span class='ocrx_word' id='word_1_92' title='bbox 225 1507 301 1570; x_wconf 89' lang='lat' dir='ltr'><strong>dum</strong></span> <span class='ocrx_word' id='word_1_93' title='bbox 322 1505 514 1590; x_wconf 83' lang='lat' dir='ltr'><strong>processisse</strong></span> <span class='ocrx_word' id='word_1_94' title='bbox 537 1504 694 1568; x_wconf 89' lang='lat' dir='ltr'><strong>definiant</strong></span> <span class='ocrx_word' id='word_1_95' title='bbox 715 1504 750 1568; x_wconf 87' lang='lat' dir='ltr'><strong>in</strong></span> <span class='ocrx_word' id='word_1_96' title='bbox 772 1504 833 1584; x_wconf 88' lang='lat' dir='ltr'><strong>his,</strong></span> <span class='ocrx_word' id='word_1_97' title='bbox 856 1503 969 1588; x_wconf 91' lang='lat' dir='ltr'><strong>quibus</strong></span> <span class='ocrx_word' id='word_1_98' title='bbox 988 1502 1169 1589; x_wconf 82' lang='lat' dir='ltr'><strong>Eutychete</strong></span> <span class='ocrx_word' id='word_1_99' title='bbox 1191 1502 1325 1589; x_wconf 88' lang='lat' dir='ltr'><strong>depulso</strong></span> <span class='ocrx_word' id='word_1_100' title='bbox 1346 1522 1405 1567; x_wconf 88' lang='lat' dir='ltr'><strong>cum</strong></span> <span class='ocrx_word' id='word_1_101' title='bbox 1420 1517 1460 1563; x_wconf 83' lang='lat' dir='ltr'><strong>sur</strong></span> 
     </span>
     <span class='ocr_line' id='line_1_13' title="bbox 224 1603 1461 1693; baseline -0.002 -23"><span class='ocrx_word' id='word_1_102' title='bbox 224 1607 350 1672; x_wconf 85' lang='lat' dir='ltr'><strong>fautore</strong></span> <span class='ocrx_word' id='word_1_103' title='bbox 372 1606 525 1671; x_wconf 90' lang='lat' dir='ltr'><strong>Dioscoro</strong></span> <span class='ocrx_word' id='word_1_104' title='bbox 547 1605 707 1671; x_wconf 88' lang='lat' dir='ltr'><strong>haeresim</strong></span> <span class='ocrx_word' id='word_1_105' title='bbox 734 1628 844 1671; x_wconf 89' lang='lat' dir='ltr'><strong>eorum</strong></span> <span class='ocrx_word' id='word_1_106' title='bbox 866 1627 1067 1693; x_wconf 87' lang='lat' dir='ltr'><strong>erroremque</strong></span> <span class='ocrx_word' id='word_1_107' title='bbox 1090 1606 1264 1672; x_wconf 87' lang='lat' dir='ltr'><strong>damnarit.</strong></span> <span class='ocrx_word' id='word_1_108' title='bbox 1301 1603 1390 1669; x_wconf 85' lang='lat' dir='ltr'><strong>Hanc</strong></span> <span class='ocrx_word' id='word_1_109' title='bbox 1405 1616 1461 1685; x_wconf 74' lang='lat' dir='ltr'><strong>orgo</strong></span> 
     </span>
     <span class='ocr_line' id='line_1_14' title="bbox 225 1706 1461 1794; baseline -0.001 -21"><span class='ocrx_word' id='word_1_110' title='bbox 225 1710 397 1794; x_wconf 84' lang='lat' dir='ltr'><strong>synodum,</strong></span> <span class='ocrx_word' id='word_1_111' title='bbox 430 1712 468 1773; x_wconf 91' lang='lat' dir='ltr'><strong>ut</strong></span> <span class='ocrx_word' id='word_1_112' title='bbox 495 1708 616 1773; x_wconf 89' lang='lat' dir='ltr'><strong>dictum</strong></span> <span class='ocrx_word' id='word_1_113' title='bbox 644 1712 709 1792; x_wconf 89' lang='lat' dir='ltr'><strong>est,</strong></span> <span class='ocrx_word' id='word_1_114' title='bbox 744 1709 880 1792; x_wconf 87' lang='lat' dir='ltr'><strong>bonam,</strong></span> <span class='ocrx_word' id='word_1_115' title='bbox 908 1731 1035 1791; x_wconf 90' lang='lat' dir='ltr'><strong>veram,</strong></span> <span class='ocrx_word' id='word_1_116' title='bbox 1065 1708 1189 1792; x_wconf 87' lang='lat' dir='ltr'><strong>justam</strong></span> <span class='ocrx_word' id='word_1_117' title='bbox 1216 1706 1461 1787; x_wconf 71' lang='lat' dir='ltr'><strong>christumque</strong></span> 
     </span>
     <span class='ocr_line' id='line_1_15' title="bbox 225 1808 1461 1894; baseline -0.003 -19"><span class='ocrx_word' id='word_1_118' title='bbox 225 1833 293 1875; x_wconf 92' lang='lat' dir='ltr'><strong>esse</strong></span> <span class='ocrx_word' id='word_1_119' title='bbox 316 1833 382 1875; x_wconf 90' lang='lat' dir='ltr'><strong>non</strong></span> <span class='ocrx_word' id='word_1_120' title='bbox 404 1810 564 1894; x_wconf 88' lang='lat' dir='ltr'><strong>dubitant,</strong></span> <span class='ocrx_word' id='word_1_121' title='bbox 588 1832 646 1894; x_wconf 90' lang='lat' dir='ltr'><strong>per</strong></span> <span class='ocrx_word' id='word_1_122' title='bbox 668 1832 763 1894; x_wconf 89' lang='lat' dir='ltr'><strong>quam</strong></span> <span class='ocrx_word' id='word_1_123' title='bbox 785 1809 841 1873; x_wconf 88' lang='lat' dir='ltr'><strong>illa</strong></span> <span class='ocrx_word' id='word_1_124' title='bbox 863 1810 960 1876; x_wconf 83' lang='lat' dir='ltr'><strong>noxia</strong></span> <span class='ocrx_word' id='word_1_125' title='bbox 975 1810 1019 1876; x_wconf 87' lang='lat' dir='ltr'><strong>sit</strong></span> <span class='ocrx_word' id='word_1_126' title='bbox 1033 1814 1166 1875; x_wconf 91' lang='lat' dir='ltr'><strong>remota.</strong></span> <span class='ocrx_word' id='word_1_127' title='bbox 1200 1808 1461 1894; x_wconf 72' lang='lat' dir='ltr'><strong>Perspiciantergo</strong></span> 
     </span>
     <span class='ocr_line' id='line_1_16' title="bbox 225 1909 1461 1997; baseline -0.001 -20"><span class='ocrx_word' id='word_1_128' title='bbox 225 1913 417 1997; x_wconf 88' lang='lat' dir='ltr'><strong>tandemque</strong></span> <span class='ocrx_word' id='word_1_129' title='bbox 441 1913 634 1995; x_wconf 79' lang='lat' dir='ltr'><strong>concedant,</strong></span> <span class='ocrx_word' id='word_1_130' title='bbox 657 1912 748 1996; x_wconf 79' lang='lat' dir='ltr'><strong>quod</strong></span> <span class='ocrx_word' id='word_1_131' title='bbox 771 1911 913 1996; x_wconf 90' lang='lat' dir='ltr'><strong>quisquis</strong></span> <span class='ocrx_word' id='word_1_132' title='bbox 941 1913 981 1977; x_wconf 87' lang='lat' dir='ltr'><strong>ab</strong></span> <span class='ocrx_word' id='word_1_133' title='bbox 1011 1911 1079 1996; x_wconf 86' lang='lat' dir='ltr'><strong>ejus</strong></span> <span class='ocrx_word' id='word_1_134' title='bbox 1102 1911 1210 1995; x_wconf 86' lang='lat' dir='ltr'><strong>justae</strong></span> <span class='ocrx_word' id='word_1_135' title='bbox 1238 1914 1272 1977; x_wconf 90' lang='lat' dir='ltr'><strong>et</strong></span> <span class='ocrx_word' id='word_1_136' title='bbox 1293 1909 1461 1979; x_wconf 69' lang='lat' dir='ltr'><strong>cnutus</strong></span> 
     </span>
     <span class='ocr_line' id='line_1_17' title="bbox 225 2011 1461 2099; baseline -0.006 -21"><span class='ocrx_word' id='word_1_137' title='bbox 225 2036 381 2099; x_wconf 87' lang='lat' dir='ltr'><strong>veraeque</strong></span> <span class='ocrx_word' id='word_1_138' title='bbox 404 2014 516 2098; x_wconf 84' lang='lat' dir='ltr'><strong>synodi</strong></span> <span class='ocrx_word' id='word_1_139' title='bbox 538 2015 611 2097; x_wconf 91' lang='lat' dir='ltr'><strong>fide,</strong></span> <span class='ocrx_word' id='word_1_140' title='bbox 637 2014 858 2078; x_wconf 89' lang='lat' dir='ltr'><strong>communione</strong></span> <span class='ocrx_word' id='word_1_141' title='bbox 881 2017 914 2078; x_wconf 90' lang='lat' dir='ltr'><strong>et</strong></span> <span class='ocrx_word' id='word_1_142' title='bbox 936 2014 1071 2078; x_wconf 88' lang='lat' dir='ltr'><strong>veritate</strong></span> <span class='ocrx_word' id='word_1_143' title='bbox 1099 2013 1291 2098; x_wconf 88' lang='lat' dir='ltr'><strong>deviaverit,</strong></span> <span class='ocrx_word' id='word_1_144' title='bbox 1319 2013 1367 2079; x_wconf 91' lang='lat' dir='ltr'><strong>vel</strong></span> <span class='ocrx_word' id='word_1_145' title='bbox 1386 2011 1419 2076; x_wconf 87' lang='lat' dir='ltr'><strong>ab</strong></span> <span class='ocrx_word' id='word_1_146' title='bbox 1434 2026 1461 2071; x_wconf 76' lang='lat' dir='ltr'><strong>et</strong></span> 
     </span>
     <span class='ocr_line' id='line_1_18' title="bbox 220 2112 1461 2200; baseline -0.001 -20"><span class='ocrx_word' id='word_1_147' title='bbox 220 2116 427 2180; x_wconf 85' lang='lat' dir='ltr'><strong>deviantibus</strong></span> <span class='ocrx_word' id='word_1_148' title='bbox 451 2115 705 2180; x_wconf 89' lang='lat' dir='ltr'><strong>communionem</strong></span> <span class='ocrx_word' id='word_1_149' title='bbox 727 2115 907 2198; x_wconf 86' lang='lat' dir='ltr'><strong>miscuerit,</strong></span> <span class='ocrx_word' id='word_1_150' title='bbox 936 2115 1134 2180; x_wconf 87' lang='lat' dir='ltr'><strong>sufficienter</strong></span> <span class='ocrx_word' id='word_1_151' title='bbox 1155 2119 1254 2200; x_wconf 87' lang='lat' dir='ltr'><strong>atque</strong></span> <span class='ocrx_word' id='word_1_152' title='bbox 1276 2112 1461 2200; x_wconf 71' lang='lat' dir='ltr'><strong>compcan</strong></span> 
     </span>
     <span class='ocr_line' id='line_1_19' title="bbox 224 2210 1461 2301; baseline 0.002 -21"><span class='ocrx_word' id='word_1_153' title='bbox 224 2218 399 2282; x_wconf 89' lang='lat' dir='ltr'><strong>secundum</strong></span> <span class='ocrx_word' id='word_1_154' title='bbox 421 2217 521 2300; x_wconf 89' lang='lat' dir='ltr'><strong>ipsius</strong></span> <span class='ocrx_word' id='word_1_155' title='bbox 544 2217 676 2281; x_wconf 89' lang='lat' dir='ltr'><strong>definita</strong></span> <span class='ocrx_word' id='word_1_156' title='bbox 698 2220 847 2281; x_wconf 90' lang='lat' dir='ltr'><strong>teneatur</strong></span> <span class='ocrx_word' id='word_1_157' title='bbox 868 2217 1056 2282; x_wconf 88' lang='lat' dir='ltr'><strong>obstrietus:</strong></span> <span class='ocrx_word' id='word_1_158' title='bbox 1079 2218 1232 2301; x_wconf 90' lang='lat' dir='ltr'><strong>quoniam</strong></span> <span class='ocrx_word' id='word_1_159' title='bbox 1252 2217 1339 2282; x_wconf 84' lang='lat' dir='ltr'><strong>mala</strong></span> <span class='ocrx_word' id='word_1_160' title='bbox 1354 2210 1461 2301; x_wconf 60' lang='lat' dir='ltr'><strong>qnod!</strong></span> 
     </span>
     <span class='ocr_line' id='line_1_20' title="bbox 224 2318 1460 2403; baseline -0.001 -21"><span class='ocrx_word' id='word_1_161' title='bbox 224 2319 309 2383; x_wconf 92' lang='lat' dir='ltr'><strong>bona</strong></span> <span class='ocrx_word' id='word_1_162' title='bbox 336 2318 447 2384; x_wconf 87' lang='lat' dir='ltr'><strong>debuit</strong></span> <span class='ocrx_word' id='word_1_163' title='bbox 474 2318 671 2401; x_wconf 90' lang='lat' dir='ltr'><strong>submoveri,</strong></span> <span class='ocrx_word' id='word_1_164' title='bbox 718 2320 802 2384; x_wconf 88' lang='lat' dir='ltr'><strong>bona</strong></span> <span class='ocrx_word' id='word_1_165' title='bbox 829 2339 904 2383; x_wconf 82' lang='lat' dir='ltr'><strong>vero</strong></span> <span class='ocrx_word' id='word_1_166' title='bbox 932 2318 1071 2403; x_wconf 89' lang='lat' dir='ltr'><strong>synodus</strong></span> <span class='ocrx_word' id='word_1_167' title='bbox 1099 2318 1189 2384; x_wconf 90' lang='lat' dir='ltr'><strong>nulla</strong></span> <span class='ocrx_word' id='word_1_168' title='bbox 1217 2341 1315 2387; x_wconf 87' lang='lat' dir='ltr'><strong>causa</strong></span> <span class='ocrx_word' id='word_1_169' title='bbox 1339 2321 1396 2402; x_wconf 84' lang='lat' dir='ltr'><strong>est,</strong></span> <span class='ocrx_word' id='word_1_170' title='bbox 1414 2328 1460 2381; x_wconf 69' lang='lat' dir='ltr'><strong>&#39;w</strong></span> 
     </span>
     <span class='ocr_line' id='line_1_21' title="bbox 223 2409 1461 2508; baseline 0.001 -26"><span class='ocrx_word' id='word_1_171' title='bbox 223 2419 287 2508; x_wconf 79' lang='lat' dir='ltr'><strong>alia</strong></span> <span class='ocrx_word' id='word_1_172' title='bbox 315 2419 430 2487; x_wconf 86' lang='lat' dir='ltr'><strong>debeat</strong></span> <span class='ocrx_word' id='word_1_173' title='bbox 457 2420 578 2505; x_wconf 92' lang='lat' dir='ltr'><strong>synodo</strong></span> <span class='ocrx_word' id='word_1_174' title='bbox 607 2421 791 2504; x_wconf 87' lang='lat' dir='ltr'><strong>retractari,</strong></span> <span class='ocrx_word' id='word_1_175' title='bbox 825 2442 867 2485; x_wconf 92' lang='lat' dir='ltr'><strong>ne</strong></span> <span class='ocrx_word' id='word_1_176' title='bbox 894 2421 966 2505; x_wconf 92' lang='lat' dir='ltr'><strong>ipsa</strong></span> <span class='ocrx_word' id='word_1_177' title='bbox 993 2421 1180 2487; x_wconf 85' lang='lat' dir='ltr'><strong>retractatio</strong></span> <span class='ocrx_word' id='word_1_178' title='bbox 1213 2421 1283 2506; x_wconf 83' lang='lat' dir='ltr'><strong>ejus</strong></span> <span class='ocrx_word' id='word_1_179' title='bbox 1311 2409 1461 2488; x_wconf 64' lang='lat' dir='ltr'><strong>anduh</strong></span> 
     </span>
     <span class='ocr_line' id='line_1_22' title="bbox 224 2520 1461 2608; baseline 0.003 -24"><span class='ocrx_word' id='word_1_180' title='bbox 224 2520 356 2606; x_wconf 86' lang='lat' dir='ltr'><strong>deroget</strong></span> <span class='ocrx_word' id='word_1_181' title='bbox 383 2522 580 2587; x_wconf 86' lang='lat' dir='ltr'><strong>firmitatem.</strong></span> <span class='ocrx_word' id='word_1_182' title='bbox 638 2522 777 2588; x_wconf 86' lang='lat' dir='ltr'><strong>Proinde</strong></span> <span class='ocrx_word' id='word_1_183' title='bbox 809 2522 989 2607; x_wconf 88' lang='lat' dir='ltr'><strong>quicunque</strong></span> <span class='ocrx_word' id='word_1_184' title='bbox 1023 2523 1285 2608; x_wconf 81' lang='lat' dir='ltr'><strong>congregationis</strong></span> <span class='ocrx_word' id='word_1_185' title='bbox 1312 2520 1461 2608; x_wconf 68' lang='lat' dir='ltr'><strong>Ephesus·</strong></span> 
     </span>
     <span class='ocr_line' id='line_1_23' title="bbox 222 2616 1460 2709; baseline 0 -24"><span class='ocrx_word' id='word_1_186' title='bbox 222 2625 376 2687; x_wconf 88' lang='lat' dir='ltr'><strong>tenentur</strong></span> <span class='ocrx_word' id='word_1_187' title='bbox 398 2624 530 2706; x_wconf 86' lang='lat' dir='ltr'><strong>affectu,</strong></span> <span class='ocrx_word' id='word_1_188' title='bbox 559 2623 634 2709; x_wconf 93' lang='lat' dir='ltr'><strong>quid</strong></span> <span class='ocrx_word' id='word_1_189' title='bbox 658 2623 761 2689; x_wconf 88' lang='lat' dir='ltr'><strong>adhuc</strong></span> <span class='ocrx_word' id='word_1_190' title='bbox 782 2623 896 2691; x_wconf 87' lang='lat' dir='ltr'><strong>Aeacii</strong></span> <span class='ocrx_word' id='word_1_191' title='bbox 918 2623 1140 2689; x_wconf 85' lang='lat' dir='ltr'><strong>tantummodo</strong></span> <span class='ocrx_word' id='word_1_192' title='bbox 1162 2647 1282 2691; x_wconf 90' lang='lat' dir='ltr'><strong>nomen</strong></span> <span class='ocrx_word' id='word_1_193' title='bbox 1304 2616 1460 2696; x_wconf 68' lang='lat' dir='ltr'><strong>obtendunt</strong></span> 
     </span>
     <span class='ocr_line' id='line_1_24' title="bbox 224 2717 1461 2813; baseline 0.002 -27"><span class='ocrx_word' id='word_1_194' title='bbox 224 2728 256 2787; x_wconf 91' lang='lat' dir='ltr'><strong>et</strong></span> <span class='ocrx_word' id='word_1_195' title='bbox 278 2737 344 2788; x_wconf 86' lang='lat' dir='ltr'><strong>non</strong></span> <span class='ocrx_word' id='word_1_196' title='bbox 366 2725 474 2808; x_wconf 89' lang='lat' dir='ltr'><strong>palam</strong></span> <span class='ocrx_word' id='word_1_197' title='bbox 496 2726 578 2811; x_wconf 51' lang='lat' dir='ltr'><strong>sem)</strong></span> <span class='ocrx_word' id='word_1_198' title='bbox 601 2728 775 2790; x_wconf 87' lang='lat' dir='ltr'><strong>sectatores</strong></span> <span class='ocrx_word' id='word_1_199' title='bbox 797 2724 1003 2810; x_wconf 80' lang='lat' dir='ltr'><strong>Eutychetis,</strong></span> <span class='ocrx_word' id='word_1_200' title='bbox 1038 2726 1092 2811; x_wconf 91' lang='lat' dir='ltr'><strong>qui</strong></span> <span class='ocrx_word' id='word_1_201' title='bbox 1119 2726 1187 2792; x_wconf 92' lang='lat' dir='ltr'><strong>illic</strong></span> <span class='ocrx_word' id='word_1_202' title='bbox 1208 2730 1355 2813; x_wconf 88' lang='lat' dir='ltr'><strong>receptus</strong></span> <span class='ocrx_word' id='word_1_203' title='bbox 1373 2717 1461 2799; x_wconf 74' lang='lat' dir='ltr'><strong>fuant,</strong></span> 
     </span>
     <span class='ocr_line' id='line_1_25' title="bbox 223 2824 1499 2913; baseline 0.002 -24"><span class='ocrx_word' id='word_1_204' title='bbox 223 2824 437 2909; x_wconf 78' lang='lat' dir='ltr'><strong>profitentur?</strong></span> <span class='ocrx_word' id='word_1_205' title='bbox 480 2825 569 2901; x_wconf 81' lang='lat' dir='ltr'><strong>Quod</strong></span> <span class='ocrx_word' id='word_1_206' title='bbox 593 2827 620 2891; x_wconf 93' lang='lat' dir='ltr'><strong>si</strong></span> <span class='ocrx_word' id='word_1_207' title='bbox 642 2827 817 2912; x_wconf 85' lang='lat' dir='ltr'><strong>refugiunt,</strong></span> <span class='ocrx_word' id='word_1_208' title='bbox 846 2830 942 2911; x_wconf 87' lang='lat' dir='ltr'><strong>atque</strong></span> <span class='ocrx_word' id='word_1_209' title='bbox 963 2826 1134 2912; x_wconf 83' lang='lat' dir='ltr'><strong>Eutychen</strong></span> <span class='ocrx_word' id='word_1_210' title='bbox 1156 2849 1190 2894; x_wconf 90' lang='lat' dir='ltr'><strong>se</strong></span> <span class='ocrx_word' id='word_1_211' title='bbox 1213 2827 1384 2913; x_wconf 86' lang='lat' dir='ltr'><strong>perhibent</strong></span> <span class='ocrx_word' id='word_1_212' title='bbox 1401 2838 1463 2891; x_wconf 66' lang='lat' dir='ltr'><strong>exst</strong></span> <span class='ocrx_word' id='word_1_213' title='bbox 1493 2840 1499 2865; x_wconf 89' lang='lat'>¹</span> 
     </span>
     <span class='ocr_line' id='line_1_26' title="bbox 224 2923 1467 3016; baseline 0.006 -26"><span class='ocrx_word' id='word_1_214' title='bbox 224 2926 318 3010; x_wconf 85' lang='lat' dir='ltr'><strong>erari,</strong></span> <span class='ocrx_word' id='word_1_215' title='bbox 342 2927 435 2992; x_wconf 91' lang='lat' dir='ltr'><strong>simul</strong></span> <span class='ocrx_word' id='word_1_216' title='bbox 459 2949 535 3013; x_wconf 87' lang='lat' dir='ltr'><strong>ergo</strong></span> <span class='ocrx_word' id='word_1_217' title='bbox 560 2932 592 2992; x_wconf 91' lang='lat' dir='ltr'><strong>et</strong></span> <span class='ocrx_word' id='word_1_218' title='bbox 607 2928 816 3011; x_wconf 81' lang='lat' dir='ltr'><strong>Ephesinam,</strong></span> <span class='ocrx_word' id='word_1_219' title='bbox 840 2951 902 3012; x_wconf 92' lang='lat' dir='ltr'><strong>qua</strong></span> <span class='ocrx_word' id='word_1_220' title='bbox 923 2931 1009 2994; x_wconf 87' lang='lat' dir='ltr'><strong>male</strong></span> <span class='ocrx_word' id='word_1_221' title='bbox 1030 2933 1178 3014; x_wconf 90' lang='lat' dir='ltr'><strong>receptus</strong></span> <span class='ocrx_word' id='word_1_222' title='bbox 1200 2934 1261 3013; x_wconf 90' lang='lat' dir='ltr'><strong>est,</strong></span> <span class='ocrx_word' id='word_1_223' title='bbox 1286 2923 1467 3016; x_wconf 51' lang='lat' dir='ltr'><strong>conspiret*</strong></span> 
     </span>
     <span class='ocr_line' id='line_1_27' title="bbox 223 3028 1470 3116; baseline 0.006 -25"><span class='ocrx_word' id='word_1_224' title='bbox 223 3050 297 3092; x_wconf 91' lang='lat' dir='ltr'><strong>nem</strong></span> <span class='ocrx_word' id='word_1_225' title='bbox 315 3029 388 3112; x_wconf 89' lang='lat' dir='ltr'><strong>jure</strong></span> <span class='ocrx_word' id='word_1_226' title='bbox 411 3034 586 3113; x_wconf 88' lang='lat' dir='ltr'><strong>cassatam,</strong></span> <span class='ocrx_word' id='word_1_227' title='bbox 616 3033 649 3093; x_wconf 89' lang='lat' dir='ltr'><strong>et</strong></span> <span class='ocrx_word' id='word_1_228' title='bbox 670 3029 963 3095; x_wconf 81' lang='lat' dir='ltr'><strong>Calchedonensem</strong></span> <span class='ocrx_word' id='word_1_229' title='bbox 985 3031 1158 3115; x_wconf 89' lang='lat' dir='ltr'><strong>synodum,</strong></span> <span class='ocrx_word' id='word_1_230' title='bbox 1186 3053 1251 3116; x_wconf 89' lang='lat' dir='ltr'><strong>qua</strong></span> <span class='ocrx_word' id='word_1_231' title='bbox 1273 3032 1410 3116; x_wconf 84' lang='lat' dir='ltr'><strong>rejectus</strong></span> <span class='ocrx_word' id='word_1_232' title='bbox 1427 3028 1470 3111; x_wconf 62' lang='lat' dir='ltr'><strong>ul)</strong></span> 
     </span>
     <span class='ocr_line' id='line_1_28' title="bbox 222 3126 1476 3220; baseline 0.006 -28"><span class='ocrx_word' id='word_1_233' title='bbox 222 3130 338 3194; x_wconf 87' lang='lat' dir='ltr'><strong>merito</strong></span> <span class='ocrx_word' id='word_1_234' title='bbox 366 3131 570 3195; x_wconf 88' lang='lat' dir='ltr'><strong>consentient</strong></span> <span class='ocrx_word' id='word_1_235' title='bbox 596 3130 793 3214; x_wconf 70' lang='lat' dir='ltr'><strong>institutam,</strong></span> <span class='ocrx_word' id='word_1_236' title='bbox 830 3134 926 3215; x_wconf 89' lang='lat' dir='ltr'><strong>atque</strong></span> <span class='ocrx_word' id='word_1_237' title='bbox 955 3133 1002 3199; x_wconf 77' lang='lat' dir='ltr'><strong>in</strong></span> <span class='ocrx_word' id='word_1_238' title='bbox 1029 3133 1202 3217; x_wconf 90' lang='lat' dir='ltr'><strong>synodum,</strong></span> <span class='ocrx_word' id='word_1_239' title='bbox 1236 3154 1320 3218; x_wconf 86' lang='lat' dir='ltr'><strong>quae</strong></span> <span class='ocrx_word' id='word_1_240' title='bbox 1347 3154 1406 3220; x_wconf 91' lang='lat' dir='ltr'><strong>pro</strong></span> <span class='ocrx_word' id='word_1_241' title='bbox 1428 3126 1476 3199; x_wconf 77' lang='lat' dir='ltr'><strong>litt</strong></span> 
     </span>
     <span class='ocr_line' id='line_1_29' title="bbox 223 3231 1481 3319; baseline 0.005 -24"><span class='ocrx_word' id='word_1_242' title='bbox 223 3231 381 3297; x_wconf 84' lang='lat' dir='ltr'><strong>catholica</strong></span> <span class='ocrx_word' id='word_1_243' title='bbox 403 3233 447 3297; x_wconf 90' lang='lat' dir='ltr'><strong>sit</strong></span> <span class='ocrx_word' id='word_1_244' title='bbox 469 3234 621 3316; x_wconf 86' lang='lat' dir='ltr'><strong>praefixa,</strong></span> <span class='ocrx_word' id='word_1_245' title='bbox 646 3231 819 3296; x_wconf 88' lang='lat' dir='ltr'><strong>secundum</strong></span> <span class='ocrx_word' id='word_1_246' title='bbox 842 3236 984 3298; x_wconf 88' lang='lat' dir='ltr'><strong>veterum</strong></span> <span class='ocrx_word' id='word_1_247' title='bbox 1006 3235 1155 3318; x_wconf 88' lang='lat' dir='ltr'><strong>formam,</strong></span> <span class='ocrx_word' id='word_1_248' title='bbox 1183 3233 1267 3299; x_wconf 87' lang='lat' dir='ltr'><strong>sicut</strong></span> <span class='ocrx_word' id='word_1_249' title='bbox 1290 3235 1414 3302; x_wconf 87' lang='lat' dir='ltr'><strong>dictum</strong></span> <span class='ocrx_word' id='word_1_250' title='bbox 1432 3236 1481 3319; x_wconf 69' lang='lat' dir='ltr'><strong>oi,</strong></span> 
     </span>
     <span class='ocr_line' id='line_1_30' title="bbox 221 3333 1486 3423; baseline 0.007 -27"><span class='ocrx_word' id='word_1_251' title='bbox 221 3334 418 3417; x_wconf 89' lang='lat' dir='ltr'><strong>perspicient</strong></span> <span class='ocrx_word' id='word_1_252' title='bbox 432 3334 567 3399; x_wconf 90' lang='lat' dir='ltr'><strong>novellis</strong></span> <span class='ocrx_word' id='word_1_253' title='bbox 582 3356 648 3398; x_wconf 91' lang='lat' dir='ltr'><strong>non</strong></span> <span class='ocrx_word' id='word_1_254' title='bbox 663 3333 804 3416; x_wconf 88' lang='lat' dir='ltr'><strong>potuisse</strong></span> <span class='ocrx_word' id='word_1_255' title='bbox 820 3335 1060 3417; x_wconf 86' lang='lat' dir='ltr'><strong>quaestionibus</strong></span> <span class='ocrx_word' id='word_1_256' title='bbox 1072 3336 1234 3420; x_wconf 86' lang='lat' dir='ltr'><strong>ventilari,</strong></span> <span class='ocrx_word' id='word_1_257' title='bbox 1247 3337 1308 3402; x_wconf 90' lang='lat' dir='ltr'><strong>sed</strong></span> <span class='ocrx_word' id='word_1_258' title='bbox 1318 3338 1416 3423; x_wconf 73' lang='lat' dir='ltr'><strong>jum</strong></span> <span class='ocrx_word' id='word_1_259' title='bbox 1428 3336 1486 3423; x_wconf 72' lang='lat' dir='ltr'><strong>eju</strong></span> 
     </span>
     <span class='ocr_line' id='line_1_31' title="bbox 221 3434 1491 3522; baseline 0.009 -27"><span class='ocrx_word' id='word_1_260' title='bbox 221 3436 364 3499; x_wconf 86' lang='lat' dir='ltr'><strong>tenorem</strong></span> <span class='ocrx_word' id='word_1_261' title='bbox 388 3437 486 3500; x_wconf 90' lang='lat' dir='ltr'><strong>semel</strong></span> <span class='ocrx_word' id='word_1_262' title='bbox 508 3436 650 3521; x_wconf 80' lang='lat' dir='ltr'><strong>legitime</strong></span> <span class='ocrx_word' id='word_1_263' title='bbox 669 3435 818 3518; x_wconf 83' lang='lat' dir='ltr'><strong>justeque</strong></span> <span class='ocrx_word' id='word_1_264' title='bbox 846 3434 1069 3520; x_wconf 89' lang='lat' dir='ltr'><strong>depromptum</strong></span> <span class='ocrx_word' id='word_1_265' title='bbox 1100 3440 1133 3502; x_wconf 90' lang='lat' dir='ltr'><strong>et</strong></span> <span class='ocrx_word' id='word_1_266' title='bbox 1155 3438 1231 3522; x_wconf 88' lang='lat' dir='ltr'><strong>jure</strong></span> <span class='ocrx_word' id='word_1_267' title='bbox 1252 3439 1389 3522; x_wconf 83' lang='lat' dir='ltr'><strong>probari</strong></span> <span class='ocrx_word' id='word_1_268' title='bbox 1410 3440 1491 3507; x_wconf 74' lang='lat' dir='ltr'><strong>resin</strong></span> 
     </span>
     <span class='ocr_line' id='line_1_32' title="bbox 204 3526 1493 3627; baseline 0.007 -29"><span class='ocrx_word' id='word_1_269' title='bbox 204 3526 400 3620; x_wconf 75' lang='lat' dir='ltr'><strong>sectantes,</strong></span> <span class='ocrx_word' id='word_1_270' title='bbox 431 3542 463 3601; x_wconf 91' lang='lat' dir='ltr'><strong>et</strong></span> <span class='ocrx_word' id='word_1_271' title='bbox 491 3538 666 3602; x_wconf 87' lang='lat' dir='ltr'><strong>sentientes</strong></span> <span class='ocrx_word' id='word_1_272' title='bbox 696 3536 857 3600; x_wconf 85' lang='lat' dir='ltr'><strong>contraria</strong></span> <span class='ocrx_word' id='word_1_273' title='bbox 885 3539 1028 3604; x_wconf 85' lang='lat' dir='ltr'><strong>refutari.</strong></span> <span class='ocrx_word' id='word_1_274' title='bbox 1072 3537 1164 3615; x_wconf 81' lang='lat' dir='ltr'><strong>Quod</strong></span> <span class='ocrx_word' id='word_1_275' title='bbox 1190 3538 1285 3606; x_wconf 87' lang='lat' dir='ltr'><strong>sedes</strong></span> <span class='ocrx_word' id='word_1_276' title='bbox 1307 3541 1493 3627; x_wconf 71' lang='lat' dir='ltr'><strong>apostolia,</strong></span> 
     </span>
     <span class='ocr_line' id='line_1_33' title="bbox 221 3637 1496 3727; baseline 0.011 -29"><span class='ocrx_word' id='word_1_277' title='bbox 221 3637 304 3701; x_wconf 87' lang='lat' dir='ltr'><strong>sicut</strong></span> <span class='ocrx_word' id='word_1_278' title='bbox 326 3639 449 3720; x_wconf 85' lang='lat' dir='ltr'><strong>decuit,</strong></span> <span class='ocrx_word' id='word_1_279' title='bbox 473 3640 606 3724; x_wconf 88' lang='lat' dir='ltr'><strong>antiqua</strong></span> <span class='ocrx_word' id='word_1_280' title='bbox 627 3638 803 3703; x_wconf 87' lang='lat' dir='ltr'><strong>traditione</strong></span> <span class='ocrx_word' id='word_1_281' title='bbox 826 3640 1023 3724; x_wconf 89' lang='lat' dir='ltr'><strong>custodiens,</strong></span> <span class='ocrx_word' id='word_1_282' title='bbox 1053 3663 1120 3706; x_wconf 90' lang='lat' dir='ltr'><strong>non</strong></span> <span class='ocrx_word' id='word_1_283' title='bbox 1142 3642 1304 3727; x_wconf 89' lang='lat' dir='ltr'><strong>synodum</strong></span> <span class='ocrx_word' id='word_1_284' title='bbox 1325 3644 1424 3711; x_wconf 76' lang='lat' dir='ltr'><strong>druit</strong></span> <span class='ocrx_word' id='word_1_285' title='bbox 1443 3645 1496 3711; x_wconf 81' lang='lat' dir='ltr'><strong>its·</strong></span> 
     </span>
     <span class='ocr_line' id='line_1_34' title="bbox 221 3738 1497 3832; baseline 0.012 -33"><span class='ocrx_word' id='word_1_286' title='bbox 221 3738 364 3822; x_wconf 85' lang='lat' dir='ltr'><strong>randum,</strong></span> <span class='ocrx_word' id='word_1_287' title='bbox 389 3740 443 3803; x_wconf 90' lang='lat' dir='ltr'><strong>sed</strong></span> <span class='ocrx_word' id='word_1_288' title='bbox 466 3741 501 3804; x_wconf 94' lang='lat' dir='ltr'><strong>in</strong></span> <span class='ocrx_word' id='word_1_289' title='bbox 524 3743 592 3825; x_wconf 84' lang='lat' dir='ltr'><strong>ejus</strong></span> <span class='ocrx_word' id='word_1_290' title='bbox 614 3743 869 3825; x_wconf 85' lang='lat' dir='ltr'><strong>praevaricatore</strong></span> <span class='ocrx_word' id='word_1_291' title='bbox 891 3742 1039 3823; x_wconf 90' lang='lat' dir='ltr'><strong>pellendo</strong></span> <span class='ocrx_word' id='word_1_292' title='bbox 1061 3742 1147 3808; x_wconf 85' lang='lat' dir='ltr'><strong>haue</strong></span> <span class='ocrx_word' id='word_1_293' title='bbox 1169 3744 1319 3810; x_wconf 90' lang='lat' dir='ltr'><strong>eamdem</strong></span> <span class='ocrx_word' id='word_1_294' title='bbox 1341 3747 1497 3832; x_wconf 77' lang='lat' dir='ltr'><strong>synodum</strong></span> 
     </span>
     <span class='ocr_line' id='line_1_35' title="bbox 220 3839 592 3926; baseline 0.013 -24"><span class='ocrx_word' id='word_1_295' title='bbox 220 3839 326 3922; x_wconf 91' lang='lat' dir='ltr'><strong>potius</strong></span> <span class='ocrx_word' id='word_1_296' title='bbox 349 3844 592 3926; x_wconf 84' lang='lat' dir='ltr'><strong>exsequendam.</strong></span> 
     </span>
    </p>
   </div>
   <div class='ocr_carea' id='block_1_3' title="bbox 218 3941 1499 4536">
    <p class='ocr_par' dir='ltr' id='par_1_4' title="bbox 218 3941 1499 4536">
     <span class='ocr_line' id='line_1_36' title="bbox 305 3941 1499 4040; baseline 0.013 -34"><span class='ocrx_word' id='word_1_297' title='bbox 305 3942 334 4006; x_wconf 85' lang='lat'><strong>7.</strong></span> <span class='ocrx_word' id='word_1_298' title='bbox 373 3941 573 4029; x_wconf 87' lang='lat' dir='ltr'><strong>Quapropter</strong></span> <span class='ocrx_word' id='word_1_299' title='bbox 600 3946 627 4010; x_wconf 91' lang='lat' dir='ltr'><strong>si</strong></span> <span class='ocrx_word' id='word_1_300' title='bbox 654 3946 724 4030; x_wconf 90' lang='lat' dir='ltr'><strong>quis</strong></span> <span class='ocrx_word' id='word_1_301' title='bbox 755 3944 856 4011; x_wconf 89' lang='lat' dir='ltr'><strong>adhuc</strong></span> <span class='ocrx_word' id='word_1_302' title='bbox 885 3946 1058 4013; x_wconf 87' lang='lat' dir='ltr'><strong>secundum</strong></span> <span class='ocrx_word' id='word_1_303' title='bbox 1080 3946 1388 4019; x_wconf 77' lang='lat' dir='ltr'><strong>Calchedonensem</strong></span> <span class='ocrx_word' id='word_1_304' title='bbox 1409 3972 1499 4040; x_wconf 81' lang='lat' dir='ltr'><strong>syno-</strong></span> 
     </span>
     <span class='ocr_line' id='line_1_37' title="bbox 219 4043 1499 4138; baseline 0.013 -33"><span class='ocrx_word' id='word_1_305' title='bbox 219 4043 294 4108; x_wconf 92' lang='lat' dir='ltr'><strong>dum</strong></span> <span class='ocrx_word' id='word_1_306' title='bbox 317 4043 396 4108; x_wconf 87' lang='lat' dir='ltr'><strong>haeo</strong></span> <span class='ocrx_word' id='word_1_307' title='bbox 419 4047 460 4110; x_wconf 86' lang='lat' dir='ltr'><strong>ab</strong></span> <span class='ocrx_word' id='word_1_308' title='bbox 482 4049 658 4130; x_wconf 84' lang='lat' dir='ltr'><strong>apostolica</strong></span> <span class='ocrx_word' id='word_1_309' title='bbox 681 4049 754 4112; x_wconf 89' lang='lat' dir='ltr'><strong>sede</strong></span> <span class='ocrx_word' id='word_1_310' title='bbox 777 4053 869 4132; x_wconf 82' lang='lat' dir='ltr'><strong>gesta</strong></span> <span class='ocrx_word' id='word_1_311' title='bbox 889 4049 1105 4133; x_wconf 88' lang='lat' dir='ltr'><strong>reprehendit,</strong></span> <span class='ocrx_word' id='word_1_312' title='bbox 1127 4056 1258 4136; x_wconf 85' lang='lat' dir='ltr'><strong>praeter</strong></span> <span class='ocrx_word' id='word_1_313' title='bbox 1273 4055 1364 4138; x_wconf 88' lang='lat' dir='ltr'><strong>quod</strong></span> <span class='ocrx_word' id='word_1_314' title='bbox 1379 4060 1416 4121; x_wconf 89' lang='lat' dir='ltr'><strong>et</strong></span> <span class='ocrx_word' id='word_1_315' title='bbox 1429 4055 1499 4137; x_wconf 70' lang='lat' dir='ltr'><strong>hm,</strong></span> 
     </span>
     <span class='ocr_line' id='line_1_38' title="bbox 219 4143 1499 4241; baseline 0.012 -32"><span class='ocrx_word' id='word_1_316' title='bbox 219 4168 314 4229; x_wconf 90' lang='lat' dir='ltr'><strong>quam</strong></span> <span class='ocrx_word' id='word_1_317' title='bbox 343 4148 488 4231; x_wconf 88' lang='lat' dir='ltr'><strong>superius</strong></span> <span class='ocrx_word' id='word_1_318' title='bbox 516 4149 745 4232; x_wconf 83' lang='lat' dir='ltr'><strong>adstruximus,</strong></span> <span class='ocrx_word' id='word_1_319' title='bbox 784 4155 817 4214; x_wconf 87' lang='lat' dir='ltr'><strong>et</strong></span> <span class='ocrx_word' id='word_1_320' title='bbox 845 4143 1015 4234; x_wconf 86' lang='lat' dir='ltr'><strong>multiplici</strong></span> <span class='ocrx_word' id='word_1_321' title='bbox 1042 4156 1150 4235; x_wconf 86' lang='lat' dir='ltr'><strong>potest</strong></span> <span class='ocrx_word' id='word_1_322' title='bbox 1175 4154 1307 4220; x_wconf 85' lang='lat' dir='ltr'><strong>ratione</strong></span> <span class='ocrx_word' id='word_1_323' title='bbox 1336 4156 1499 4241; x_wconf 74' lang='lat' dir='ltr'><strong>convinci,</strong></span> 
     </span>
     <span class='ocr_line' id='line_1_39' title="bbox 218 4249 1499 4334; baseline 0.011 -25"><span class='ocrx_word' id='word_1_324' title='bbox 218 4249 319 4311; x_wconf 89' lang='lat' dir='ltr'><strong>rnulto</strong></span> <span class='ocrx_word' id='word_1_325' title='bbox 341 4250 445 4334; x_wconf 77' lang='lat' dir='ltr'><strong>magis</strong></span> <span class='ocrx_word' id='word_1_326' title='bbox 468 4255 578 4314; x_wconf 84' lang='lat' dir='ltr'><strong>tamen</strong></span> <span class='ocrx_word' id='word_1_327' title='bbox 594 4253 714 4315; x_wconf 87' lang='lat' dir='ltr'><strong>Acacio</strong></span> <span class='ocrx_word' id='word_1_328' title='bbox 737 4275 802 4315; x_wconf 93' lang='lat' dir='ltr'><strong>non</strong></span> <span class='ocrx_word' id='word_1_329' title='bbox 825 4252 953 4317; x_wconf 90' lang='lat' dir='ltr'><strong>licuisse</strong></span> <span class='ocrx_word' id='word_1_330' title='bbox 974 4253 1130 4318; x_wconf 88' lang='lat' dir='ltr'><strong>fatebitur</strong></span> <span class='ocrx_word' id='word_1_331' title='bbox 1145 4255 1209 4319; x_wconf 91' lang='lat' dir='ltr'><strong>ista</strong></span> <span class='ocrx_word' id='word_1_332' title='bbox 1222 4259 1372 4324; x_wconf 83' lang='lat' dir='ltr'><strong>tentare.</strong></span> <span class='ocrx_word' id='word_1_333' title='bbox 1407 4258 1499 4325; x_wconf 69' lang='lat' dir='ltr'><strong>Dim</strong></span> 
     </span>
     <span class='ocr_line' id='line_1_40' title="bbox 219 4341 1499 4447; baseline 0.013 -37"><span class='ocrx_word' id='word_1_334' title='bbox 219 4370 305 4433; x_wconf 85' lang='lat' dir='ltr'><strong>ergo,</strong></span> <span class='ocrx_word' id='word_1_335' title='bbox 330 4373 392 4433; x_wconf 89' lang='lat' dir='ltr'><strong>qua</strong></span> <span class='ocrx_word' id='word_1_336' title='bbox 414 4341 531 4438; x_wconf 60' lang='lat' dir='ltr'><strong>ipsud)</strong></span> <span class='ocrx_word' id='word_1_337' title='bbox 561 4352 682 4436; x_wconf 91' lang='lat' dir='ltr'><strong>synodo</strong></span> <span class='ocrx_word' id='word_1_338' title='bbox 704 4352 886 4417; x_wconf 87' lang='lat' dir='ltr'><strong>Johannem</strong></span> <span class='ocrx_word' id='word_1_339' title='bbox 914 4356 1071 4419; x_wconf 81' lang='lat' dir='ltr'><strong>secundae</strong></span> <span class='ocrx_word' id='word_1_340' title='bbox 1094 4355 1177 4440; x_wconf 72' lang='lat' dir='ltr'><strong>sedis</strong></span> <span class='ocrx_word' id='word_1_341' title='bbox 1200 4357 1403 4445; x_wconf 78' lang='lat' dir='ltr'><strong>antistitem,</strong></span> <span class='ocrx_word' id='word_1_342' title='bbox 1426 4382 1499 4447; x_wconf 74' lang='lat' dir='ltr'><strong>qus-</strong></span> 
     </span>
     <span class='ocr_line' id='line_1_41' title="bbox 218 4449 1499 4536; baseline 0.014 -24"><span class='ocrx_word' id='word_1_343' title='bbox 218 4449 417 4536; x_wconf 87' lang='lat' dir='ltr'><strong>lemcunque,</strong></span> <span class='ocrx_word' id='word_1_344' title='bbox 443 4458 528 4518; x_wconf 87' lang='lat' dir='ltr'><strong>certe</strong></span> <span class='ocrx_word' id='word_1_345' title='bbox 552 4456 745 4519; x_wconf 82' lang='lat' dir='ltr'><strong>catholicum</strong></span> <span class='ocrx_word' id='word_1_346' title='bbox 768 4460 800 4518; x_wconf 88' lang='lat' dir='ltr'><strong>et</strong></span> <span class='ocrx_word' id='word_1_347' title='bbox 815 4479 834 4519; x_wconf 88' lang='lat' dir='ltr'><strong>a</strong></span> <span class='ocrx_word' id='word_1_348' title='bbox 851 4455 1017 4522; x_wconf 87' lang='lat' dir='ltr'><strong>catholicis</strong></span> <span class='ocrx_word' id='word_1_349' title='bbox 1033 4457 1218 4524; x_wconf 88' lang='lat' dir='ltr'><strong>ordinatum</strong></span> <span class='ocrx_word' id='word_1_350' title='bbox 1239 4480 1305 4525; x_wconf 88' lang='lat' dir='ltr'><strong>nec</strong></span> <span class='ocrx_word' id='word_1_351' title='bbox 1325 4460 1370 4526; x_wconf 93' lang='lat' dir='ltr'><strong>de</strong></span> <span class='ocrx_word' id='word_1_352' title='bbox 1393 4461 1499 4529; x_wconf 66' lang='lat' dir='ltr'><strong>catha</strong></span> 
     </span>
    </p>
   </div>
   <div class='ocr_carea' id='block_1_4' title="bbox 285 4706 1499 4788">
    <p class='ocr_par' dir='ltr' id='par_1_5' title="bbox 285 4706 1499 4788">
     <span class='ocr_line' id='line_1_42' title="bbox 285 4706 1499 4788; baseline 0.017 -31"><span class='ocrx_word' id='word_1_353' title='bbox 285 4706 317 4774; x_wconf 74' lang='lat'><strong>⁸⁹)</strong></span> <span class='ocrx_word' id='word_1_354' title='bbox 336 4707 378 4762; x_wconf 85' lang='lat' dir='ltr'><strong>lta</strong></span> <span class='ocrx_word' id='word_1_355' title='bbox 396 4708 487 4772; x_wconf 72' lang='lat' dir='ltr'><strong>d1Q1.</strong></span> <span class='ocrx_word' id='word_1_356' title='bbox 518 4706 593 4763; x_wconf 81' lang='lat' dir='ltr'><strong>Editi</strong></span> <span class='ocrx_word' id='word_1_357' title='bbox 616 4711 748 4766; x_wconf 89' lang='lat' dir='ltr'><strong>omittunt</strong></span> <span class='ocrx_word' id='word_1_358' title='bbox 769 4733 810 4776; x_wconf 79' lang='lat' dir='ltr'><strong>se,</strong></span> <span class='ocrx_word' id='word_1_359' title='bbox 835 4729 955 4783; x_wconf 85' lang='lat' dir='ltr'><strong>moxque</strong></span> <span class='ocrx_word' id='word_1_360' title='bbox 977 4711 1103 4769; x_wconf 83' lang='lat' dir='ltr'><strong>scribunt</strong></span> <span class='ocrx_word' id='word_1_361' title='bbox 1123 4720 1294 4783; x_wconf 69' lang='lat' dir='ltr'><strong>profitentur.</strong></span> <span class='ocrx_word' id='word_1_362' title='bbox 1318 4722 1367 4788; x_wconf 70' lang='lat' dir='ltr'><strong>qus</strong></span> <span class='ocrx_word' id='word_1_363' title='bbox 1436 4722 1499 4787; x_wconf 65' lang='lat' dir='ltr'><strong>jn</strong></span> 
     </span>
    </p>
   </div>
   <div class='ocr_carea' id='block_1_5' title="bbox 216 4799 833 4952">
    <p class='ocr_par' dir='ltr' id='par_1_6' title="bbox 216 4799 833 4952">
     <span class='ocr_line' id='line_1_43' title="bbox 216 4799 577 4860; baseline 0.014 -18"><span class='ocrx_word' id='word_1_364' title='bbox 216 4799 339 4843; x_wconf 76' lang='lat' dir='ltr'><strong>cessatam</strong></span> <span class='ocrx_word' id='word_1_365' title='bbox 411 4799 512 4860; x_wconf 77' lang='lat' dir='ltr'><strong>reJ&#39;ecta</strong></span> <span class='ocrx_word' id='word_1_366' title='bbox 531 4808 577 4849; x_wconf 76' lang='lat' dir='ltr'><strong>est.</strong></span> 
     </span>
     <span class='ocr_line' id='line_1_44' title="bbox 284 4874 833 4952; baseline 0.013 -24"><span class='ocrx_word' id='word_1_367' title='bbox 284 4876 316 4941; x_wconf 76' lang='lat'><strong>⁵⁰)</strong></span> <span class='ocrx_word' id='word_1_368' title='bbox 334 4874 409 4929; x_wconf 82' lang='lat' dir='ltr'><strong>Editi</strong></span> <span class='ocrx_word' id='word_1_369' title='bbox 428 4878 496 4944; x_wconf 85' lang='lat' dir='ltr'><strong>(exc.</strong></span> <span class='ocrx_word' id='word_1_370' title='bbox 516 4879 543 4931; x_wconf 90' lang='lat' dir='ltr'><strong>d¹</strong></span> <span class='ocrx_word' id='word_1_371' title='bbox 559 4880 598 4949; x_wconf 87' lang='lat' dir='ltr'><strong>d²)</strong></span> <span class='ocrx_word' id='word_1_372' title='bbox 618 4880 751 4937; x_wconf 87' lang='lat' dir='ltr'><strong>omittunt</strong></span> <span class='ocrx_word' id='word_1_373' title='bbox 769 4887 833 4952; x_wconf 74' lang='lat' dir='ltr'><strong>lpse.</strong></span> 
     </span>
    </p>
   </div>
   <div class='ocr_carea' id='block_1_6' title="bbox 0 0 1606 5506">
    <p class='ocr_par' dir='ltr' id='par_1_7' title="bbox 0 0 1606 5506">
     <span class='ocr_line' id='line_1_45' title="bbox 0 0 1606 5506; baseline 0 2"><span class='ocrx_word' id='word_1_374' title='bbox 0 0 1606 5506; x_wconf 95' lang='lat' dir='ltr'><strong> </strong></span> 
     </span>
    </p>
   </div>
  </div>
 </body>
</html>
