3204 5506
515 386 706 437 cressonis
731 378 876 437 13-28.
930 397 932 400 >
1271 376 1331 442 107
1382 332 1385 336 ι

134 554 259 608 litaaanetr.
270 565 312 605 uec
327 565 381 604 non
402 555 478 604 vetus
493 546 578 604 codex
593 528 763 606 Colbertinns
780 560 836 607 rtet.
848 550 908 607 323
930 561 1037 625 praetor
1056 552 1125 607 aluos
1138 552 1192 622 jaan
1209 553 1332 610 laniatos

134 647 175 692 tum
189 634 273 706 ejusdem
290 633 461 690 bibliothecae
482 642 540 690 turn
555 634 744 699 Ceislinianae,
766 638 792 692 in
814 634 910 710 quibus
933 644 963 691 ut
984 646 1010 692 et
1031 638 1059 693 in
1077 638 1244 711 liuguessace
1268 641 1332 696 liaeo

131 723 152 776 ei
162 718 272 794 precipitur
283 719 438 794 epigraphe:
455 720 608 776 Decretum
620 720 769 777 Ormisdae
782 738 881 794 praepote
894 724 932 778 aad
941 723 1101 778 Iohannem
1115 724 1270 781 Ilicitanae
1286 741 1330 780 ee·
1431 779 1438 797 ,

131 808 351 877 clemeepiseopum
367 821 408 861 ea
421 809 541 878 intepro.
558 807 601 862 Ite
617 808 735 863 directis
750 811 887 864 institutis
902 814 930 864 et
945 812 1007 865 aiae
1023 812 1182 864 contraisse.
1206 809 1245 864 tiri
1258 827 1331 865 eum·

127 890 291 946 lenloirnnen
304 907 398 946 rursus
414 891 523 964 scripsit
539 890 680 948 llonuisrla
701 892 843 966 epistolam
859 893 913 956 88,
937 892 981 948 ubi
1002 909 1101 949 nomen
1123 893 1181 965 ejus
1203 894 1331 951 eeclesiae

127 975 192 1031 denuo
202 975 341 1049 depravatum
355 983 477 1031 veterum
494 975 617 1032 coelicum
632 979 792 1034 auctoritate
808 980 976 1034 restituetur.

187 1060 385 1135 illaqueare
407 1062 523 1134 antiquis
546 1063 669 1136 ignotum
691 1071 733 1120 est
754 1063 897 1119 illicitanae
918 1065 1033 1119 civitatis
1055 1081 1162 1121 nornen.
1205 1064 1237 1120 lit
1261 1067 1330 1121 anien

123 1144 192 1200 scribit
202 1147 304 1202 Antonius
320 1145 474 1203 liauelrand:
501 1148 608 1203 lllici
621 1149 692 1204 urbs
706 1156 749 1204 est
761 1149 997 1205 Contestanorunt
1012 1153 1040 1204 in
1058 1151 1203 1221 Hispania
1222 1151 1329 1206 Tarra

123 1235 210 1286 canenti
219 1232 303 1303 nnio,
325 1249 402 1305 quae
416 1233 525 1289 lliiee
537 1233 641 1303 Melae,
659 1234 809 1290 Illicias
830 1239 887 1291 sior
907 1235 1042 1291 Nicias
1056 1236 1231 1303 Ptolomaeo,
1254 1254 1331 1291 rannac

121 1316 385 1380 tenelasatolllcbe,
399 1319 533 1388 oppidum
546 1321 630 1392 repni
639 1319 794 1379 Valentini:
805 1320 910 1376 aliatum
922 1326 965 1375 est
977 1324 1060 1375 etiarm
1069 1321 1192 1377 Elicona
1203 1325 1231 1376 in
1244 1322 1330 1377 listo-

121 1403 380 1472 disseminatione,
404 1409 531 1475 quotuor
548 1406 641 1460 laticis
660 1405 696 1459 aab
718 1406 808 1461 Alone
829 1404 970 1477 (Alicante)
991 1408 1111 1460 tiistans.
1157 1404 1222 1461 ltenr
1243 1405 1330 1461 Plinio

118 1483 177 1541 tibi
188 1489 324 1545 teloniario
339 1491 471 1544 immarcis
485 1489 569 1558 linei,
587 1491 662 1545 narde
676 1490 838 1546 lllieitanns
850 1494 939 1552 sinus,
951 1489 1034 1564 apuotl
1052 1507 1150 1546 nomeu
1168 1493 1246 1546 etiam
1261 1508 1332 1546 rauna

120 1569 182 1625 iatine
199 1572 254 1627 sinus
270 1573 312 1629 ille
333 1563 443 1629 rouen.
489 1572 619 1641 Quocirca
639 1576 667 1629 in
688 1575 729 1631 bis
751 1574 823 1630 Pauli
848 1575 1028 1646 jttreeonsulti
1049 1574 1095 1630 lib.
1110 1576 1131 1630 ll
1152 1574 1186 1631 ele
1206 1575 1330 1631 renisibus

118 1652 175 1724 (ini
186 1652 262 1729 ilat:
274 1660 307 1715 ln
319 1659 470 1715 Lusitania
486 1659 634 1717 Paeenses
649 1661 701 1716 sat
711 1662 938 1716 etEmeritenses
947 1664 1030 1733 juris
1044 1661 1144 1717 Italici
1157 1669 1223 1717 rarat
1231 1686 1239 1724 ,·
1259 1663 1330 1717 idem

112 1742 157 1810 jes
174 1741 282 1800 latntini
294 1751 320 1800 et
335 1745 462 1800 Licitani
474 1746 594 1807 babent.
617 1745 677 1801 loeo
700 1747 825 1802 Licitani
845 1745 989 1819 legendum
1006 1762 1066 1802 esse
1082 1747 1222 1802 Illicitani
1234 1747 1330 1801 rnerito

120 1825 210 1881 nonnuli
225 1827 405 1900 conjectarent.
458 1829 523 1885 Vitio
544 1822 655 1886 Mareae'
670 1830 811 1905 Hispaniae
833 1831 964 1886 librant
987 1832 1038 1887 eli
1055 1833 1106 1886 n.1
1126 1840 1152 1887 et
1169 1831 1201 1894 2,
1225 1848 1330 1887 necnon

119 1910 257 1983 aplini.
302 1977 306 1983 ,

183 1995 203 2051 i.
226 1997 294 2056 irrer
309 1993 414 2056 baronii
430 2001 500 2056 eirca
515 2002 680 2075 episcopum,
697 2001 727 2056 ael
745 2018 824 2075 quern
841 2002 905 2057 haee
920 2002 1033 2074 epistola
1049 2003 1147 2075 scripta
1163 2009 1213 2064 est,
1230 2003 1256 2057 in
1273 2018 1330 2057 earn

120 2081 232 2152 opinionem
248 2087 328 2160 ipsum
349 2085 469 2149 induxit,
491 2103 544 2159 qua
568 2089 710 2161 episcopos
726 2087 932 2143 Tarraconensis
948 2088 1101 2160 prrorinciae
1117 2088 1157 2142 bis
1175 2086 1331 2141 llorrnisrlao

119 2165 317 2233 litterisereitatos
333 2171 403 2226 duos
420 2188 525 2227 menses
541 2180 684 2246 postquam
701 2172 777 2228 elatae
793 2181 869 2233 seint.
892 2171 1031 2228 Gerunelae
1047 2174 1204 2228 eonrenisse
1221 2171 1330 2226 arbitra-

120 2258 152 2304 tus
164 2259 200 2307 est.
222 2255 265 2312 Sed
282 2255 451 2313 intervallum
473 2257 545 2331 quod
567 2275 581 2312 a
603 2257 670 2313 elatis
687 2258 784 2313 litteris
801 2257 832 2313 al
848 2256 914 2314 ittet
932 2258 1075 2314 concilium
1091 2259 1209 2313 excurrit
1223 2256 1330 2313 brevius

119 2344 161 2394 cst.
176 2353 232 2410 ptum
249 2351 276 2397 ut
293 2342 352 2413 ejus
373 2342 557 2416 congregandi
578 2359 657 2398 causa
678 2343 709 2399 ari
731 2344 833 2399 litteras
855 2343 913 2398 illas
935 2343 1029 2398 reierri
1051 2342 1225 2417 probabiliter
1240 2351 1329 2416 qtteat.

120 2418 191 2476 liciole
207 2427 285 2483 nuum
305 2435 379 2483 esset
399 2429 542 2501 episcopos
564 2428 720 2484 llorrniselac
741 2428 839 2484 litteris
855 2430 985 2483 excitatos
1001 2430 1172 2490 convenisse,
1195 2446 1225 2483 ae
1246 2428 1331 2484 nibilo

120 2506 328 2569 nintninconeiiio
343 2530 394 2569 suo
416 2513 515 2569 nullam
532 2512 680 2570 litterarum
702 2513 776 2585 ejus,
799 2514 898 2569 nullutn
919 2514 1036 2587 «ternique
1057 2509 1241 2576 rinocororus,
1264 2530 1332 2586 qliae

119 2588 467 2664 tlipatestinavtt„tntsse
482 2599 659 2661 mentionem,
681 2601 761 2655 inuno
783 2616 870 2672 neque
891 2599 1039 2654 iohannem
1062 2599 1233 2661 illicitanum,
1255 2598 1331 2669 enjus
1372 2598 1375 2609 '

120 2685 368 2747 eperaconrenisseut,
390 2686 461 2740 inter
482 2685 671 2758 episcoporum
692 2683 905 2759 subscriptiones
927 2684 991 2758 legi.
1023 2684 1090 2739 'lirin
1112 2702 1176 2740 sarie
1197 2683 1332 2739 elecuisset

118 2758 192 2817 litteras
203 2768 346 2839 apostoliens
362 2767 510 2825 honorifice
532 2771 660 2844 imprimis
676 2771 825 2831 memorari,
843 2787 873 2825 ac
888 2769 985 2824 ‹leinele
1000 2768 1119 2824 subnexa
1135 2771 1172 2825 eis
1184 2771 1332 2825 constituta

119 2845 204 2922 praelegi
220 2860 241 2908 et
259 2851 368 2917 iirmari,
395 2872 425 2910 ac
449 2854 555 2910 nemum
582 2856 604 2910 si
626 2872 677 2929 qua
701 2856 738 2910 eis
761 2864 852 2910 essent
878 2853 1025 2926 adjicienda
1052 2856 1189 2910 constitui.
1235 2855 1332 2910 Verunr

119 2944 182 3002 amne
195 2935 220 2990 al
236 2955 297 2995 euos
318 2940 527 2996 'larraconensis
541 2942 692 3014 provinciae
708 2942 760 2996 saal
773 2943 813 2996 ael
826 2944 976 2996 universos
993 2944 1143 3012 episcopos
1153 2956 1212 3011 per
1228 2942 1333 3011 Hispa·

119 3018 326 3082 menecratitutos
341 3024 475 3082 subnexae
487 3024 643 3082 llornriselae
659 3026 763 3081 litterae
778 3024 988 3086 destinabantur,
1005 3042 1092 3099 neque
1105 3027 1183 3080 etiarn
1198 3025 1332 3081 lohannes

119 3096 224 3160 ilicitanus
235 3112 372 3184 episcopus
388 3110 420 3166 ael
433 3111 659 3166 Tarraconensem
675 3112 837 3184 provinciam
853 3110 1013 3184 pertinebat.

179 3187 199 3244 5.
222 3191 252 3250 lie
272 3197 327 3252 nice
347 3198 476 3271 episcopo
498 3198 560 3252 huie
575 3197 718 3251 commissa
733 3195 796 3270 quiel
811 3195 1083 3270 intelligentiumsit,
1107 3197 1254 3268 quaeritur.
1293 3197 1333 3250 ln-

120 3269 179 3342 signe
190 3277 307 3337 cardinalis
322 3281 356 3337 ele
372 3282 488 3355 lignirre
508 3283 535 3337 in
551 3282 620 3337 hane
635 3281 775 3355 epistolam
787 3289 872 3344 notat,
888 3281 1036 3335 iohannem
1050 3279 1081 3334 ab
1095 3279 1234 3334 llonnisda
1251 3281 1333 3336 rieleri

117 3358 186 3422 titios
197 3366 331 3422 zelatorem
346 3368 485 3430 constitui,
502 3385 587 3440 qracan
603 3371 742 3423 ot'cara'nm
755 3383 859 3439 presse
874 3373 1026 3438 acceptum
1042 3384 1105 3422 cunr
1119 3372 1263 3436 potestate
1282 3369 1332 3423 cli-

120 3456 161 3509 pua
172 3449 291 3507 urinaria
308 3455 353 3519 uel
368 3453 510 3525 delepata.
541 3450 720 3527 Largienelum
743 3451 850 3525 quidem
872 3460 927 3514 est,
949 3468 1004 3507 non
1025 3451 1203 3507 onrtrimoelam
1226 3452 1249 3506 ei
1270 3468 1333 3507 eon·

120 3523 299 3620 maranorum
316 3537 526 3612 apostolicorum
548 3544 723 3610 potestatem,
746 3537 793 3592 seri
814 3538 906 3611 negari
928 3538 978 3610 ipsi
1000 3538 1094 3611 nequit
1114 3538 1203 3592 vicarii
1227 3553 1333 3598 nornen,

119 3623 151 3663 ent
162 3616 215 3673 ticet
226 3624 396 3694 apostolicae
411 3625 487 3679 seriis
501 3624 639 3695 conceptis
653 3621 743 3677 verbis
759 3622 933 3695 delegantur,
955 3624 1032 3693 eujus
1053 3639 1133 3677 curae
1148 3624 1334 3684 committitur,

120 3700 142 3746 ii
153 3712 172 3751 tt
183 3717 234 3774 quae
246 3707 276 3762 ad
290 3725 408 3764 canones
424 3709 560 3782 pertinent
575 3724 624 3781 per
639 3707 790 3781 llispaniam
811 3717 965 3770 serventur,
988 3716 1015 3762 et
1038 3716 1067 3762 ut
1088 3707 1121 3763 ele
1144 3707 1334 3762 ecelesiasticis

120 3783 190 3847 muts,
205 3790 223 3846 si
239 3792 299 3866 quid
321 3794 434 3869 dignum
456 3794 610 3867 contigerit,
633 3793 665 3848 ael
681 3793 855 3867 apostolicam
874 3793 965 3847 seriem
981 3792 1089 3849 reserat.
1122 3792 1181 3848 Non
1197 3809 1229 3848 eo
1245 3801 1335 3847 tamen

88 3916 93 3924 -
120 3868 215 3934 speetnp
227 3885 341 3950 potestas
357 3878 415 3941 illa,
447 3886 476 3934 ut
491 3878 550 3949 ejus
563 3885 634 3933 esset
649 3878 690 3934 vel
706 3878 826 3952 synodos
842 3895 937 3933 vocare
953 3879 1039 3951 iisque
1061 3894 1199 3952 praeesse,
1223 3878 1263 3933 vel
1280 3894 1335 3932 rne-

120 3952 251 4023 iunioras
265 3963 389 4020 ordinare
405 3971 450 4019 aut
463 3965 652 4037 episcoporum
664 3981 756 4018 causas
769 3979 944 4037 errgtroseere,
961 3971 1006 4018 aut
1019 3964 1096 4018 etiarn
1109 3962 1213 4018 elerieis
1225 3961 1334 4017 Romani

119 4032 178 4092 elion
189 4047 345 4121 pergentibus
361 4048 475 4112 litteras,
492 4066 557 4122 quas
574 4049 819 4110 formonsiorem,
836 4048 907 4104 clare.
931 4048 1040 4104 licinum
1057 4048 1171 4104 lolianni
1187 4049 1225 4104 sie
1241 4048 1334 4101 vicaria

119 4115 359 4206 delartupatestas
375 4142 406 4190 ut
421 4133 492 4208 pallii
509 4151 560 4189 usu
575 4135 682 4190 minime
699 4134 850 4190 eleeoretur.
882 4132 919 4188 lis
936 4151 989 4207 quo
1006 4134 1137 4206 sequitur,
1156 4141 1185 4187 ut
1200 4133 1335 4204 exceptio·

116 4210 281 4290 medullini,
303 4218 377 4294 quod
396 4219 468 4277 tint>
492 4219 526 4274 rie
542 4219 686 4276 concordia
701 4219 844 4275 sacerdotii
859 4227 887 4274 et
902 4220 1005 4292 imperii
1022 4236 1044 4274 o.
1055 4217 1093 4274 25
1110 4236 1136 4273 n.
1147 4219 1164 4273 it
1187 4219 1335 4291 gerrerntirn

118 4284 231 4366 elimatur,
243 4306 361 4376 pallium
377 4308 552 4362 viciniorum
568 4307 745 4378 apostolicae
758 4307 834 4361 seclis
846 4308 955 4379 insipne
968 4305 1112 4359 exstitisse.
1137 4301 1203 4357 Virle
1216 4301 1334 4371 ejusdem

119 4377 182 4444 ⁰iiii³
192 4381 251 4445 libii
264 4390 328 4453 e.l;
344 4389 422 4446 aliam
434 4397 572 4464 praeterea
584 4392 768 4464 exceptionem
783 4392 862 4463 epist.
872 4389 931 4445 142
945 4391 1026 4444 visuri
1039 4405 1140 4451 sumus,
1155 4387 1199 4442 ubi
1207 4387 1335 4443 Sallustio

119 4453 227 4534 flitptleml
240 4475 365 4550 episeopo
380 4475 412 4531 ab
428 4475 569 4531 llermisela
584 4477 679 4532 vicaria
695 4475 859 4549 apostolicae
875 4475 945 4530 seriis
970 4474 1086 4548 eligentes
1108 4474 1166 4529 sine
1188 4473 1242 4529 ulla
1263 4473 1336 4546 pallii

118 4549 216 4610 mentione
227 4560 370 4617 confertur.

277 4745 315 4806 In
336 4745 519 4806 Hormiedae
541 4761 643 4822 papae
665 4745 827 4823 epistolam
848 4741 889 4805 26
912 4741 1031 4825 („lnter
1046 4748 1128 4825 ΜΝ).

178 4856 327 4922 lemnias
346 4867 467 4924 iohanne
483 4867 613 4924 illicitano
636 4870 764 4942 episeopo
787 4876 912 4941 rengarius,
933 4869 1011 4941 epist.
1022 4865 1061 4920 ‘tt
1078 4868 1131 4922 n.1
1155 4866 1253 4939 duplex
1270 4866 1335 4920 scri·
1350 4866 1408 4936 iret]

119 4941 173 5006 nan
183 4944 203 5004 lt
215 4947 345 5026 Hispanias
360 4953 490 5010 direrime
504 4970 534 5009 se
549 4953 691 5029 signifieat,
710 4970 791 5010 unum
806 4956 956 5028 pectoralia
973 4956 1129 5010 constituta
1145 4950 1336 5025 complectens,
