3204 5506
572 370 767 420 saissonis
790 362 936 420 36-38.
1324 353 1386 421 813

104 521 248 589 homine
271 524 410 589 studium
433 524 580 588 desiderii
603 525 694 607 boni,
723 526 807 609 quod
836 525 875 588 de
904 548 937 589 se
966 525 1138 588 aestimant
1156 525 1310 608 judicari,
1338 526 1386 590 in-

105 630 306 711 sequuntur.
358 627 409 690 Ad
438 630 526 690 recta
559 627 690 691 reduces
714 628 787 710 jure
816 627 981 712 culpandi,
1021 627 1048 690 si
1076 649 1141 690 non
1170 629 1386 692 converterint

102 727 294 793 deviantes.
338 728 475 814 Datael)
497 729 570 791 fidei
598 731 723 792 vestrae
752 728 838 792 clara
867 730 1072 812 documenta,
1106 730 1133 792 si
1161 729 1317 793 affueritis
1346 730 1385 793 ad

102 830 277 894 unitatem
299 831 454 915 reductis,
479 831 579 914 effici,
603 831 690 894 omni
713 831 936 896 adhortatione
959 831 1117 915 cogitetis.

619 1018 801 1122 Epistola
828 1019 884 1102 ss.

329 1171 509 1237 Anastasii
534 1171 690 1254 Augusti
699 1244 703 1263 ·.
713 1172 756 1237 ad
778 1170 1006 1237 Hormisdanr
1028 1188 1165 1254 papam.

128 1309 231 1360 Christi
246 1315 458 1362 mansuetudinem
475 1314 638 1370 commendat,
656 1320 683 1361 ut
696 1313 859 1362 Hormisdam
876 1315 942 1362 aetat
961 1314 1050 1362 nimiae
1069 1312 1179 1361 duritiae
1197 1327 1266 1361 reum
1275 1312 1367 1375 faciat.

268 1445 509 1509 Anastasius
532 1446 735 1530 Augustus
757 1444 993 1509 Hormisdae
1015 1467 1151 1528 papae.

199 1562 272 1626 Etsi
294 1586 448 1648 magnum
471 1565 590 1648 aliquid
613 1565 818 1628 taciturnitas
837 1563 1010 1647 judicatur,
1038 1567 1146 1628 tamen
1170 1563 1384 1628 necessarium

107 1666 173 1748 est,
199 1665 395 1730 admirantes
411 1666 471 1730 Dei
493 1667 743 1731 misericordiam
760 1667 884 1729 assidue
899 1665 1104 1750 frequentare
1120 1687 1307 1730 sermonem.
1340 1666 1385 1730 Et

105 1767 189 1850 quia
211 1767 341 1832 initium
363 1769 453 1852 fidei,
477 1792 573 1853 quam
595 1791 653 1832 nos
669 1767 824 1832 Dominus
848 1771 880 1831 et
895 1767 981 1831 Deus
998 1766 1144 1832 Salvator
1166 1772 1275 1832 noster
1290 1767 1383 1832 Jesus

107 1867 261 1933 Christus
283 1870 391 1934 docuit
401 1871 435 1958 ¹),
459 1871 494 1934 in
516 1871 703 1934 remissione
724 1873 929 1954 peccatorum
950 1869 1127 1953 praecellit,
1152 1870 1233 1934 nulli
1247 1870 1384 1934 habetur

107 1970 272 2054 ignotum.
316 1972 389 2056 lpse
413 1973 499 2036 enim
521 1994 579 2056 per
600 1973 762 2056 propriam
784 1973 965 2056 passionem
994 1972 1101 2036 omnia
1122 1972 1227 2036 Adam
1250 1976 1383 2056 peccata

109 2073 292 2156 mundavit,
317 2077 350 2137 et
373 2074 452 2138 haec
474 2075 538 2137 suit
559 2075 736 2158 negotiatio
758 2074 949 2137 humilitatis
970 2074 1080 2158 ipsius,
1104 2082 1140 2137 ut
1155 2077 1188 2137 et
1202 2076 1383 2158 praefatum

111 2178 145 2238 et
169 2196 280 2239 omnes
302 2176 418 2240 fratres
441 2176 592 2240 liberaret
615 2199 653 2240 ex
676 2178 828 2240 servitute
847 2176 988 2259 peccati,
1013 2176 1190 2239 voluntarie
1211 2198 1382 2260 personam

112 2277 198 2339 servi
221 2277 407 2361 suscipiens.
453 2279 537 2342 Nam
559 2280 671 2343 beatus
694 2277 812 2341 Paulus
835 2277 996 2361 apostolus
1024 2277 1131 2341 docuit
1157 2300 1216 2341 nos
1238 2278 1381 2342 scribens

110 2378 154 2441 ad
177 2377 355 2444 Romanos:
378 2387 530 2459 Rcanuait
551 2402 631 2446 mors
654 2386 691 2444 ab
704 2387 801 2444 Adam
823 2402 916 2458 usqne
938 2387 982 2444 ad
992 2385 1117 2461 Moysen
1139 2394 1168 2445 et
1190 2387 1222 2444 in
1244 2402 1307 2458 aas,
1332 2388 1385 2459 qai

110 2479 172 2544 aon
190 2495 406 2561 peccaverunt.
452 2482 501 2545 Ex
529 2505 591 2566 quo
619 2487 668 2546 est
695 2482 897 2545 universitati
922 2481 1151 2565 quodammodo
1174 2482 1380 2566 declaratum,

110 2604 152 2645 ex
175 2584 319 2666 generali
342 2584 549 2668 dispositione
565 2585 631 2648 sive
646 2582 844 2647 mirabilibus
865 2582 1017 2666 specialia
1032 2606 1187 2668 quemque
1194 2586 1220 2670 ²)
1237 2585 1381 2669 exempla

109 2683 229 2748 debere
251 2686 410 2770 suscipere
433 2686 531 2749 semel
553 2689 646 2751 tanta
667 2707 804 2770 magnae
827 2685 907 2770 legis
926 2686 1071 2768 jussione
1094 2690 1207 2750 ettam
1222 2687 1276 2770 pia
1292 2687 1380 2752 boni-

108 2789 182 2850 tate
204 2787 346 2870 firmata3
380 2793 412 2850 et
433 2789 536 2851 onmis
566 2788 726 2869 doctrina,
760 2810 855 2871 quam
882 2787 1047 2871 discipulis
1076 2789 1141 2852 suis
1168 2788 1316 2871 tradidit,
1345 2790 1379 2852 in

108 2888 172 2952 hoc
195 2888 397 2953 firmamento
420 2891 576 2954 consist't.
621 2889 761 2974 Fugerit
788 2889 1005 2973 aegritudines
1033 2890 1099 2954 sive
1126 2890 1303 2953 multifaria
1326 2913 1379 2974 ge-

106 3012 191 3055 nera
213 2991 412 3074 passionum,
437 2992 555 3055 nodum
576 2992 701 3076 peccati
724 2993 868 3076 propria,
893 2993 975 3055 sicut
997 2992 1116 3055 dictum
1140 2995 1203 3073 est,
1231 2992 1379 3075 passione

105 3092 258 3175 resolvit3
287 3096 318 3155 ct
340 3115 440 3177 agens
464 3095 502 3157 ad
525 3094 688 3178 implenda
710 3093 825 3157 similia
848 3093 1019 3177 discipulos
1047 3094 1143 3157 sactis
1171 3096 1204 3156 et
1227 3097 1378 3157 sermoni-

104 3195 171 3259 bus
193 3195 384 3258 instruebat.
427 3195 546 3260 Verum
570 3197 611 3278 si,
636 3197 719 3259 sicut
741 3196 840 3278 aliqui
862 3196 1010 3259 nituntur
1032 3196 1215 3277 ostendere,
1239 3196 1318 3259 certi
1340 3219 1378 3260 ex

104 3297 190 3382 ipsis
198 3297 224 3381 ³)
255 3297 436 3381 apostolicis
465 3302 532 3361 tam
561 3298 647 3381 piam
676 3297 854 3360 doctrinam
882 3318 940 3382 per
968 3297 1218 3361 inobedientiam
1245 3298 1378 3382 implere

178 3573 201 3640 ²)
219 3572 263 3624 lta
281 3569 313 3624 G'
328 3571 371 3625 Gr.
412 3571 480 3625 boc
498 3577 564 3624 Date
585 3577 648 3637 fidei
669 3581 768 3624 nestrae
791 3578 863 3623 clara
885 3575 1044 3632 documenta,
1067 3577 1092 3623 si
1113 3576 1205 3636 adfare
1227 3581 1322 3625 canetis
1343 3577 1379 3626 ad

101 3664 231 3712 unitatem
248 3661 362 3709 reductis
379 3662 463 3723 officio
481 3662 547 3709 oriani
564 3668 590 3708 et
606 3661 785 3709 adhortatione
797 3661 919 3724 capitatis.
951 3654 1028 3719 Quae
1047 3655 1193 3722 correctiO,
1213 3655 1323 3710 etiamsi
1341 3657 1376 3711 ab

102 3740 266 3798 editoribus
280 3741 374 3795 concil.
389 3742 514 3810 arrepta,
532 3758 588 3794 non
605 3741 753 3809 probatur:
772 3743 832 3793 tum
850 3740 915 3809 quia
933 3757 950 3794 a
967 3740 1144 3794 librariorum
1161 3756 1239 3794 more
1257 3742 1377 3794 alienum

101 3829 159 3892 est,
178 3828 212 3879 ut
228 3831 365 3893 aesinatae
381 3844 433 3896 pro
452 3832 544 3892 adfore
563 3825 602 3879 eis
621 3825 761 3894 subrepat,
779 3828 839 3878 tum
858 3825 943 3878 etiam
960 3825 1088 3891 admissa,
1108 3826 1184 3880 nulla
1201 3826 1318 3880 efficitur
1336 3826 1375 3879 ni-

100 3911 170 3967 tida
188 3911 335 3965 sententia.
372 3911 511 3981 integrior
529 3911 582 3966 erit
598 3910 628 3965 in
645 3911 719 3965 huno
736 3910 861 3965 modum:
885 3916 968 3964 Dntae
984 3917 1047 3976 fidet
1063 3923 1162 3965 vestrae
1180 3919 1251 3965 atara
1269 3913 1376 3981 (supple

101 3999 197 4065 erant)
215 4003 375 4056 documenta.
394 4004 418 4051 si
435 4003 572 4065 adfueritis
590 4003 625 4050 ad
641 4005 760 4050 unitatem
778 4002 902 4057 reductis,
923 3994 1005 4062 (adde
1023 4003 1136 4065 idemque
1155 4018 1171 4049 a
1189 3999 1290 4064 ceteris)
1309 4003 1378 4063 effici

101 4091 177 4140 arnan
195 4088 374 4136 adhortatione
392 4089 515 4150 capitatis.
553 4081 727 4154 Quamquam
746 4083 774 4135 et
791 4099 863 4135 nunc
878 4082 938 4150 Jsm
956 4098 1051 4135 sensus
1070 4080 1136 4136 satis
1153 4099 1239 4151 purus
1251 4081 1376 4136 efficitur.

101 4175 140 4224 38
180 4170 200 4236 ¹)
219 4168 237 4221 b
257 4174 340 4221 docuit
358 4174 385 4221 in
403 4175 579 4224 remissionem.

177 4256 200 4321 ²)
218 4253 263 4307 lta
281 4252 315 4306 G¹
329 4257 356 4308 a¹
376 4253 439 4321 (nisi
463 4254 537 4322 quod
558 4256 583 4307 a¹
604 4274 729 4323 quaeque,
758 4253 806 4307 ubi
825 4255 858 4307 G'
878 4260 912 4327 {sq
929 4253 946 4307 i.
960 4270 982 4306 e.
1004 4256 1143 4323 quemque).
1179 4253 1246 4307 boc
1265 4274 1377 4324 quaeque

101 4346 229 4408 exempta
252 4343 344 4394 debere
366 4345 442 4394 semet
464 4351 513 4393 tam
536 4360 641 4409 scaptiae
663 4346 725 4408 lepis
741 4345 873 4406 jussiones
896 4353 920 4396 et
938 4353 988 4393 tam
1011 4351 1055 4407 pta
1072 4344 1183 4392 bonitate
1200 4345 1331 4405 firmatae,
1351 4351 1377 4393 ut

102 4431 197 4483 omnis.
234 4424 321 4480 Porro
339 4427 456 4480 verbum
470 4433 573 4493 firnrnta
595 4425 631 4480 ad
649 4433 766 4494 exempla
785 4426 960 4480 referendum
978 4429 1026 4479 est.
1063 4424 1123 4479 Hoc
1142 4423 1216 4477 enim
1233 4423 1286 4478 sibi
1303 4424 1375 4478 vult:

103 4510 251 4566 Christum
273 4510 337 4565 idco
362 4528 472 4565 earnem
495 4511 659 4580 suscepisse,
682 4512 714 4565 ut
736 4529 831 4566 omnes
849 4511 1065 4566 misericorditer
1082 4510 1227 4575 liberarct;
1251 4510 1376 4578 adeoque

103 4613 141 4652 ex
159 4597 214 4650 hac
233 4596 357 4664 generali
374 4596 572 4652 incarnationis
591 4614 656 4650 suae
675 4615 769 4662 causa,
792 4614 876 4664 quam
893 4596 1043 4662 miraculis,
1067 4596 1152 4664 gestis
1170 4612 1203 4648 ac
1220 4594 1377 4664 praeceptis

101 4681 241 4743 firmarit,
261 4681 392 4751 specialia
410 4684 490 4736 nobis
509 4683 618 4737 dedisse
637 4683 776 4752 exempla,
795 4682 894 4751 quibus
913 4680 1131 4736 misericordiam
1149 4680 1324 4734 disceremus.

175 4770 197 4837 ³)
216 4767 280 4821 Non
298 4767 462 4822 crediderim
474 4769 653 4822 Antistasinm
670 4768 755 4821 immo
774 4768 867 4833 ullum,
885 4767 934 4835 qui
944 4767 1097 4821 Christiano
1109 4765 1220 4819 nomine
1232 4765 1375 4835 glorietur,

105 4853 167 4924 ojus
184 4853 378 4922 impudentiae
398 4854 426 4906 et
443 4854 596 4923 impictatis
609 4852 756 4919 assutam,
775 4854 806 4906 ut
822 4854 964 4923 apostolos
981 4854 1011 4906 in
1027 4851 1174 4922 implendis
1187 4850 1288 4906 Christi
1299 4869 1376 4906 man-

105 4939 180 4994 datis
198 4938 406 4994 inobedientiae
425 4942 581 5007 arguerent.
624 4939 714 5002 erare
736 4939 885 5008 legendum
907 4939 1000 5008 potius
1021 4944 1084 5008 ipsis
1107 4944 1268 5008 apostolicis,
1293 4954 1376 5006 quam

1400 551 1424 588 a.
1436 540 1492 588 517.

1396 1153 1477 1200 atl't
1490 1146 1517 1200 d.

1400 1221 1429 1267 11
1444 1215 1517 1269 tulii.

1393 2356 1473 2409 Rom.

1401 2431 1471 2490 ars.
