3204 5506
101 555 125 594 a.
137 545 195 593 483.

210 364 274 428 240
328 424 335 460 Ι
662 377 688 426 a.
706 379 841 428 runicis
864 380 890 426 11
913 378 1026 426 earne

210 534 430 616 episcoporum
453 535 633 595 nostrorum
655 533 846 615 respondere
868 532 1002 596 festina:
1032 536 1068 595 ut
1089 533 1125 594 iii
1147 530 1344 595 alterutram
1364 533 1496 614 partem

210 635 292 718 quod
316 635 476 717 justitia⁵t
508 635 670 716 paraverit
700 634 904 715 ordinanteS,
937 633 1053 698 amotis
1079 633 1241 697 scandalis
1263 632 1494 712 ecclesiarum,

210 759 287 820 quas
311 737 413 800 scindi
436 736 588 818 videmus,
620 740 767 820 reparata
791 735 959 800 concordia
982 739 1014 798 et
1036 738 1161 798 servata
1183 734 1382 818 integritate
1406 733 1493 817 fidei,

162 843 169 859 '
209 839 297 921 puris
319 839 479 901 mentibus
503 838 741 921 acceptissimas
763 837 832 901 Deo
854 837 1010 902 faciamus
1033 836 1224 921 placationis
1246 835 1389 919 hostias,
1415 857 1495 920 quas

64 1952 89 1989 a.
100 1940 150 1991 483
160 1954 195 1991 m.

88 2004 171 2058 Mart.

209 962 267 1023 pro
297 941 383 1004 omni
406 941 524 1024 populo
548 940 733 1004 Christiano
762 944 794 1003 et
815 939 918 1004 salute
941 937 1161 1023 gloriosissimi
1181 938 1396 1022 imperatoris
1420 938 1494 1002 offe

209 1044 318 1105 rimus
364 1043 413 1105 Ad
438 1064 533 1125 quam
555 1049 622 1105 rem
646 1041 684 1104 de
708 1042 843 1125 collegio
865 1044 975 1104 nostro
1004 1041 1121 1137 tratres
1143 1026 1179 1103 ei
1199 1040 1417 1124 coepiscopos
1439 1060 1493 1104 no·

209 1148 291 1206 stros
313 1143 454 1207 Vitalcm
477 1146 510 1227 et
532 1144 700 1225 Misenum,
726 1165 796 1207 cum
819 1143 933 1226 quibus
955 1143 1046 1206 illum
1069 1166 1088 1206 a
1109 1142 1209 1208 latere
1232 1146 1349 1206 nostro
1372 1141 1493 1206 fidelis·

209 1246 323 1309 sinunn
358 1248 502 1308 nostrum
531 1245 701 1330 Felicen17)
736 1245 935 1308 defensorem
967 1248 1098 1309 sanctae
1133 1235 1289 1309 ecclesiis
1318 1243 1493 1308 Romanae

208 1348 409 1411 ordinatione
432 1347 618 1429 direrirnus3
647 1347 760 1430 quibus
783 1370 904 1411 moram
927 1347 995 1410 fieri
1019 1369 1085 1410 non
1107 1349 1244 1430 oportet,
1274 1367 1320 1409 ne
1343 1345 1387 1409 ad
1411 1344 1493 1409 indi·

209 1450 397 1534 gnationern
418 1448 547 1512 Domini
572 1449 816 1532 provocandam,
840 1471 920 1533 quac
945 1449 1133 1533 corrigenda
1155 1451 1241 1531 sunt,
1265 1447 1492 1512 furstratioui-

209 1552 301 1636 basi)
326 1552 561 1615 convalescant.

725 1739 907 1843 Epistola
932 1739 958 1822 4

817 1893 866 1929 ΒΘΗ

206 1986 360 2042 Libellus
382 2000 403 2042 a
422 1986 536 2042 Felice
558 2001 647 2055 papa
668 1988 807 2043 decreto
827 1986 965 2042 concilii
987 1987 1032 2042 ad
1051 1987 1220 2041 zenonem
1241 1984 1490 2056 imperatorem

726 2089 960 2144 transmissus.

243 2221 276 2271 lJt
292 2222 409 2284 posidium
427 2223 459 2270 de
478 2223 556 2270 initiis
574 2223 674 2285 imperii
690 2224 731 2270 sui
747 2229 893 2285 conceptum
912 2222 1046 2271 nominat
1064 2236 1113 2284 per
1131 2221 1285 2270 invasionem
1304 2222 1380 2293 sedis
1391 2223 1455 2272 Ale·
1499 2223 1525 2276 P.-

239 2308 386 2356 oeundrinae
408 2309 433 2355 in
457 2321 594 2355 moerorem
617 2308 712 2355 mutari
733 2304 767 2369 (n.
784 2304 818 2369 1).
861 2306 982 2355 Acacium
1009 2307 1045 2355 ad
1070 2305 1204 2355 diluendas
1227 2306 1455 2358 incr-inuasisset

570 2391 686 2453 otJeetus
704 2391 805 2440 Itomam
823 2398 936 2440 aeranem
954 2406 1009 2441 esse
1029 2389 1062 2454 (n.
1077 2391 1112 2454 2).

293 2527 321 2586 1.
366 2524 470 2598 Quum
502 2523 562 2586 sibi
592 2524 747 2587 redditam
776 2546 899 2607 pacem,
930 2523 1117 2607 compressis
1138 2544 1196 2607 per
1222 2544 1280 2587 vos
1311 2523 1491 2589 haereticis

206 2626 259 2709 qui
282 2626 348 2710 se²)
371 2625 559 2688 nitebantur
574 2624 729 2707 attollere,
755 2625 944 2689 universalis
960 2627 1114 2710 gauderet
1125 2624 1282 2708 Ecclesia,
1308 2629 1344 2689 et
1361 2630 1492 2691 vestrae

103 2756 109 2765 ,
206 2727 336 2808 pietatis
363 2726 532 2809 imperium
566 2726 663 2789 ctiam
690 2728 728 2790 de
755 2728 894 2790 inimicis
922 2728 987 2790 suis
1011 2727 1176 2791 victoriam
1205 2730 1430 2812 reportasset3
1457 2732 1492 2793 et

205 2848 263 2909 per
284 2827 468 2891 universum
490 2829 599 2890 orbem
621 2851 678 2912 pro
700 2828 803 2892 salute
827 2833 950 2892 vestrae
974 2830 1156 2892 screnitatis
1171 2829 1276 2892 oratio
1293 2833 1491 2894 cunctorum

206 2930 307 3015 orsu)
346 2929 386 2992 ad
415 2930 588 2994 Dominum
616 2932 832 3013 sacerdotum,
868 2933 903 2993 ut
929 2934 1035 2993 vestra
1068 2931 1172 3014 pietus
1205 2931 1281 2995 fidei
1317 2936 1431 2996 eustos
1457 2936 1492 2996 et

205 3030 354 3095 defensor
375 3030 579 3113 orthodoxae,
603 3033 662 3095 sub
678 3034 800 3095 aeterni
818 3033 902 3117 regis
917 3033 1145 3116 propitiatione
1161 3037 1332 3116 regnaret:
1358 3033 1492 3118 quando

204 3134 377 3198 venerandi
409 3133 515 3217 apices
551 3135 648 3197 vestri
677 3137 710 3197 et
737 3134 805 3197 Deo
833 3135 978 3217 proxima
1007 3155 1136 3197 currens
1165 3133 1204 3196 de
1230 3156 1324 3198 sacro
1354 3139 1491 3219 pectore

203 3235 388 3318 frequenter
417 3237 590 3299 auctoritas
613 3237 698 3299 inter
724 3237 842 3320 gaudia
864 3236 985 3319 recepti
1010 3234 1136 3319 imperii
1159 3234 1329 3321 Petrum⁸)
1355 3259 1490 3303 conver·

204 3340 308 3400 saturn
332 3360 403 3400 cunr
426 3338 594 3401 haereticis
618 3342 650 3401 et
672 3339 849 3421 parricidae
865 3338 912 3409 illi
928 3336 1095 3401 Timotheo
1112 3336 1355 3423 cohaerentem,
1382 3363 1403 3404 a
1417 3361 1489 3424 pro·

272 3576 293 3643 ⁵)
311 3574 342 3626 E'
356 3575 390 3627 E²
405 3580 544 3640 justitium,
563 3575 611 3628 alii
623 3581 736 3642 justitia.

272 3661 293 3727 ὅ)
311 3658 355 3712 lta
372 3658 404 3710 ΕΙ
418 3658 452 3711 Ε9
465 3659 498 3712 F²
511 3660 555 3713 Hi.
593 3660 668 3713 Editi
687 3660 820 3715 omittunt
838 3659 901 3715 Dee.

270 3746 291 3812 ⁷)
311 3743 362 3796 Hic
380 3743 528 3800 observare
545 3744 615 3798 libet
633 3746 792 3812 discrimen,
811 3747 886 3816 quod
904 3748 976 3800 inter
995 3746 1140 3816 episcopos
1159 3746 1188 3798 et
1206 3743 1393 3804 defensorem
1410 3747 1488 3822 peni·

203 3830 261 3894 tur,
284 3845 339 3896 quo
357 3827 402 3882 hie
420 3851 436 3881 α
454 3837 534 3884 latere
553 3842 654 3896 nostro,
678 3831 717 3884 illi
736 3837 768 3883 de
787 3839 892 3899 collepio
911 3844 998 3886 nostro
1018 3830 1093 3883 missi
1116 3830 1256 3884 dicuntur.
1293 3832 1411 3890 Natant
1426 3835 1488 3891 Bal-

203 3913 293 3968 lerinii
306 3914 333 3966 in
346 3914 428 3967 Leon.
444 3915 524 3983 epist.
540 3922 572 3969 32
585 3916 641 3968 not.
657 3923 685 3981 3,
703 3917 852 3969 formulam
870 3917 946 3970 illam
959 3934 992 3971 ex
1005 3917 1206 3984 imperatorum
1219 3916 1286 3971 stilo
1299 3922 1488 3990 assumptam,

203 4017 260 4067 qua
282 3999 374 4053 clerici
397 3999 520 4069 pontifici
539 4001 583 4053 vel
599 4000 743 4054 Romanae
762 4002 895 4055 ecclesiae
913 4001 1092 4071 peculiariter
1110 3999 1216 4054 addicti
1234 4001 1488 4072 adhaerentesque

202 4083 393 4154 signabantur.
424 4084 547 4137 Primum
566 4086 626 4154 ipsa
644 4085 764 4138 occurrit
781 4087 809 4138 in
826 4085 925 4139 Hilarii
942 4086 1046 4139 Pictav.
1064 4086 1163 4154 fragm.
1177 4091 1207 4152 4,
1226 4103 1289 4154 syn.
1308 4085 1423 4144 Sardio.
1436 4093 1488 4144 αἱ

202 4171 232 4223 et
248 4169 385 4223 Bonifaeii
403 4170 415 4222 l
436 4170 517 4239 epist.
539 4177 569 4223 13
588 4188 613 4223 n.
632 4178 655 4224 5.

270 4259 290 4323 ⁸)
309 4256 352 4309 lta
370 4256 401 4309 E¹
416 4254 449 4308 Ε2
462 4255 494 4306 F²
507 4255 552 4308 Hl.
590 4254 664 4306 Editi
682 4261 966 4323 procrastinationum.

269 4344 290 4407 ¹)
309 4339 398 4404 Quum
417 4340 454 4393 H,
472 4339 547 4393 omni
564 4338 743 4408 inscriptione
763 4343 853 4407 caret,
871 4341 903 4394 E¹
917 4342 952 4394 It²
969 4343 1041 4397 hanc
1058 4339 1257 4415 praemittunt:
1283 4341 1327 4398 15.
1341 4347 1411 4416 Ιιίρ.
1427 4346 1486 4401 Zia.

201 4430 237 4478 ud
254 4427 351 4479 Libellie
369 4427 433 4493 epm.
452 4431 502 4479 aa
522 4426 593 4480 crete
611 4432 782 4479 alexandrine
805 4431 887 4487 urbis,
915 4427 947 4479 F²
967 4432 1031 4481 Item
1049 4434 1084 4481 ad
1101 4433 1283 4495 imperatorem
1302 4433 1438 4487 Zenona
1453 4436 1491 4487 d

201 4512 288 4562 libelli
306 4512 351 4578 epi
365 4515 426 4564 dolii
443 4518 565 4565 ecelesiae
585 4517 790 4565 Alexandrinae.

269 4595 290 4662 ²)
308 4595 352 4648 Ita
369 4595 401 4647 E¹
415 4595 461 4660 E2,
484 4596 537 4649 nisi
560 4596 635 4666 quod
652 4596 684 4648 ΕΙ
708 4602 884 4659 sentetnntur,
912 4598 984 4652 unde
1002 4599 1036 4651 ΙΜ
1053 4601 1240 4657 sentiebantur.
1265 4597 1306 4653 Η8
1324 4606 1489 4658 tendebam

201 4685 333 4738 attollere·
351 4678 419 4732 editi
437 4686 611 4734 sentiebantur
629 4688 718 4736 attolli.
755 4682 820 4736 Mox
838 4683 870 4735 Ε1
884 4683 918 4735 E*
936 4690 1050 4752 imperio.
1236 4749 1239 4752 ⁴

268 4766 289 4832 ³)
308 4764 432 4817 ΕΙΕἿἰ
450 4778 514 4832 erut,
534 4765 580 4819 ubi
599 4766 665 4819 editi
685 4779 783 4821 oraret.
812 4768 877 4821 Mox
896 4767 1000 4821 editici
1014 4779 1099 4823 uestra
1161 4773 1352 4827 orthodoxiae.
1383 4773 1490 4841 B'fien'

203 4849 274 4917 (loco
290 4853 377 4917 fidei).
1175 4895 1177 4899 .

268 4936 289 5003 ⁴)
307 4934 340 4986 ΕΙ
353 4933 387 4988 Er
399 4933 443 4997 Hi,
463 4934 562 4992 omisso
584 4943 692 5000 Petrum,
710 4940 775 5008 post
793 4944 824 4994 at
843 4945 901 4995 aliis
919 4939 1026 4995 addunt
1044 4957 1107 4994 cum
1124 4938 1158 4993 F*
1176 4944 1247 4998 talis.
