3204 5506
192 339 257 407 430
662 356 690 404 s.
707 355 847 405 annisu
867 353 983 404 aaran

61 522 177 587 (anon)
191 530 388 576 successores
415 508 571 575 haeretici
594 513 793 593 crearentur,
829 513 863 574 et
888 531 955 575 non
981 508 1020 574 de
1047 508 1254 574 inferioribus
1281 509 1365 595 quibs

191 612 375 679 civitatibus
408 612 463 676 sed
496 612 593 676 etiam
625 611 866 696 metropolitani
892 611 1061 696 pontifices
1087 613 1124 678 in
1151 611 1310 678 catholica
1333 611 1365 698 ju

191 716 411 781 communione
433 713 597 798 durantes,
622 715 724 800 cur⁵²)
746 714 848 800 igitur
870 715 1030 800 compassi
1050 735 1118 779 non
1140 715 1219 779 estis
1232 715 1365 780 tantist

191 821 249 884 bus
270 817 408 885 vestris?
430 815 494 882 Cur
514 839 581 882 nou
603 817 727 881 adiistis
748 817 997 902 imperatorem?
1023 817 1087 884 (lar
1108 838 1176 883 non
1198 815 1363 882 Ecclesiae

190 943 259 986 sam
286 924 320 987 et
346 919 516 985 sacerdotii
547 918 762 985 miserabilem
789 920 1059 986 decolorationem
1093 918 1292 985 continuatis
1324 941 1366 986 vo

190 1022 390 1089 deflevistis?
411 1022 607 1108 allegantes:
630 1044 795 1107 nunquam
817 1024 856 1088 de
870 1024 1075 1108 pontificibus
1097 1022 1163 1087 uisi
1176 1021 1359 1087 Ecclesiam

192 1148 294 1209 casse3
316 1147 382 1190 non
405 1146 473 1189 esse
494 1124 708 1190 humanarum
728 1124 837 1210 legum
859 1125 898 1190 de
919 1125 1038 1191 talibus
1058 1125 1144 1190 ferre
1166 1124 1365 1190 senteutiam

190 1250 250 1313 que
277 1227 441 1293 Ecclesiae
467 1227 691 1313 principaliter
726 1228 909 1293 constitutis
935 1227 1158 1313 pontificibus3
1191 1227 1325 1312 obsequi
1357 1248 1365 1290 s

190 1331 351 1416 principes
374 1329 574 1396 Christianos
603 1330 739 1395 decretis
761 1330 936 1414 Ecclesiae,
969 1352 1035 1396 non
1063 1351 1154 1395 snam
1182 1351 1365 1415 praepones

187 1437 350 1518 testatem,
374 1432 532 1518 episcopis
556 1436 652 1517 caput
674 1433 809 1498 subdere
830 1433 1009 1519 principem
1031 1432 1172 1516 solitum,
1198 1433 1327 1497 nonde
1347 1454 1365 1497 e

191 1536 348 1621 capitibus
358 1535 504 1618 judicare
512 1536 569 1622 ⁵³),
591 1535 706 1621 quibus
721 1534 886 1601 Ecclesiae
904 1535 1058 1619 conciliis,
1081 1556 1146 1620 qua
1163 1535 1286 1620 synodo
1301 1534 1365 1620 pell

189 1642 256 1722 tur3
279 1637 355 1723 quid
376 1637 512 1723 denique
536 1638 784 1722 commisissent,
807 1641 843 1702 ut
864 1639 934 1703 sine
956 1638 1022 1703 ulla
1044 1637 1243 1703 discussione
1264 1658 1365 1703 rerum

190 1741 394 1805 ecclesiarum
428 1740 590 1825 praesules
624 1762 682 1827 pro
714 1740 855 1806 humano
887 1741 982 1806 libitu
1015 1745 1049 1807 et
1080 1739 1255 1805 saecularis
1287 1743 1365 1825 pote

189 1843 323 1908 arbitrio
336 1842 546 1928 pellerentur3
568 1844 739 1929 inauditos,
763 1845 968 1929 indiscussos,
992 1843 1193 1909 inconvictos
1202 1842 1243 1930 ⁵⁴)
1261 1864 1328 1907 non
1341 1842 1365 1906 d

188 1946 329 2031 percelli,
352 1946 489 2010 maxime
504 1955 602 2031 quum
616 1968 718 2011 novae
734 1968 848 2012 causae
871 1951 904 2012 et
925 1968 1009 2012 nova
1029 1968 1136 2011 rerum
1156 1945 1259 2010 facias
1274 1967 1365 2030 appar

187 2052 224 2112 ut
250 2052 389 2115 rectores
415 2049 471 2113 isti
497 2048 685 2135 plebium⁶⁵)
712 2050 890 2135 repentinis
922 2049 1160 2115 incursionibus
1187 2069 1248 2132 pro
1274 2047 1365 2113 mund

187 2153 351 2235 potentiae
371 2151 537 2216 voluntate
559 2152 658 2216 sacris
685 2151 897 2239 dignitatibus
924 2152 1142 2236 privarentur3
1171 2171 1209 2216 cx
1237 2149 1365 2215 nullas

190 2275 301 2338 causa,
331 2276 369 2319 ex
390 2254 480 2319 nullo
503 2253 637 2340 collegio
663 2258 771 2320 reatus
801 2277 862 2321 nec
889 2253 1184 2339 participatione⁵⁰)
1208 2252 1365 2336 cujuslibe

188 2357 268 2423 roris
280 2357 350 2442 jam
365 2359 441 2422 ante
462 2355 606 2421 damnati
620 2358 724 2422 teneri
740 2379 793 2422 eos
810 2357 1019 2442 convincique
1041 2358 1215 2439 consortes,
1238 2358 1276 2420 ut
1289 2359 1365 2440 tami

188 2481 227 2524 ex
251 2460 427 2545 praeterita
453 2458 638 2524 definitione
656 2460 879 2551 judicarentur
900 2459 1063 2526 obstricti:
1090 2462 1124 2524 et
1144 2458 1227 2542 ideo,
1257 2458 1365 2542 quiar

188 2565 264 2627 ante
290 2560 554 2648 praecedentibus
583 2562 686 2626 causis
713 2563 905 2650 recentes⁶⁷)
932 2566 1054 2646 essent,
1083 2583 1140 2625 cur
1170 2560 1365 2644 ejicerentuu

188 2685 297 2728 cursus
319 2664 373 2749 qui
394 2664 442 2729 illi
470 2669 587 2748 essent,
617 2663 732 2729 debere
753 2664 936 2749 monstrari,
965 2668 999 2729 et
1020 2663 1246 2729 ecclesiasticis
1268 2663 1365 2750 legibu

187 2788 313 2851 semper
333 2769 480 2851 oportere
503 2770 659 2832 constare.
695 2766 816 2833 Saltem
838 2768 888 2833 vel
908 2788 968 2852 pro
989 2770 1095 2832 vestro
1116 2766 1187 2831 loco
1208 2765 1335 2832 illorum
1354 2764 1365 2828 d

186 2868 264 2933 retis
286 2868 422 2934 miseriis
445 2870 683 2954 consulendum,
706 2869 916 2935 formidantes
939 2869 974 2934 in
995 2869 1096 2954 vobis,
1125 2868 1211 2954 quod
1234 2869 1270 2934 in
1291 2867 1357 2933 aliis

186 2972 305 3036 neretis
327 2976 456 3056 praeter
474 2973 612 3059 illum⁵⁸)
635 2994 756 3037 morem
777 2972 933 3038 violenter
954 2971 1091 3037 admitti.
1116 2969 1150 3037 Si
1166 2971 1301 3037 crimine
1313 2991 1365 3056 ras]

186 3077 279 3139 erant
301 3073 418 3160 aliquo,
444 3075 661 3140 ecclesiastica
682 3075 793 3140 debuit
814 3074 1050 3140 examinatione
1072 3074 1235 3160 cognosci.

185 3234 288 3284 iendion
303 3232 519 3298 postulabantur?
553 3228 633 3283 Unde
652 3227 725 3284 etin
741 3228 870 3299 proxima
887 3227 1007 3300 epistola
1024 3233 1057 3283 26
1074 3232 1147 3282 nli
1164 3227 1296 3297 legimns:
1313 3229 1365 3282 Este

184 3319 287 3369 lendion
304 3320 466 3383 desperatoris
483 3334 570 3369 nomen
588 3319 733 3383 abstulerit,
751 3325 778 3369 ei
793 3319 923 3370 iohannes
936 3319 1052 3384 principi
1067 3318 1184 3369 nenias
1198 3317 1283 3382 feisse
1293 3318 1365 3381 isera

252 3401 284 3468 51)
301 3400 346 3454 Ita
362 3417 425 3454 mss.
444 3399 469 3454 D
481 3400 517 3454 Fi
528 3399 568 3453 F*
581 3400 618 3454 N⁸
631 3399 664 3454 0¹
678 3400 713 3455 0²
724 3399 765 3467 d¹;
784 3401 813 3454 d¹
830 3407 943 3471 inquom,
961 3404 988 3454 c⁵
1005 3415 1081 3470 seqq.
1100 3419 1147 3454 cerr
1164 3405 1298 3469 compassi

253 3486 285 3553 ⁵¹)
302 3484 396 3553 Unde,
413 3485 498 3541 infert
514 3485 679 3541 Hincmsrus
696 3486 762 3539 tom.
782 3492 798 3540 2
816 3502 881 3557 pag.
895 3491 953 3553 329,
970 3496 1084 3552 commi,
1103 3490 1177 3556 prin,
1193 3490 1219 3540 si
1234 3505 1286 3541 non
1301 3489 1357 3539 lieet

186 3578 615 3724 mitiiiliffiifiiii
625 3591 842 3722 §inlitis
856 3577 896 3711 t
906 3574 1363 3721 ‘timiditati‘

185 3740 223 3793 0¹⁰
239 3744 375 3794 camisiae.

253 3826 284 3891 ⁵⁵)
303 3824 332 3877 d¹
350 3823 395 3879 hic
413 3825 492 3880 addit
505 3830 610 3889 Girisii,
629 3830 658 3882 et
675 3828 799 3882 removet
816 3832 956 3896 repentinis
973 3830 1164 3881 inonsionibas.
1194 3825 1273 3880 Haec
1284 3828 1365 3882 auten

184 3909 278 3976 verba,
297 3925 369 3978 quae
382 3910 467 3966 etiam
478 3913 573 3967 tuetur
585 3912 735 3967 auctoritas
746 3929 809 3968 mss.
820 3911 885 3966 DFd
894 3911 1006 3967 F⁰ON¹
1025 3913 1055 3967 et
1065 3911 1184 3966 aliorum
1196 3911 1344 3979 aditorum,
1356 3928 1365 3965 r

184 3995 275 4050 venda
291 4012 348 4050 non
366 4011 438 4064 esse,
455 4014 619 4066 persuasum
636 3999 717 4054 nobis
736 4000 777 4053 est
796 4015 829 4052 er
847 3997 990 4064 subnexis,
1008 3996 1056 4052 ubi
1074 3996 1204 4052 Gelasius
1221 4003 1365 4068 inerms

185 4091 282 4144 esseni,
304 4079 431 4150 legitimo
450 4081 556 4150 judicio
575 4083 725 4139 monstrari
743 4083 871 4138 debuisse
889 4082 977 4137 docet.
1013 4081 1051 4136 lis
1068 4081 1156 4153 igitur
1170 4081 1311 4138 indicatur
1327 4080 1365 4138 ori

184 4166 324 4235 quaedam
342 4166 460 4236 species,
479 4167 556 4237 cnjus
574 4168 691 4223 obtentu
709 4170 753 4223 tot
769 4167 912 4238 praesules
928 4166 1001 4238 pulsi
1019 4168 1137 4223 fuerant.
1171 4165 1365 4236 ecquidem!

183 4252 289 4322 phanes
307 4268 372 4322 pag.
386 4257 436 4306 207
453 4252 552 4320 tradit,
570 4252 643 4308 hanc
660 4270 707 4308 eos
725 4253 853 4322 ejiciendi
871 4269 984 4308 causam
996 4253 1136 4308 Zenonem
1152 4253 1355 4324 praesumus

183 4336 309 4405 tyrannis
327 4336 457 4392 adversus
474 4337 564 4408 ipsum
582 4338 732 4394 rebellibus
748 4338 892 4395 favissent.
927 4338 965 4393 Et
981 4339 1054 4394 forte
1072 4337 1260 4394 omminationi
1277 4336 1365 4394 buiol

185 4420 287 4477 dedere
305 4428 468 4491 amnicae,
487 4440 559 4492 quac
577 4423 623 4478 hic
639 4426 841 4491 memorantur,
858 4430 1015 4480 incursiones
1036 4423 1092 4480 sive
1109 4423 1237 4495 plebium
1252 4422 1311 4480 sire
1322 4422 1365 4481 slis

251 4508 282 4574 “)
301 4507 345 4561 Ita
362 4525 427 4562 mss.
440 4507 465 4561 D
478 4507 512 4562 0¹
526 4510 561 4562 0²
573 4511 598 4564 c¹
611 4510 649 4566 d².
678 4509 712 4564 F⁴¹
724 4509 765 4564 ΡΠ
776 4509 814 4566 N·
831 4516 1009 4580 perceperis,
1027 4509 1064 4563 D⁴
1077 4513 1103 4564 ci
1114 4525 1190 4580 seqq.
1202 4514 1358 4580 wespa,-

184 4608 237 4660 que
255 4591 290 4645 0¹
308 4598 489 4663 coneinenpae.

251 4680 283 4746 ii)
302 4682 329 4731 c⁵
352 4694 428 4747 seqq.
452 4685 557 4742 retenti,
579 4680 681 4736 rectius
702 4680 732 4735 in
755 4679 814 4735 aliis
837 4680 916 4735 libris
937 4682 972 4750 (D
984 4680 1018 4734 F*
1030 4679 1071 4734 Fe
1082 4677 1120 4735 Νε
1131 4678 1166 4736 0¹
1179 4680 1216 4736 0⁸
1228 4682 1254 4737 o¹
1271 4680 1315 4753 d)
1335 4702 1365 4740 re

184 4774 279 4824 esseni,
297 4762 328 4816 id
345 4764 400 4817 est:
420 4765 538 4819 necdum
551 4765 694 4834 judicatae
712 4783 820 4822 causae.
855 4766 920 4820 Mox
937 4744 973 4820 15²
991 4769 1086 4837 iegibus
1102 4785 1159 4822 esse
1175 4777 1204 4822 si
1219 4787 1333 4841 recepe.

251 4850 283 4917 ιθ)
300 4848 377 4902 Editi
393 4850 490 4917 (etiam
503 4851 542 4922 d²)
559 4865 667 4922 praem
683 4860 764 4908 alium.
794 4853 832 4907 At
848 4851 883 4907 Et
894 4851 935 4905 F¹¹
948 4869 1011 4907 mss.
1030 4854 1059 4908 a⁸
1070 4852 1100 4907 ot
1110 4854 1137 4906 0¹
1146 4865 1258 4923 praeter
1269 4861 1352 4923 ann,

182 4931 238 4986 scil.
253 4931 379 4988 Gelasius
396 4935 521 5005 proxime
539 4937 677 5008 explicuit
713 4938 778 4994 Mox
794 4937 824 4992 in
840 4955 905 4993 mss.
926 4937 949 4993 0
962 4940 988 4992 c¹
1005 4936 1181 4995 desideratur
1196 4945 1334 5001 abiem
