3204 5506
138 200 171 265 24
547 210 575 260 s.
591 192 799 260 nornrsuns
821 208 937 259 renen

148 370 182 435 4.
226 368 455 451 Καταθυμίως
483 368 718 449 κοινωνοῦμεν
809 364 841 429 4.
900 364 1056 431 Libenter
1111 364 1347 433 communicem

117 472 146 536 ἐν
178 469 311 546 τούτοις
347 463 429 551 ύμῖν
461 478 532 544 τοῖς
561 466 715 552 δόγμασι.
769 468 922 553 dogmate
956 468 1021 533 istu
1054 466 1225 533 vobiscum
1278 466 1362 535 liet·

109 574 209 656 Λέγει
230 573 295 657 γάρ
317 593 385 635 που
401 566 419 633 ὁ
435 568 631 653 σοφώτατος
646 574 718 634 Σα-
769 571 855 634 enim
909 568 1168 656 sapientissimus
1212 568 1371 637 mm:

109 671 238 760 λομοδν·
270 672 472 756 ,Μακάριος
494 668 512 737 ὁ
536 671 719 756 κηρύσσων
770 676 901 751 Bootes,
936 680 991 753 ραί
1011 678 1306 754 praedicaturis·
1323 682 1381 737 ι’τι

110 776 213 861 λόγον
246 777 293 852 είς
315 774 422 860 άκοίγν
444 770 719 851 ὑπακούοντος·“
772 797 877 840 aerem
914 780 1096 849 obedientis,·
1146 774 1288 860 goudium
1312 776 1405 839 estu

111 874 301 962 εύφροσμίη
323 876 386 962 μὲν
408 868 474 942 οὖν
496 877 568 943 ἐστι
590 872 627 940 τδ
646 876 721 940 δια·
772 877 942 961 siquidem,
976 876 1123 942 volentes
1143 876 1259 963 elloqui
1280 872 1405 941 ed

111 980 270 1063 λέγεσθαι
285 989 354 1055 τοῖς
368 977 543 1061 θέλουσιν,
566 976 622 1042 καί
638 978 723 1062 πρὸς
772 984 894 1044 rectem
926 979 1011 1045 viem
1047 1000 1118 1063 eos,
1153 980 1209 1064 qui
1236 1000 1295 1043 nou
1318 1000 1405 1043 re-

111 1078 174 1166 τήν
201 1079 312 1166 ὀρθὴν
340 1077 422 1146 ὁδδν
449 1077 529 1157 τούς
555 1073 600 1165 μη
628 1077 721 1146 dver-
772 1081 953 1163 luctentur,
1008 1081 1144 1147 hortari.
1225 1080 1405 1145 Τοοιαε

61 1198 98 1248 ιο.
112 1186 316 1261 παλαίοντας
331 1183 591 1266 προτρέπεσθαι.
615 1181 724 1248 Κατέ-
774 1184 861 1249 enim
893 1184 1036 1249 obsidem
1066 1183 1144 1249 fidei
1175 1184 1292 1249 mese
1313 1182 1405 1247 sut

111 1309 214 1371 χομεν
235 1282 300 1369 γάρ
324 1284 487 1368 ἐνέχυρον
508 1288 566 1368 τῆς
582 1287 724 1361 πίστεως
773 1287 954 1352 litterarum
996 1284 1198 1372 professione
1237 1290 1405 1351 coustum-

111 1392 170 1473 τίγς
212 1384 390 1473 ὑμετέρας,
445 1377 506 1470 τὴν
545 1383 611 1451 άπδ
654 1390 723 1451 τῶν
774 1389 870 1472 tiam,
892 1410 956 1473 qua
978 1410 997 1453 a
1018 1392 1290 1473 transgressorum
1304 1408 1405 1455 eom

111 1484 316 1574 γραμμάτων
360 1486 631 1575 ὁμολογηθεῖσαν
666 1491 723 1553 ἔν-
774 1491 907 1576 togioue
928 1490 1037 1574 divisi,
1060 1490 1104 1555 ed
1123 1488 1311 1575 spostolicae
1328 1512 1405 1559 ee

113 1607 244 1671 στασιν,
268 1587 313 1656 δι’
329 1583 369 1676 ἧς
392 1593 429 1656 ἐκ
452 1594 510 1675 της
530 1594 600 1655 τῶν
614 1612 724 1673 παρα-
775 1594 824 1658 dis
851 1592 1003 1679 dogmate
1036 1595 1069 1656 et
1101 1591 1256 1657 mendcio
1278 1612 1405 1661 recu-r

112 1695 227 1777 βατιόν
250 1692 356 1778 λύμης
378 1694 602 1777 χωρισθέντες
623 1693 670 1770 είς
684 1690 725 1758 τὰ
775 1695 861 1760 ritis:
890 1716 960 1760 sero
982 1694 1112 1780 quidem
1133 1694 1221 1759 rium
1242 1694 1405 1772 veritatis

112 1799 171 1880 τῆς
199 1792 421 1880 άποστολικῆς
448 1795 617 1877 καθέδρας
644 1794 724 1877 δόγ-
775 1797 931 1883 ingressi,
975 1796 1032 1861 sed
1067 1795 1257 1862 benedictus
1284 1795 1405 1893 Deus¹

113 1922 200 1983 ματα
229 1898 285 1962 καλ
315 1895 455 1975 ἐντολάς
478 1896 721 1979 ἑπανέρχεσθε·
775 1901 831 1984 qui
866 1920 932 1964 non
968 1900 1005 1964 in
1040 1898 1141 1963 finem
1177 1897 1403 1995 obliviscitQ

7 2008 12 2013 '
113 1997 175 2079 ὀψὲ
196 1999 261 2085 μὲν
281 1990 347 2065 οὖν
370 1999 547 2083 ἐπιβάντες
567 1996 724 2082 τῆςόδοῦ
775 2002 830 2086 qui
858 2001 991 2088 corripit
1017 2004 1051 2067 et
1076 2000 1242 2084 medetur,
1277 2008 1397 2097 ueeb')

114 2107 172 2187 τῆς
194 2099 371 2186 άληθείας,
400 2098 475 2167 ἀλλ’
499 2096 678 2184 εὐλογητὸς
706 2096 724 2164 ὁ
776 2102 927 2168 continue
949 2103 1059 2189 gregis
1092 2102 1143 2167 sui
1171 2124 1244 2168 oves
1264 2102 1393 2188 petitur

115 2202 200 2282 Θεδς
221 2204 284 2270 ούκ
308 2205 355 2281 είς
376 2202 470 2280 τέλος
498 2200 724 2269 έπιλανθάνε-
775 2205 997 2271 insidiantium
1027 2204 1180 2290 luporum
1211 2205 1385 2290 mpudete

115 2332 184 2390 ται,
214 2303 251 2383 ὃς
273 2304 426 2371 παιδεύει
455 2306 511 2369 καί
534 2305 639 2388 ίᾶται,
668 2303 724 2369 καί
776 2307 927 2393 discerpi,
962 2307 1018 2392 qui
1044 2328 1105 2391 per
1130 2306 1379 2385 stennone)

115 2406 195 2475 οὐδὲ
222 2412 281 2492 τῆς
309 2404 482 2492 ἡνωμένης
515 2403 621 2471 αὐτοῦ
649 2408 725 2470 ποί-
775 2409 1024 2494 temperantium
1067 2430 1128 2474 neo
1165 2408 1377 2474 coercitionem

114 2536 199 2597 μνης
225 2510 266 2576 τά
295 2509 447 2593 πρόβατα
475 2519 632 2592 καρτερεῖ
656 2511 725 2573 τῶν
776 2534 906 2577 suorum
920 2511 1060 2597 negligit
1074 2532 1136 2577 nec
1151 2510 1293 2576 sulutem!
1306 2508 1378 2575 sed

116 2611 409 2697 ἐπιβουλευόντων
443 2609 557 2676 λύκων
590 2616 630 2695 τῇ
663 2607 721 2693 ἆρ-
777 2614 851 2698 quid
879 2614 1011 2697 mirum,
1046 2614 1172 2679 sioves
1198 2612 1296 2677 relicto
1308 2610 1379 2675 illo

115 2719 205 2799 παγῇ
229 2714 450 2795 διασπᾶσθαι,
474 2709 510 2790 δς
525 2710 581 2776 διά
596 2716 654 2796 τῆς
669 2736 724 2778 κε·
777 2737 841 2780 uno
878 2719 912 2780 et
946 2737 1022 2781 vcro
1062 2718 1193 2801 pastore
1225 2713 1376 2797 dinem

1 2897 2 2901 η
116 2815 283 2902 κραμένης
325 2813 507 2898 αι’·στηρίας
549 2811 629 2879 ούδὲ
668 2818 726 2898 τῆς
777 2817 911 2883 callidus
945 2820 1097 2883 cruentus
1130 2820 1164 2882 et
1194 2836 1281 2901 repes
1298 2818 1374 2878 tur-

116 2918 301 3003 άσφαλείας
336 2921 405 2982 τῶν
442 2917 538 2982 ἰδίων
575 2913 726 3001 ὑπερορᾷ
778 2921 866 2984 bavit
887 2919 1038 2984 insidiis?
1064 2917 1128 2995 Qui
1147 2917 1369 2983 tutelensem

116 3020 197 3088 οὐδὲ
212 3025 270 3106 τῆς
285 3021 459 3104 σωτηρίας.
481 3014 579 3083 Ἀλλά
594 3021 629 3082 τί
637 3023 726 3082 θαυ-
779 3022 944 3105 deserunt,
979 3021 1041 3105 ipsi
1063 3043 1098 3086 se
1119 3019 1271 3105 periculis,
1294 3016 1364 3101 qui-

116 3121 256 3211 μαστόν,
279 3123 310 3188 εί
329 3117 369 3186 τά
392 3120 544 3203 πρόβατα
572 3124 727 3185 καταλει-
778 3123 838 3188 bus
858 3124 1038 3207 lanientur,
1063 3126 1232 3208 exponunt

118 3227 265 3311 φθάντος
302 3223 436 3290 ἐκείνου
472 3226 533 3287 τοῦ
567 3221 641 3299 ένδς
673 3222 729 3286 καί

118 3327 286 3412 άληθινού
329 3324 486 3410 ποιμένος
530 3325 728 3407 διασκορπι-

33 3488 39 3509 ,
119 3429 245 3496 σθέντα
278 3425 296 3493 ὁ
324 3431 533 3510 πανοῦργος,
566 3424 584 3492 ὁ
613 3425 729 3510 αἵμασι

119 3531 335 3616 πεφυρμένος
349 3529 405 3594 καὶ
418 3527 538 3613 ἅρπαξ,
561 3538 633 3605 ταῖς
656 3527 730 3593 εὐέ-

120 3636 216 3720 δραις
238 3632 414 3739 έτάραξεν;
461 3631 506 3697 Oi
529 3628 591 3716 τὴν
616 3627 730 3713 ἀσφά-

119 3742 214 3803 λειαν
237 3733 298 3820 τὴν
314 3736 407 3800 ι’δίαν
423 3733 730 3818 καταλιμπάνοντες

120 3837 216 3905 αὐτοὶ
232 3833 373 3914 ἑαυτούς
386 3846 456 3914 τοϊς
471 3834 656 3916 κινδύνοις,
672 3829 730 3918 ὑφ’

120 3934 169 4008 ὦν
192 3940 456 4026 σπαράττονται,
489 3937 727 4023 ἐμβάλλουσιν.

162 4046 194 4107 ii.
221 4041 324 4108 Ὥστε
348 4041 404 4106 καὶ
430 4045 497 4105 νῦν
523 4045 610 4124 γοῦν
632 4040 730 4123 στεβ-
823 4045 854 4110 5.
892 4044 981 4130 Ergo
1011 4066 1098 4109 imno
1130 4030 1292 4108 soene!

121 4146 192 4229 ῥοῖς
213 4144 361 4229 βήμασιν
385 4143 478 4228 ivry}
495 4142 562 4229 ὁδῷ
580 4145 729 4207 coivera-
781 4147 927 4231 passibus
962 4147 998 4211 in
1034 4147 1119 4211 viem
1154 4150 1277 4231 potrum,

121 4246 239 4329 τύρων,
263 4244 347 4330 πρὸς
368 4242 412 4330 ἢν
434 4242 649 4329 άνεδράμετε,
673 4247 728 4309 έν·
782 4271 877 4332 quum
908 4248 1104 4331 recurristis,
1138 4245 1266 4313 insistite.

122 4365 235 4433 στητε·
259 4348 401 4413 δύναται
422 4347 487 4432 γάρ
510 4344 623 4412 τὸτοῦ
640 4351 730 4412 Θεοῦ
781 4352 854 4415 tens
882 4351 944 4415 erit
971 4350 1185 4416 miscricordie
1204 4345 1265 4426 Dei,

191 4520 221 4587 ¹⁷)
239 4518 258 4573 b
277 4540 322 4573 nec
340 4525 445 4584 ιίίιιλίατ,
465 4536 500 4573 cc
517 4517 595 4573 utin
613 4534 715 4589 graeco
734 4540 780 4574 nec
797 4525 869 4575 uniti.
1144 4586 1149 4593 1

191 4605 221 4673 11’)
240 4603 276 4659 G’
294 4610 490 4669 distinctionem,
508 4608 534 4659 e¹
553 4610 735 4659 distinctionis:
754 4605 893 4661 mendose.
924 4606 979 4662 Alii
997 4606 1148 4662 secundum
1166 4618 1246 4675 gme-

122 4695 238 4742 deratam
259 4696 418 4745 seueritatem
441 4692 500 4758 (seu
519 4710 570 4759 per
592 4701 755 4759 temperatam
774 4695 957 4760 austeritatem)
980 4713 1029 4747 non
1048 4697 1149 4761 κτηίλρίλ
1165 4708 1241 4744 tuom

122 4792 202 4843 neque
219 4779 331 4830 satutem.
350 4805 384 4814 -
400 4774 466 4828 Mox
483 4792 519 4830 co
536 4780 573 4828 itti
590 4796 646 4829 uno.
