3204 5506
672 372 700 422 s.
718 350 841 420 niuniu
863 366 977 418 ranno:

692 526 873 630 Epistola
900 527 955 608 to.

53 668 173 725 ΜΝ·
292 681 414 747 Hilari
439 698 549 764 papae
571 680 614 746 ad
637 681 819 763 episcopos
841 677 967 759 synodi
995 678 1033 741 in
1056 693 1160 747 causa
1183 672 1359 742 Mamerti

47 743 80 791 ib
92 736 173 789 Febr.

699 782 952 863 congregatae,

800 899 849 937 tlell

228 981 454 1048 Praeceptum
474 979 585 1036 Hilari
612 992 720 1048 papae
743 978 785 1034 de
807 977 952 1033 ecclesia
972 975 1113 1043 Deensi,
1146 974 1207 1032 ubi
1234 972 1429 1043 episcopus

386 1082 539 1139 indebite
562 1079 784 1138 aviennensi
807 1079 965 1148 episcopo
987 1077 1166 1135 ordinatus
1188 1080 1250 1134 est.

199 1216 218 1263 L
237 1216 271 1263 llt
292 1215 483 1277 perversurum
506 1214 650 1276 episcopum
672 1218 805 1261 moneatur
822 1212 974 1270 latuerant,
1000 1216 1030 1259 nt
1056 1211 1089 1259 ab
1113 1209 1317 1259 ordinationibus
1339 1207 1473 1258 indebitis
1481 1207 1522 1270 p:

258 1301 353 1348 ordinis
371 1302 412 1347 rui
429 1304 456 1349 et
473 1299 670 1360 privilegiorum
688 1297 801 1359 periculo
818 1299 845 1344 in
863 1301 993 1358 porterum
1010 1296 1148 1345 abstineat

188 1384 220 1432 11
238 1385 272 1431 ut
289 1385 334 1443 qui
351 1385 493 1433 neenaibnr
510 1398 527 1432 a
538 1384 661 1431 Kamertc
680 1387 843 1431 consecratur
861 1387 913 1441 est,
935 1382 1037 1430 mantii
1052 1381 1213 1430 &chunnis
1230 1379 1364 1442 episcopi,
1382 1393 1400 1428 ι
1416 1390 1469 1441 qne

258 1470 402 1517 consecrari
420 1469 519 1527 debuit,
538 1469 646 1516 arbitrio
664 1469 832 1516 confirmetur.

339 1583 627 1648 Dilectissimis
649 1583 856 1666 fratribus,
873 1581 1054 1666 Victur0,
1078 1581 1273 1667 Ingenuo,
1297 1579 1468 1664 Ydatio,

432 1685 642 1768 anstasio,
690 1685 871 1768 l‘ontejo,
915 1683 1121 1766 Viventio,
1165 1681 1344 1767 Eulalia,
1391 1681 1470 1748 Ve-

433 1790 572 1872 ranob,
610 1787 774 1870 Fausto,
804 1787 1000 1869 Auxanio,
1047 1785 1233 1869 Proculo,
1262 1786 1467 1869 Ausonio,
1501 1862 1507 1868 ,

431 1890 571 1974 Paulo,
595 1889 833 1970 Memoriali,
857 1887 1073 1970 Coelestio,
1096 1887 1294 1972 Projocto,
1318 1887 1468 1954 Eutro

432 1992 511 2076 pio,
536 1992 745 2074 Avitiano,
771 1990 869 2055 Urso
897 1994 936 2054 et
958 1990 1127 2054 Leontio
1149 1989 1326 2056 Hilarus.

276 2112 303 2175 l.
343 2110 496 2175 Sollicitis
524 2111 693 2174 admodum
720 2110 814 2174 nobis
843 2114 876 2174 et
903 2132 941 2173 ex
968 2108 1029 2192 his,
1062 2131 1142 2193 quae
1169 2109 1316 2194 proxima
1340 2110 1383 2175 ad
1405 2131 1469 2175 nos

187 2213 299 2277 relatio
322 2214 441 2298 certa2)
465 2213 639 2295 detulerat,
663 2213 764 2276 multa
787 2213 1026 2296 exspectatione
1042 2212 1215 2296 suspensis,
1238 2211 1371 2276 litterae
1385 2212 1468 2277 dile

188 2316 303 2380 ctionis
325 2319 459 2397 vestrae,
490 2317 592 2379 fratre
615 2319 647 2377 et
670 2316 857 2398 coepiscopo
885 2318 995 2378 nostro
1017 2315 1172 2397 Antonio,
1203 2335 1297 2399 quem
1324 2314 1469 2400 dignum

186 2422 280 2482 tanta
302 2418 464 2502 legatione
486 2416 657 2500 probamus
680 2416 881 2500 interpetem,
906 2416 1080 2498 deferente,
1105 2419 1182 2480 sunt
1202 2414 1356 2499 traditae,
1379 2438 1468 2501 quae

187 2541 246 2583 nos
268 2519 346 2603 ipsis
369 2522 536 2582 contextus
558 2519 606 2582 sui
630 2518 859 2582 contristavere
875 2518 1053 2602 principiis
1091 2517 1176 2582 Nam
1191 2519 1245 2602 qui
1260 2518 1468 2602 requiescere

188 2619 434 2683 sollicitudinem
464 2623 608 2683 nostram
641 2623 672 2683 et
703 2642 823 2704 magna
851 2641 889 2682 en
916 2624 1008 2704 parte
1031 2619 1166 2684 relevari
1188 2620 1223 2684 in
1244 2620 1306 2703 his,
1336 2642 1424 2705 quae
1446 2643 1468 2686 a

116 2734 122 2755 ¹
188 2725 319 2784 sanctae
341 2722 512 2785 memoriae
535 2721 698 2785 decessore
720 2742 791 2784 meo
806 2720 844 2784 de
857 2720 1033 2785 Viennensi
1050 2721 1198 2805 episcopo
1212 2722 1357 2805 praefixa
1373 2728 1467 2807 sunt,

126 2849 132 2855 ·
189 2822 405 2906 credebamus,
435 2822 576 2887 evidenti
604 2823 779 2886 assertione
803 2823 1008 2908 cognovimus
1031 2826 1064 2887 et
1086 2844 1152 2887 non
1178 2824 1247 2888 sine
1270 2822 1383 2888 dolore
1405 2825 1468 2889 mi-

188 2946 305 3007 ramur,
335 2924 537 2988 definitiones
565 2924 636 2988 illas
666 2947 684 2988 a
707 2925 863 2988 Mamerto
891 2926 1040 3009 episcopo
1067 2946 1155 2989 nunc
1185 2924 1328 3009 potuisse
1354 2928 1467 2991 mans-

188 3027 292 3110 ccndi,
322 3049 379 3110 per
400 3049 480 3111 quas
503 3028 655 3091 ccclesiae
678 3027 881 3112 privilegium
903 3027 1054 3111 ptobarat
1082 3026 1219 3111 acquiri:
1247 3045 1348 3110 quum
1368 3048 1467 3112 prae·

189 3129 280 3212 cipue
302 3129 412 3193 fratris
435 3132 467 3192 et
490 3129 667 3213 coepiscopi
691 3130 791 3192 nostri
807 3128 933 3192 Leontii
948 3128 1124 3193 moderatio
1139 3128 1275 3192 formam
1291 3110 1467 3195 continen-
1491 3122 1495 3127 ¹

187 3230 251 3293 tiae
274 3231 427 3315 praebere
451 3230 596 3294 debuerit
616 3231 781 3314 ambienti,
812 3236 868 3294 aut
890 3230 917 3294 si
939 3230 1054 3314 spiritu
1082 3229 1305 3295 aemulationis
1327 3230 1467 3305 inflabas

188 3354 270 3416 eum,
295 3333 378 3416 quod
400 3355 466 3396 non
489 3332 640 3416 oportuit,
665 3333 839 3396 arbitratus
855 3337 904 3396 est
918 3331 1159 3417 negligendum,
1183 3331 1397 3419 decaron-1³3)
1414 3334 1466 3399 sui

188 3435 302 3498 saltem
324 3435 501 3497 instructus
528 3434 682 3518 exemplo,
713 3434 799 3499 illius
819 3435 1000 3501 imitaretur
1014 3433 1272 3519 temperantiam,
1295 3435 1393 3518 cujus
1408 3434 1465 3500 ho·

191 3557 270 3599 nore
291 3536 514 3620 perfungitur,
538 3556 598 3598 nec
619 3536 886 3620 transgrediendo
909 3536 1053 3618 violaret,
1077 3537 1160 3621 quod
1178 3536 1247 3620 jam
1268 3557 1370 3621 nunc,
1398 3537 1465 3602 nisi

188 3637 364 3721 patientiae
387 3636 603 3701 moderamina
625 3640 816 3721 teneremus,
840 3643 948 3723 posset
969 3638 1125 3702 amittere.

274 3739 303 3803 2.
342 3737 400 3804 Cui
423 3761 563 3823 iniquam
584 3740 706 3823 profuit
727 3763 816 3804 mens
839 3740 976 3824 rebellis,
1007 3744 1063 3804 aut
1084 3762 1179 3825 quem
1200 3739 1371 3824 superbiae
1394 3762 1465 3807 non

188 3840 359 3905 inclinavit
380 3840 499 3904 elatio?
542 3840 649 3904 Altior
671 3845 720 3905 est
741 3841 932 3906 humilitatis
955 3843 1077 3926 gratia,
1109 3842 1159 3906 cui
1181 3845 1375 3925 paupertate
1398 3844 1465 3929 spi-

76 3935 174 3989 Mflllh·
188 3943 269 4006 ritus
298 3943 336 4005 ad
365 3943 541 4027 praemium
570 3944 744 4027 promissae
773 3942 980 4008 beatitudinis
1009 3944 1071 4007 iter
1099 3943 1192 4028 regni
1215 3943 1363 4008 coelestis
1387 3967 1465 4031 ape·

98 4009 152 4070 5’3'
188 4045 279 4109 ritur.
318 4043 386 4108 Nec
408 4045 661 4129 perfunctorium
683 4046 920 4128 praevaricator
943 4045 1103 4109 existimet
1125 4066 1193 4109 esse
1214 4045 1299 4129 qnod
1315 4044 1412 4131 fecit,
1436 4049 1464 4112 si

189 4147 331 4211 eruditus
360 4146 514 4211 doctrinis
542 4146 782 4229 ecclesiasticis,
815 4148 891 4231 quid
919 4150 1052 4232 uterque
1081 4150 1257 4230 mereatur,
1286 4149 1465 4233 egrrcscit:

78 4239 176 4363 ll’gglss·
189 4271 286 4332 quum
309 4248 390 4313 ulter
412 4249 585 4314 secundum
608 4248 828 4333 propheticam
851 4270 960 4313 vocem
982 4250 1016 4312 in
1033 4248 1136 4313 medio
1151 4247 1331 4315 dominicae
1346 4248 1479 4317 domus·

133 4351 140 4375 ,
165 4352 250 4371 .-.--

260 4406 278 4469 ¹)
297 4401 383 4456 Deest
400 4402 427 4455 in
446 4402 479 4456 11³
491 4402 524 4455 L⁴
537 4403 563 4466 b,
585 4402 614 4454 in
632 4401 665 4454 ΙΙ
681 4407 802 4455 Veranio.
826 4401 905 4455 Hunc
915 4400 1055 4455 Vcrannm
1069 4400 1229 4455 Sirmondus
1241 4401 1467 4472 Lugdrmensem

190 4486 350 4555 episcopum
369 4487 506 4556 opinatur,
525 4485 716 4540 Tillcmontius
735 4485 924 4552 Vcncicnsenr,
948 4486 1055 4540 (laalliae
1074 4485 1242 4540 christianae
1259 4486 1419 4559 scriptores
1437 4489 1467 4545 in

192 4574 318 4625 Bructerae
331 4576 495 4638 Lupaiuncaai
511 4571 654 4638 utriusque
672 4571 825 4625 sententiae
844 4573 986 4625 nrorrrenta
1003 4571 1137 4626 librantes
1155 4573 1284 4626 neutram
1301 4571 1331 4627 in
1349 4577 1468 4645 partem

192 4654 340 4707 declinant.

257 4739 279 4805 ²)
297 4738 354 4791 scil.
376 4743 499 4794 Ganduici
516 4740 643 4809 trragistri
661 4739 778 4794 insilit-um
797 4758 890 4811 opera.

257 4827 279 4892 ³)
297 4823 408 4877 Venerii
426 4824 567 4890 nimirum,
594 4843 676 4893 quem
694 4825 793 4879 Leonis
812 4828 967 4881 accidentiae
985 4826 1012 4880 in
1031 4827 1151 4895 epistola
1168 4832 1202 4882 66
1219 4828 1352 4899 prolatae
1370 4848 1469 4889 meen-

190 4924 248 4962 stnn
268 4909 429 4978 portic-lauisse
447 4909 510 4962 hiric
529 4910 675 4977 colligitur.
1131 4907 1134 4911 ’
