3204 5506
567 328 856 388 uersronsu130.
883 329 954 388 131.
1340 327 1401 393 951

372 492 523 587 philus,
539 490 780 575 Basiliscus,
804 491 964 576 Esaias,
983 492 1244 580 Anastasius,
1261 495 1401 561 Pater·

371 617 458 679 nus,
475 593 699 658 Martianus
719 598 757 659 et
773 596 909 659 cetera
930 599 1073 660 sancta
1095 597 1283 681 synadae,
1301 620 1401 682 quae

373 697 414 762 iu
445 695 903 781 Constantinopolitana
937 701 997 761 est
1030 698 1201 763 civitate
1237 720 1400 784 congre-

371 801 477 884 gata.

214 920 241 983 1.
274 916 547 983 Innumerabilem
569 920 603 982 et
624 918 853 1002 investigatam
876 918 986 1002 magni
999 909 1070 983 ‘Dei
1092 923 1125 982 et
1147 917 1322 984 Salvatoris
1344 941 1400 984 110-

122 1022 185 1085 stri
199 1020 278 1085 Jesu
294 1019 415 1087 Christi
438 1019 641 1134 sapientiam,
665 1023 822 1104 quantum
837 1018 1020 1083 hominibus
1036 1020 1130 1085 datur
1151 1021 1303 1106 intelligi,
1328 1044 1400 1086 cou-

122 1123 319 1206 siderantes,
345 1122 511 1186 caritatem
528 1121 596 1204 ejus
611 1121 801 1185 immensam
820 1121 908 1205 juste
930 1120 1100 1204 miramur,
1130 1125 1257 1187 etcum
1279 1145 1400 1209 magna

123 1223 300 1290 clamamus
322 1245 414 1288 voce:
445 1227 515 1299 Quis
536 1228 678 1336 loquetur
696 1231 851 1302 potentias
872 1228 1008 1301 Domini,
1040 1172 1164 1289 auditas
1175 1228 1280 1302 saciet
1302 1246 1402 1291 omnes
1413 1191 1506 1328 {05³1}
1509 1237 1515 1247 “

122 1333 233 1391 laudes
260 1333 348 1415 ejus?
396 1325 482 1390 Ecce
510 1323 597 1388 enim
622 1344 681 1408 per
707 1323 825 1388 bonam
854 1324 1054 1388 voluntatem
1080 1328 1213 1390 sanctae
1242 1328 1274 1390 et
1305 1328 1400 1392 unius

123 1428 284 1494 essentiae
306 1420 477 1492 Trinitatis
501 1428 533 1490 et
547 1425 793 1490 intercessiones
812 1426 970 1511 gloriosae
985 1426 1153 1490 Mariae
1123 1428 1326 1512 virginis,st
1294 1429 1400 1493 studio

123 1552 250 1616 quoque
272 1534 305 1594 et
325 1529 474 1614 vigilant
465 1552 497 1594 ra
450 1527 835 1595 tOhristianissimit
803 1531 835 1592 et
857 1527 1034 1592 fidelissimi
1049 1528 1251 1613 imperatoris
1274 1534 1307 1595 et
1323 1531 1399 1616 piis-

123 1633 224 1697 simae
246 1633 390 1717 reginae,
414 1630 490 1695 olim
512 1652 593 1715 quae
615 1630 746 1694 fueraut
767 1629 910 1694 membra
931 1629 1043 1713 divisa,
1067 1653 1125 1716 per
1139 1631 1279 1716 Spiritus
1295 1634 1400 1697 sancti

122 1735 266 1820 gratiam
289 1733 330 1797 ad
350 1733 509 1798 unitatem
532 1736 565 1797 et
587 1732 756 1796 caritatem
776 1731 954 1816 perfectam
984 1735 1061 1796 sunt
1081 1732 1290 1799 redacta:t
1257 1737 1290 1798 et
1317 1735 1402 1799 sicut

122 1837 307 1923 Moysest
273 1859 290 1901 e
292 1835 432 1901 tAaron
455 1835 550 1899 duces
565 1833 627 1898 Dei
648 1854 721 1898 vere
745 1834 811 1898 cult
797 1838 888 1898 turae
903 1834 1041 1899 Israelit'
1032 1856 1100 1899 1cae
1118 1835 1288 1918 nominati,
1312 1859 1400 1901 nunc

120 1940 170 2004 ita
193 1941 227 2003 et
248 1958 307 2003 nos
329 1937 508 2023 gaudentes
531 1936 720 2000 clamamus:
745 1941 905 2000 Cantemus
929 1941 1074 2001 Domino!
1094 1943 1226 2015 gloriose
1247 1945 1325 2015 eninr
1347 1943 1398 2002 to
1412 1903 1502 2040 {¹5⁰}

122 2048 302 2118 norificatus
323 2050 385 2113 est,·
408 2045 535 2119 adjutor
555 2049 585 2102 ei
596 2041 869 2120 proiectorsooias
883 2049 927 2101 est
941 2043 1049 2102 mini
1036 2060 1067 2102 rn
1081 2040 1226 2103 salutem!
1260 2039 1305 2103 Et
1319 2038 1399 2104 haee

122 2143 244 2208 sentire
267 2144 301 2205 et
321 2141 507 2225 praedicare
530 2162 599 2204 cum
623 2139 740 2203 fiducia
763 2161 872 2203 sumus
895 2139 1009 2204 edocti

209 2245 240 2308 2.
274 2241 522 2335 Considerantes
538 2246 645 2306 autem
668 2241 836 2305 caritatem
859 2244 892 2305 et
906 2240 975 2305 Deo
998 2240 1168 2305 amabilem
1185 2227 1311 2306 'vestrae
1325 2243 1398 2308 bea-

121 2346 272 2412 titudinis
288 2347 388 2410 vitam
403 2344 501 2408 etiam
523 2366 562 2407 ex
584 2343 645 2424 his,
669 2343 723 2427 qui
743 2342 866 2406 avobis
882 2344 959 2406 sunt
974 2342 1127 2407 destinati
1143 2344 1398 2409 reverendissimi

120 2449 239 2533 legati,
269 2446 417 2511 similiter
445 2450 478 2510 et
498 2467 611 2529 pacem
635 2448 820 2508 sanctarum
842 2443 904 2508 Dei
932 2444 1138 2508 ecclesiaram
1166 2448 1233 2508 tam
1262 2447 1398 2510 senioris

121 2571 220 2634 quam
245 2547 391 2612 novellae
414 2547 551 2630 Romae,
583 2547 632 2611 cui
661 2568 719 2610 nos
746 2546 808 2629 ipsi
837 2546 1011 2630 participes
1040 2547 1140 2611 fuisse
1169 2551 1396 2631 monstramur,

121 2652 209 2715 bono
231 2653 353 2735 pastori
376 2654 408 2714 et
422 2649 559 2733 principi
584 2649 726 2712 omnium
742 2646 870 2713 Christo
884 2646 953 2712 Deo
976 2651 1086 2712 nostro
1109 2652 1260 2714 consuete
1275 2651 1397 2734 gratiam

120 2753 300 2817 referimus.
345 2751 431 2815 Nam
452 2755 526 2836 post
547 2750 669 2814 obitum
692 2754 825 2814 sanctae
847 2749 1077 2814 recordationis
1108 2751 1267 2833 quondam
1296 2753 1397 2816 archi-

121 2855 264 2938 episcopi
288 2857 321 2918 et
342 2852 544 2937 patriarchae
564 2851 723 2916 Johannis
739 2850 1119 2935 Constantinopolitanae
1142 2852 1282 2917 civitatis
1297 2852 1395 2937 Deus,

120 2957 177 3042 qui
211 2957 375 3040 propriam
401 2957 548 3019 sanctam
576 2952 755 3017 Ecclesiam
784 2955 819 3016 in
846 2956 940 3036 petra
966 2957 1072 3017 rectae
1104 2952 1179 3017 fidei
1209 2956 1397 3040 incorrupta

119 3058 288 3140 frmdarit,
319 3059 353 3122 et
379 3059 488 3141 portas
515 3055 612 3120 inferi
640 3076 707 3118 non
732 3054 917 3138 praevalere
944 3054 973 3117 ei
1002 3053 1158 3137 decrevit,
1189 3056 1276 3119 dedit
1304 3044 1507 3121 nobisMalih·

120 3162 271 3224 sanctum
293 3160 454 3243 pastorem
477 3161 509 3221 et
531 3154 749 3241 patriarcham
771 3155 1007 3239 Epiphanimu,
1037 3155 1209 3220 virtutibus
1234 3162 1267 3221 et
1295 3179 1397 3224 corre·
1417 3119 1502 3180 Μ’

121 3261 317 3346 ctionibus¹)
341 3263 374 3324 et
394 3260 603 3324 meditatione
626 3258 806 3321 divinarum
827 3256 995 3321 florentem
1010 3257 1251 3342 scripturarum,
1275 3266 1396 3326 rectam

120 3384 248 3447 quoque
270 3365 436 3425 tenentem
458 3361 569 3443 fidem,
600 3363 633 3423 et
653 3359 838 3423 orbatorum
860 3362 1030 3442 paternam
1052 3361 1250 3448 regentem²)
1281 3362 1397 3427 sollici·

120 3465 278 3547 tudinem,
302 3466 345 3546 et,
368 3463 444 3546 quid
466 3461 603 3547 amplius
618 3461 734 3544 dicam,
751 3483 879 3525 omnem
893 3461 1136 3545 praeconiorum
1154 3462 1278 3527 fontem
1292 3468 1396 3529 traus-

122 3566 325 3630 cendentem.
370 3563 431 3628 His
454 3585 531 3648 ergo
553 3563 725 3627 virtutibus
747 3562 887 3646 pollens,
916 3583 984 3627 non
1010 3563 1169 3627 immerito
1195 3565 1396 3648 proprisset

121 3667 262 3732 creditas
284 3665 412 3730 sibimet
434 3665 589 3728 maximas
611 3663 775 3729 Ecclesiae
798 3685 889 3727 curas
912 3665 1076 3748 sapienter
1101 3667 1134 3728 et
1161 3665 1295 3730 honeste
1324 3689 1393 3752 ges-

118 3871 237 3929 tentem.
266 3868 311 3924 Sic
323 3867 473 3938 aliquando
486 3867 648 3923 Juvenalem
660 3867 925 3936 Jerosolymitanum
938 3868 1100 3938 episcopum
1111 3869 1279 3938 particulam
1290 3883 1395 3924 sanciae

120 3961 211 4009 Crucis
223 3974 276 4009 eum
289 3959 394 4023 eulogiis
411 3953 447 4007 ad
465 3952 588 4007 Leonem
605 3952 720 4018 misisse,
740 3969 773 4007 ex
796 3952 883 4023 ipsius
900 3951 1001 4006 Leonis
1019 3953 1137 4022 epistola
1156 3960 1205 4008 139
1224 3972 1245 4008 c.
1265 3954 1304 4008 IV
1322 3955 1396 4010 colli-

120 4039 206 4111 gitur.
225 4068 260 4078 -—
276 4037 385 4092 Ibidem
403 4053 467 4091 mox
485 4037 520 4091 G¹
539 4044 579 4092 olo
597 4045 693 4100 serica,
712 4037 756 4092 ed.
774 4043 867 4091 serica.

122 4131 170 4179 131
208 4126 228 4193 ¹)
246 4124 300 4178 Pr0
318 4126 518 4178 correctionibus
535 4121 610 4176 haud
629 4121 712 4175 dubie
731 4138 831 4191 graece
850 4124 992 4185 erraticis·
1010 4125 1170 4187 παιδείαις.
1199 4122 1283 4178 Vocis
1300 4127 1395 4179 autem

119 4211 243 4263 παιδεία
261 4207 363 4278 duplex
387 4207 430 4261 est
451 4207 583 4276 potestas.
625 4206 783 4276 Aliquando
806 4205 880 4260 enim
898 4206 1103 4276 correptionem
1121 4209 1150 4262 et
1172 4207 1395 4277 castigationem,

120 4292 232 4363 saepius
251 4292 438 4362 disciplinam,
457 4289 642 4346 eruditionem
660 4308 693 4346 ac
715 4291 873 4346 litterarum
891 4291 1012 4345 studium
1030 4292 1118 4346 sonat.
1153 4292 1213 4346 Nec
1231 4293 1394 4362 ambiguum

120 4381 176 4445 est,
199 4377 265 4447 quin
288 4377 333 4432 hic
353 4382 487 4439 institutis,
511 4382 654 4430 litterarum
677 4382 780 4440 studiis,
803 4396 848 4431 aea
871 4381 1012 4445 disciplinis
1034 4387 1060 4430 et
1083 4382 1225 4431 eruditione
1247 4376 1395 4447 interpreti

119 4462 336 4534 praeferendum
354 4461 445 4519 fuerit.
482 4461 660 4515 Hormisdam
677 4466 798 4515 institutis
816 4461 926 4530 legisse,
944 4479 978 4515 ex
995 4461 1131 4531 rescripto
1150 4479 1198 4516 seu
1213 4460 1332 4531 epistola
1346 4470 1394 4518 139

119 4547 300 4602 manifestum
318 4548 374 4601 fiet.

189 4635 211 4700 ²)
228 4632 319 4702 Magis
337 4632 475 4687 arrideret
490 4643 628 4701 parentem.
662 4630 835 4701 Epiphanius
853 4648 938 4701 supra
955 4631 1036 4700 epist.
1052 4638 1097 4684 111
1117 4632 1251 4686 Johauuis
1269 4632 1394 4688 decesso-

119 4718 159 4774 ris
181 4717 223 4771 sui
245 4717 382 4786 syncellus
400 4716 585 4786 praedicatur.
626 4716 762 4771 Eumdem
780 4718 810 4770 et
827 4716 1072 4786 orphanotrophiis
1093 4716 1262 4786 praefuisse,
1285 4734 1333 4771 seu
1352 4733 1394 4770 or·

118 4804 278 4874 phanorum
297 4819 393 4857 curam
411 4819 474 4856 cum
491 4802 573 4856 laude
591 4800 717 4871 gessisse,
735 4800 801 4855 hinc
818 4800 956 4856 discimus.
988 4801 1173 4871 Theophanes
1189 4819 1255 4872 pag.
1273 4809 1319 4856 141
1338 4802 1391 4871 (cd.

118 4889 209 4944 Bonn.
227 4906 255 4959 p.
276 4891 336 4958 256)
354 4885 501 4942 Februarii
518 4893 551 4941 25
569 4885 614 4940 die
633 4903 697 4943 eam
715 4885 875 4942 ordinatum
892 4885 987 4941 tradit.
