3224 5506
559 339 754 421 emenonis
777 363 806 420 3.
831 362 860 418 4.
1285 359 1346 424 321

109 544 194 607 *uera
215 530 351 606 occipite,
377 545 496 604 quaeso,
528 529 625 602 bibite,
657 532 754 608 vivite,
779 532 847 590 nolo
869 532 1056 609 moriemini3
1084 547 1127 589 an
1155 548 1221 610 voe,
1250 533 1304 614 qui
1327 537 1472 604 amnon.)

109 630 186 697 xiia
204 625 367 712 prohibiti,
391 626 529 692 medicos
551 627 667 691 ducitis
690 627 909 705 exsecrandos,
931 628 1028 692 immo
1050 628 1104 712 qui
1126 627 1223 693 vultis
1247 633 1349 698 vobis-

109 758 147 800 m
174 730 312 794 medicos
334 734 514 816 aegrotare,
538 752 635 816 quam
658 752 713 794 vos
735 731 876 816 recipere
899 730 1082 795 sanitatem.
1110 735 1226 796 Etolr'o
1240 755 1347 801 mono:

109 856 165 901 ms
190 834 221 897 te
241 832 435 897 incolumem
457 834 630 898 custodiat!

593 1021 775 1126 Epistola
800 1022 836 1105 4.
1363 1099 1390 1153 d·
1404 1099 1500 1155 m

204 1172 336 1242 Gelasii
359 1191 470 1260 papae
492 1174 536 1241 ad
557 1176 759 1242 Honorlum
780 1175 984 1242 Dalmatiae
1007 1176 1223 1280 episcopum.
1362 1174 1484 1305 (affigi)

154 1315 188 1366 Ut
205 1317 364 1382 Pelopionam
381 1316 507 1367 baeresim
524 1319 581 1367 olim
599 1324 651 1368 toto
669 1316 730 1367 orbe
745 1317 920 1381 proscriptam
938 1318 963 1365 in
984 1317 1107 1367 Dalmatis
1124 1321 1282 1370 revalescere

641 1418 691 1452 non
708 1403 785 1452 sinat.

231 1533 510 1601 Dilectissimo
531 1534 655 1600 fratri
677 1533 886 1620 Honorio¹)
911 1533 1108 1600 Gelasius.

179 1655 201 1718 l.
234 1654 323 1720 Licet
344 1655 431 1720 mter
452 1655 558 1740 varias
580 1658 761 1739 temporum
788 1654 997 1721 difficultates
1029 1657 1192 1722 continuis
1215 1680 1348 1747 occupa-

109 1743 223 1822 ionibus
242 1757 400 1843 implicati
420 1758 474 1822 vix
496 1758 654 1843 respirare
676 1759 854 1844 valeamus,
883 1780 941 1842 pro
970 1759 1053 1824 sedis
1084 1764 1195 1825 tamen
1222 1766 1348 1846 aposto·

109 1868 177 1922 tae
190 1859 398 1925 moderamine
425 1861 524 1925 totius
551 1860 644 1925 ovilia
674 1860 824 1925 dominici
854 1883 961 1926 curam
990 1864 1060 1928 sine
1084 1864 1262 1929 cessatione
1284 1869 1348 1931 tra-

109 1950 220 2047 hana,
240 1985 321 2048 quae
343 1964 439 2028 beato
456 1963 552 2028 Petro
568 1962 744 2029 Salvatoris
766 1964 865 2047 ipsius
887 1965 991 2029 nostri
1013 1986 1090 2030 voce
1113 1965 1263 2052 delegata
1283 1973 1348 2035 est:
1362 1922 1449 2056 diffie

109 2051 136 2115 ΓΙ
166 2075 374 2133 inconversos
400 2074 547 2145 confirmo
574 2070 695 2144 fratres
722 2079 805 2139 tuom
843 2070 875 2130 et
901 2067 996 2132 item:
1031 2073 1134 2147 Petro,
1168 2091 1255 2135 omos
1282 2080 1350 2137 me?
1361 2057 1442 2181 ξιοξτ

109 2160 185 2230 hace
195 2190 256 2234 oves
269 2190 367 2235 meos:
386 2168 585 2234 dissimulare
600 2190 661 2232 nec
675 2190 841 2253 possumus
856 2190 917 2234 nec
932 2170 1092 2254 debemus,
1109 2193 1190 2256 quae
1205 2176 1350 2239 nostram
1396 2168 1403 2194 '
1444 2170 1450 2180 ’

109 2258 327 2337 »menonem
349 2272 453 2338 forma
476 2272 686 2357 perstringat,
711 2293 782 2336 cum
803 2272 898 2364 beato
920 2271 1020 2337 Paulo
1043 2274 1186 2357 apostolo
1209 2276 1348 2341 sentien-
1361 2330 1441 2388 2001·

109 2383 146 2428 Β
165 2377 246 2460 atque
268 2373 429 2439 dicentes:
459 2377 530 2449 Quis
550 2381 733 2457 infirmatur,
756 2386 785 2440 et
806 2395 862 2454 epo
884 2397 944 2440 noo
967 2383 1126 2453 infirmor?
1165 2381 1235 2452 Quis
1260 2376 1450 2467 soon-1139]

109 2477 247 2555 vitentur,
270 2488 300 2542 et
320 2499 380 2558 eoo
399 2497 460 2542 non
482 2483 580 2542 uror?
615 2475 666 2540 Ita
688 2478 806 2561 quippe
828 2499 887 2542 nos
909 2482 1042 2562 repente
1063 2478 1166 2543 tristis
1188 2479 1347 2546 horrenda

109 2590 114 2624 '·
152 2576 192 2640 vir
212 2577 372 2644 credibilis
395 2579 535 2645 coniecit
563 2580 686 2664 opinio,
720 2583 757 2644 ut
783 2583 926 2645 mentem
953 2584 1097 2646 nostram
1127 2582 1348 2669 confunderet,

109 2679 249 2764 sudaret,
272 2682 444 2768 affligeret.
487 2681 680 2747 Nuntiatum
701 2682 794 2747 nobis
817 2687 866 2748 est
888 2684 984 2767 enim,
1008 2683 1043 2748 in
1065 2684 1250 2770 regionibus
1273 2686 1349 2751 Dal'-

109 2780 252 2848 atinum
281 2785 437 2870 quosdam
470 2784 610 2850 recidiva
643 2784 839 2871 Pelagienae
876 2787 974 2870 pestis
1006 2786 1130 2851 zizania
1163 2789 1347 2873 seminasse,

109 2886 268 2972 mamque
289 2887 358 2952 illic
381 2909 490 2953 eorum
512 2888 697 2973 praevalere
715 2887 958 2973 blasphemiam,
981 2893 1018 2952 ut
1032 2889 1193 2973 simplices
1209 2912 1349 2976 quosque

109 2987 237 3054 uitiferi
258 2989 376 3055 furoris
398 2990 617 3056 insinuatione
643 2990 818 3075 decipiant.
863 2989 923 3054 Est
944 2990 1072 3076 quidem
1095 3012 1182 3055 error
1204 2992 1272 3076 ipse
1295 3015 1349 3057 ne-

109 3087 187 3154 lius
203 3095 294 3158 tanto
315 3092 513 3179 perniciosor
535 3092 575 3157 ad
599 3093 849 3177 subripiendum,
872 3097 993 3177 quanto
1016 3092 1055 3156 ad
1080 3092 1254 3158 fallendum
1269 3096 1348 3159 veri-
1373 3154 1406 3207 *f
1433 3152 1470 3208 dd

109 3189 298 3260 militudinis
321 3195 426 3261 colore
448 3195 619 3262 versutior:
642 3195 853 3280 *praestante
868 3193 1005 3260 Domino
1033 3194 1124 3259 adest
1144 3195 1219 3260 fidei
1241 3157 1371 3264 catho(
1389 3170 1450 3290 ᾧ)
1474 3197 1479 3207 ’

109 3311 177 3356 w
192 3317 263 3381 pura
284 3297 415 3383 veritae,
434 3298 655 3365 ‘concordibus
677 3298 897 3363 universorum
918 3302 1046 3383 patrum
1069 3297 1257 3382 deprompta
1279 3321 1349 3365 sen·

109 3394 242 3485 andan,
269 3422 351 3487 quae
373 3404 407 3466 et
428 3401 545 3467 subtile
573 3401 660 3467 virus
687 3400 835 3467 funestae
862 3401 1032 3487 pravitatis
1055 3404 1209 3485 exponat,
1239 3405 1271 3466 et
1293 3401 1350 3466 hu-

109 3515 192 3561 mo
207 3503 310 3586 generi
330 3503 486 3570 salvando
510 3505 656 3572 conferat
682 3505 721 3570 de
743 3502 978 3588 Scripturarum
1001 3501 1201 3568 coniectione
1222 3503 1350 3570 medici·
1415 3514 1417 3520 '

109 3616 188 3663 rm.
211 3600 396 3672 Nullatenus
418 3606 518 3694 igitur
540 3609 733 3675 discretione
756 3627 860 3671 rerum
882 3605 1024 3671 nondum
1040 3604 1238 3670 abundantia
1255 3606 1350 3673 corda

109 3702 264 3789 :onibrbet
287 3709 389 3774 donec
418 3712 451 3774 et
473 3711 634 3776 occultum
656 3709 772 3775 vulnus
794 3712 950 3793 appareat
971 3713 1004 3774 et
1025 3707 1162 3774 salvatio
1177 3691 1350 3794 singularis

111 3801 231 3871 eluceat:
248 3811 397 3895 quoniam
418 3812 620 3898 quantalibet
641 3816 711 3877 arte
732 3810 882 3876 fallaciae
897 3810 1028 3894 spiritus
1046 3809 1235 3896 perditionis
1251 3833 1351 3877 arme-

120 3906 181 3981 bul,
195 3913 283 3976 uncto
303 3912 413 4000 gladio
435 3912 573 4000 Spiritus
596 3914 784 4000 principalis
807 3917 839 3979 et
861 3913 1022 3999 detegitur
1044 3916 1077 3977 et
1098 3917 1243 3979 necatur.

195 4005 217 4069 2·
250 4011 445 4109 Quapropter
470 4039 529 4103 per
555 4016 760 4084 dilectionem
789 4021 880 4082 tuam
912 4019 1043 4082 cunctos
1075 4014 1194 4080 ibidem
1221 4014 1351 4082 Domini

141 4104 269 4180 musas
286 4115 429 4185 fraterno
452 4141 687 4187 commonemus
709 4119 841 4203 affectu,
875 4123 912 4184 ut
938 4119 993 4204 qui
1015 4138 1088 4184 cum
1110 4117 1274 4182 erudiente
1296 4138 1351 4183 vos

147 4191 364 4287 1illlilltsontra
392 4221 531 4290 novitios
558 4223 711 4310 pugnetis
734 4243 871 4306 errores,
906 4221 982 4286 olim
998 4218 1253 4306 perversitatem
1281 4223 1351 4284 toto

150 4297 358 4389 bominum
370 4346 429 4390 nec
443 4325 531 4409 ipsos
546 4326 687 4411 recipere
702 4324 845 4389 debeatis
862 4323 1064 4409 autoresi).
1088 4319 1217 4396 Quodsi
1231 4323 1352 4386 temere

156 4413 389 4458 x„-

174 4567 178 4578 Ι
196 4495 209 4558 ι)
220 4496 345 4567 timerium
361 4513 435 4568 hunc
446 4511 604 4569 Dnlmatiae
615 4511 824 4583 metropolitam
842 4510 968 4579 adeoque
981 4508 1173 4564 Salonitanum
1191 4508 1353 4580 episcopum

154 4560 314 4731 mppr
329 4595 393 4738 hup
404 4596 500 4668 Pelag.
513 4596 551 4665 11,
565 4602 595 4652 1⁷
614 4597 758 4664 observat,
776 4596 906 4666 idemque
924 4594 1042 4650 suadem
1058 4593 1150 4665 prima
1166 4593 1253 4665 ipsine
1269 4593 1353 4666 hru'us

304 4696 361 4738 ser
381 4698 406 4738 a.

159 4743 215 4877 mi
225 4745 288 4828 iulg·
301 4773 419 4824 muntia
436 4766 482 4835 (ΟΙ
492 4780 614 4840 prompto
624 4770 762 4836 sententio)
780 4780 900 4837 moxque
917 4770 1107 4833 discretiorem,
1125 4764 1256 4821 mendum
1275 4733 1369 4836 aper,

205 4911 263 4979 lli*
273 4933 435 5008 mmmm,
453 4907 533 5009 quod
545 4938 622 5009 apud
639 4938 673 4995 (Ξῖ
688 4956 723 4993 cc
740 4938 769 4992 in
786 4936 860 4992 hunc
876 4934 991 4991 modum
1007 4935 1161 5006 prolatum
1180 4938 1295 4993 debeatis
1305 4932 1354 5003 (0¹

109 5076 111 5085 Ι
185 5007 393 5081 muneremur.
406 5041 520 5079 rourrr.
538 5026 560 5082 1.
930 5108 935 5126 ἢ
1111 5029 1150 5086 21
