3204 5506
228 348 294 419 406
705 361 733 413 s.
750 361 892 415 oaessu
913 361 1028 431 aaran

121 535 216 589 seeo.
228 521 295 588 suis
317 519 531 608 dignitatibus
553 522 750 605 usurparunt
735 517 774 583 t?
802 518 966 608 Numquid
988 520 1140 605 Aeacius,
1162 522 1199 586 ut
1219 519 1393 587 ,Iohannem
1406 542 1453 610 qm

10 644 14 649 ·
229 622 372 692 lemlibet
401 621 582 706 hominem,
617 620 810 688 catholicum
842 624 953 689 tamen
980 644 1000 687 a
1028 621 1196 690 catholicis
1228 622 1411 708 ordinatum,
1436 621 1453 687 a·

230 725 429 794 Alexandria
456 723 656 808 excluderat,
685 723 916 813 Patremque
906 747 941 790 ιιι
968 723 1131 792 haeresi
1117 747 1187 813 Jam
1215 725 1373 793 detectam
1395 674 1453 813 alqr

231 832 417 898 damnatum
441 829 560 915 absque
581 826 665 893 sedis
688 827 881 913 apostolicae
898 827 1181 915 commoneam)
1203 829 1369 915 reciperat,
1388 828 1453 917 niqs

231 932 351 1020 synodo
377 931 492 997 saltem
514 930 581 995 illic
603 928 715 996 habita
736 929 798 995 hoo
820 930 973 997 audacter
1000 929 1161 1017 arripuit?
1205 928 1253 1013 Ut
1273 928 1453 998 calendione

231 1036 269 1103 de
297 1033 473 1101 Antiochia
505 1033 651 1119 palleret,
683 1031 944 1120 haereticumque
976 1031 1124 1117 Petrum,
1159 1054 1254 1119 quem
1280 1033 1348 1119 ipse
1374 1053 1453 1121 quoqa

232 1138 450 1219 damnaverat,
479 1137 598 1221 absque
620 1135 737 1201 notitia
759 1134 842 1200 sedis
865 1134 1060 1221 apostolicae
1088 1156 1199 1202 rursus
1221 1134 1407 1219 admitteret,
1428 1132 1453 1201 a*

231 1262 294 1326 qua
315 1239 437 1326 synodo
458 1237 491 1303 id
513 1236 628 1304 fecisse
650 1235 871 1302 monstratur?
893 1236 927 1304 Si
949 1240 1035 1303 certe
1058 1238 1096 1304 de
1111 1238 1274 1325 dignitate
1295 1238 1398 1325 agitur
1415 1237 1453 1305 ds

231 1345 346 1425 tatum,
378 1340 537 1407 secundae
570 1340 654 1406 sedis
681 1343 715 1404 et
746 1341 861 1406 tertiae
894 1340 997 1425 major
1030 1344 1079 1406 est
1112 1340 1256 1427 dignitas
1289 1338 1453 1407 sacerdota

231 1466 327 1530 qnam
350 1444 418 1528 ejus
441 1442 592 1526 civitatis,
616 1464 697 1529 qnae
720 1464 785 1507 non
807 1443 910 1509 solum
932 1443 1131 1509 intercades
1153 1443 1287 1510 minime
1301 1445 1453 1511 numm

231 1547 286 1611 sed
321 1568 380 1611 nec
413 1546 499 1609 inter
526 1544 845 1628 metropolitanorum
874 1544 950 1628 jura
972 1548 1131 1610 censetur.
1176 1543 1262 1611 Nam
1284 1545 1367 1631 qnod
1392 1544 1453 1611 dicit

89 1640 95 1649 ’
231 1654 337 1728 rapine
345 1648 386 1731 11)
408 1653 549 1726 civitates,
575 1646 638 1711 alia
660 1649 802 1731 potestas
824 1651 873 1712 est
894 1646 989 1733 regni
1011 1646 1196 1732 saecularis,
1225 1646 1291 1713 alia
1311 1647 1453 1715 mnatre

233 1771 341 1815 carum
379 1750 560 1815 distributio
596 1748 803 1834 dignitatum.
848 1747 939 1814 Sient
960 1750 1047 1814 enim
1079 1750 1226 1835 quamvis
1257 1772 1357 1836 parva
1386 1750 1453 1817 civit

233 1853 491 1939 praerogativam
512 1851 692 1936 praesentis
714 1852 806 1937 regni
822 1874 889 1916 non
911 1851 1039 1935 minuit,
1062 1851 1109 1918 sic
1124 1850 1302 1937 imperialis
1319 1856 1453 1938 praesent

232 1977 415 2022 mensuram
437 1953 685 2040 dispensationis
700 1953 869 2040 religiosae
890 1976 957 2020 non
978 1958 1093 2021 mutat.
1122 1953 1174 2021 Sit
1195 1953 1284 2020 clara
1304 1954 1401 2041 vel⁸⁷)
1419 1976 1453 2021 nr

232 2059 288 2123 illa
310 2060 470 2143 potestate
492 2056 671 2141 praesentis
692 2056 830 2140 imperii,
852 2056 966 2142 religio
981 2058 1040 2123 sub
1063 2056 1174 2123 eodem
1196 2059 1276 2124 tnnc
1296 2057 1399 2141 firme,
1419 2060 1453 2123 tn

231 2160 348 2242 libera,
383 2162 461 2225 tunc
491 2162 643 2245 proveeta
671 2158 833 2240 consatit,
864 2158 893 2224 si
918 2159 1025 2243 potins
1052 2159 1113 2225 hoc
1140 2162 1311 2245 praesente
1340 2158 1453 2246 proprie

231 2266 342 2328 teneat
363 2261 433 2325 sine
455 2260 521 2326 nlla
543 2260 785 2346 perturbatione
813 2281 1005 2326 mensnram.
1050 2261 1218 2328 Postremo
1245 2262 1357 2329 sisibi
1383 2262 1453 2328 dai

231 2363 388 2451 paratoria
410 2363 593 2448 praesentia
608 2362 828 2447 blandiuntur,
853 2365 886 2430 et
902 2363 977 2428 inde
992 2367 1110 2449 putant
1125 2363 1453 2450 Constantinopolitan

233 2467 373 2532 civitatis
396 2464 554 2550 episcopis
577 2466 734 2550 potiorem
755 2466 824 2530 fieri
839 2486 933 2550 posse
948 2487 1130 2550 personam,
1154 2466 1288 2533 audiant
1303 2466 1453 2547 Marciam

232 2569 374 2653 ejusdem
395 2568 575 2653 principem
598 2568 750 2651 civitatis,
779 2571 986 2653 posteaquam
1008 2589 1067 2653 pro
1089 2574 1265 2655 augmento
1291 2569 1383 2636 urhis
1402 2570 1453 2657 ipa

233 2671 407 2735 sacerdotis
428 2670 621 2735 intercessor
643 2670 798 2735 accedens
828 2673 941 2735 contra
962 2670 1091 2756 regulas
1112 2671 1260 2737 obtinere
1280 2671 1365 2737 nihil
1386 2674 1453 2759 pote

233 2775 365 2837 sanctae
386 2771 558 2837 memoriae
580 2794 698 2857 papam
714 2772 852 2838 Leonem
874 2773 1005 2838 summis
1021 2772 1168 2838 laudibus
1183 2776 1401 2859 prosecutam,
1421 2796 1453 2863 qr

234 2889 392 2939 emmaum
420 2873 548 2960 regulas
580 2874 691 2939 violari
724 2874 813 2939 nulla
846 2873 945 2940 fuerit
977 2874 1102 2942 ratione
1133 2896 1315 2962 perpessus.
1361 2876 1453 2945 Audit

233 2977 423 3042 Anatolium
445 2976 588 3061 ejusdem
610 2977 694 3042 sadis
716 2977 908 3055 antistitem,
936 2977 1056 3043 clarum
1078 2978 1186 3064 potins
1209 2975 1453 3067 Constantinop

231 3084 344 3144 tanum
366 3102 462 3165 qnam
484 3102 518 3143 se
540 3082 682 3144 tentasse
704 3078 794 3161 talia,
819 3080 1036 3161 confitentem,
1061 3084 1157 3166 atque
1178 3081 1213 3145 in
1230 3081 1402 3166 apostolici
1417 3103 1453 3169 pr

232 3181 310 3246 aulis
331 3184 435 3245 totum
458 3181 618 3246 dicentem
640 3182 779 3265 positum
801 3184 976 3265 potestate:
1003 3182 1109 3266 ipsum
1132 3182 1264 3248 beatum
1286 3204 1409 3269 papam
1428 3182 1453 3251 L

233 3304 306 3348 nem
344 3283 428 3346 sedis
465 3282 659 3367 apostolicae
696 3282 892 3367 praesulem,
931 3285 1022 3369 cujus
1061 3283 1201 3370 synodus
1235 3283 1453 3353 Calchedonen

234 3384 425 3450 auctoritate
453 3385 581 3451 firmata
603 3388 662 3470 est,
693 3385 846 3472 quidquid
869 3385 966 3470 ultra,
990 3408 1086 3472 qnam
1109 3386 1150 3452 ab
1171 3387 1285 3453 ecdem
1308 3409 1368 3474 pro
1389 3386 1451 3455 fida

235 3487 457 3552 communione
481 3486 639 3553 catholica
661 3490 757 3572 atque
780 3488 956 3573 apostolica
977 3488 1045 3554 illic
1067 3489 1229 3575 agendum
1251 3490 1453 3557 constarate

128 3598 136 3605 “
234 3585 436 3673 delegatum,
471 3610 529 3672 per
556 3589 755 3654 occasionem
786 3590 1048 3675 congregationis
1075 3590 1161 3656 illius
1189 3595 1322 3675 praeter
1347 3590 1453 3659 Meae

236 3711 376 3754 canones
398 3711 481 3754 nova
509 3690 670 3756 videretur
692 3691 819 3756 actione
840 3694 1062 3779 aureuma),
1093 3692 1289 3779 competenti
1311 3692 1453 3761 refutati«

301 3912 334 3973 11)
351 3910 440 3965 dulim
459 3911 538 3981 epist.
555 3918 567 3965 1
587 3929 613 3966 n.
627 3917 660 3964 22
683 3912 809 3967 Romano
832 3911 962 3984 episcopo
985 3913 1150 3969 nominatim
1169 3914 1201 3970 in
1222 3914 1373 3971 eeclesiam
1393 3912 1453 3971 Ala

235 3994 345 4050 drinam
363 3994 482 4066 speciale
497 3996 544 4065 jus
562 3995 762 4052 consuetudine
779 3997 920 4053 firmatrrm
931 3998 1066 4065 vindicat,
1084 3998 1156 4056 adeo
1174 4000 1206 4055 nt
1222 3999 1285 4071 ejas
1296 3998 1445 4073 episcopt

201 4068 206 4076 ’
234 4080 340 4136 inconst
334 4081 392 4135 ulto
406 4080 528 4151 judicari
546 4097 602 4136 non
620 4081 731 4138 dabeat.

303 4165 451 4233 ⁸⁶)11taa
465 4164 497 4232 01
517 4183 579 4221 cum
596 4166 671 4221 Dm
683 4167 725 4222 (1¹-
719 4167 851 4238 3vulgatn'
869 4167 1049 4223 omittente
1019 4174 1108 4239 raptae
1124 4174 1244 4227 etatem

228 4321 231 4327 Ι
302 4250 467 4322 ⁷)Vulgati
485 4257 558 4306 claro
576 4255 668 4309 emt
676 4258 1128 4351 .s·eb'psotuuneabecdemtlnqra,
1146 4254 1246 4312 centn
1262 4254 1359 4325 G'Q'.
1385 4256 1449 4315 lox

236 4354 308 4408 quae
326 4336 1114 4410 evernisroarenesoo·usquesdn.11sequuntur,in
1131 4358 1196 4397 mss
1213 4341 1293 4397 hrav
1304 4340 1389 4400 form.
1401 4340 1453 4399 dn

236 4422 313 4487 Quae
334 4421 439 4478 ibidem
462 4425 652 4479 memorantur
670 4422 805 4480 Marciani
828 4426 857 4481 et
874 4424 997 4482 Anatolii
1019 4425 1169 4498 epistotae,
1191 4425 1267 4483 inter
1284 4426 1453 4487 teoniw

237 4507 315 4579 epist.
333 4514 380 4563 110
392 4509 422 4563 et
435 4514 491 4563 181.

303 4596 336 4660 11)
353 4592 405 4647 Hic
422 4595 536 4650 notatur
554 4594 784 4651 calchedonensis
804 4596 912 4651 concilii
931 4613 990 4652 can.
1004 4601 1045 4663 28,
1067 4595 1112 4653 cni
1133 4596 1309 4669 apostolicae
1331 4596 1453 4669 sedishq

237 4678 290 4732 act.
307 4683 337 4731 16
354 4679 554 4746 reclamarunt,
578 4681 675 4751 utpote
698 4682 762 4751 post
783 4681 908 4752 ipsorum
930 4699 963 4737 ac
982 4681 1121 4752 judicum,
1147 4680 1197 4753 qui
1218 4682 1406 4755 synodalibus
1424 4700 1453 4757 gr

237 4760 432 4831 interfuerant,
455 4764 604 4820 discessum
627 4787 659 4820 ec
674 4778 782 4836 praeter
804 4788 914 4823 canones
937 4774 1122 4825 ecolesinatr'cca
1140 4778 1166 4824 et
1183 4772 1346 4839 mepta·-
1363 4768 1453 4837 odilo.

238 4845 292 4917 ipsi
308 4846 458 4917 loquuntur
477 4850 572 4917 (Hard.
591 4850 652 4906 coll.
672 4869 747 4908 conc.
767 4853 879 4922 thaat).
914 4853 957 4908 Ex
973 4854 1027 4910 hoe
1044 4854 1139 4911 antem
1155 4852 1261 4911 edesii
1282 4854 1346 4912 leco
1363 4854 1453 4913 M

239 4930 416 4990 manifestum
434 4950 492 4991 esse
509 4937 605 5008 putat,
628 4954 674 5003 en,
697 4938 797 5009 qoibm
818 4940 874 4995 Leo
898 4939 1036 5012 quaedam
1053 4936 1287 4999 Calchedoneuis
1306 4939 1453 5017 modia
