3204 5506
397 329 531 378 nostru
553 329 662 379 merse.
678 330 760 406 'non
782 329 952 379 sxsrnnr.
978 331 1010 377 u.
1029 331 1171 377 1-vur.
1352 316 1416 379 279

757 483 797 547 V.

196 612 267 652 anno
280 589 325 647 lea
338 594 384 649 eod.
397 601 474 666 temp.
513 595 623 651 Felicis
637 595 677 650 ad
689 597 799 669 legatos
814 610 881 651 suos
896 596 977 650 alind
991 597 1242 651 commonitorium.

272 691 335 747 Simul
354 711 403 751 cum
422 695 472 752 boc
497 698 599 770 scripte
625 695 697 752 aliud
717 698 954 752 commonitorium
976 714 990 751 a
1012 696 1099 753 Felice
1119 696 1150 751 ad
1172 697 1281 753 eosdem
1308 697 1413 772 legatos

193 783 290 838 missum
302 793 347 835 csse
358 789 475 837 memorat
489 781 559 838 idem
576 779 703 855 Evagrius
726 782 743 837 l.
760 799 784 837 c.
801 781 842 837 lll.
866 781 915 844 20,
938 781 985 837 sed
1007 782 1071 855 (prid
1087 799 1119 837 ee
1142 783 1312 839 corstineatur
1334 791 1412 840 tacet.

749 926 805 991 Vl.

188 1052 259 1093 anno
275 1032 322 1090 iel
337 1039 389 1094 ted.
404 1043 487 1110 temp.
520 997 633 1104 ‚Felicis
659 1040 699 1095 ad
720 1039 860 1095 Zenonem
886 1042 1089 1110 imperatorem
1114 1039 1149 1093 de
1174 1040 1279 1096 luenda
1306 1043 1413 1112 synodo

313 1121 519 1180 calchedonensi
535 1130 564 1180 et
578 1126 689 1181 anxilio
705 1126 847 1179 ecclcsiae
863 1124 1027 1196 Africanae
1047 1124 1171 1196 screrrdo
1187 1126 1348 1182 adntonitio.

254 1220 312 1278 ldem
324 1221 441 1298 Evagrius
450 1232 594 1300 postquam
607 1242 668 1282 mes
681 1226 782 1282 dictum
794 1228 1015 1281 commemoravit
1032 1227 1276 1288 commonitorium,
1293 1229 1413 1301 proxime

172 1306 412 1379 subjiceremus
431 1326 544 1383 quoqne
565 1311 640 1366 dedit
656 1309 751 1383 (Felix)
773 1312 813 1367 ad
833 1312 974 1368 Zenonem
996 1319 1053 1368 tum
1068 1312 1103 1367 dc
1124 1314 1231 1384 spriada
1256 1308 1423 1369 Catcbedo?

167 1397 248 1452 sensi
257 1392 296 1465 (ae
308 1394 369 1451 illam
383 1394 535 1451 labefactari
551 1394 673 1468 sineret),
690 1403 748 1453 tum
762 1397 798 1452 de
804 1401 1018 1468 persecutione,
1036 1414 1111 1470 quac
1122 1401 1151 1452 in
1162 1398 1269 1470 Africa
1281 1402 1412 1454 excitata

156 1481 261 1554 sacrat
272 1481 304 1536 at
315 1481 471 1550 lienes-icc,
488 1480 529 1552 (ut
544 1497 601 1536 earn
617 1482 719 1538 scilicet
734 1483 894 1537 auctoritate
909 1498 957 1537 sua
978 1481 1064 1537 sedari
1087 1481 1213 1553 curaret).
1246 1481 1307 1537 Sive
1323 1492 1412 1539 autern

155 1567 200 1622 bis
216 1581 294 1639 papae
312 1567 416 1622 monitis
432 1566 488 1620 sive
506 1565 640 1628 Afrorum,
668 1567 714 1639 qui
730 1565 762 1621 ad
783 1568 873 1640 ipsum
893 1566 1094 1640 confugiebant,
1116 1566 1240 1640 precibus
1258 1566 1411 1630 obsecutus,

149 1651 223 1707 Ζειιο
235 1649 347 1724 legatum
358 1649 492 1712 Uranium,
509 1652 635 1725 quiteste
648 1651 754 1706 Victore
769 1651 872 1707 Vitensi
889 1652 921 1707 de
937 1668 1009 1726 pers.
1027 1651 1109 1707 Varnl.
1127 1652 1155 1721 V,
1174 1652 1191 1708 7
1209 1653 1412 1727 Carthaginem

143 1752 210 1793 sese
226 1752 283 1808 pro
302 1735 468 1808 defensione
488 1743 659 1792 sanctarum
682 1739 871 1793 ecclesiarum
891 1742 1003 1793 venisse
1018 1739 1171 1809 jactabat,
1194 1737 1226 1791 ad
1248 1736 1412 1793 llnnericum

139 1821 295 1878 damant.
324 1819 375 1877 Sed
398 1821 467 1876 banc
488 1820 651 1896 legationem
673 1838 813 1895 spernens,
841 1823 937 1896 impius
963 1822 1008 1877 ille
1033 1839 1079 1877 rer
1106 1821 1139 1877 de
1165 1822 1325 1878 crmlelitate
1346 1823 1411 1879 nibil

132 1908 255 1964 remisit.
275 1904 360 1962 Porro
375 1906 424 1962 bas
436 1904 531 1961 Felicis
543 1905 655 1971 litteras,
672 1908 694 1961 si
710 1906 799 1962 locum
811 1915 972 1980 spectamus,
989 1924 1043 1981 qno
1056 1906 1087 1961 ab
1102 1906 1213 1981 Evagrio
1225 1916 1410 1970 recensentur,

130 1992 168 2048 ad
182 1992 293 2048 initium
308 1992 369 2046 anni
383 1989 447 2047 484
467 1990 569 2047 reterre
584 1991 656 2048 licet.
688 1990 772 2048 Etiam
793 1993 948 2049 historicam
970 1992 1135 2048 consulimus
1158 1993 1305 2056 veritatem,
1327 2011 1410 2066 quum

123 2080 152 2134 si
170 2076 329 2133 Eunalcus
344 2092 415 2131 anno
431 2066 493 2134 485
509 2078 659 2132 exstinctus
675 2078 719 2140 sit,
743 2094 787 2134 eas
803 2094 858 2133 non
875 2077 960 2134 multo
982 2079 1147 2152 posteriores
1172 2077 1254 2133 luisse
1267 2078 1344 2134 lacile
1361 2078 1411 2133 lar·
1504 2110 1508 2117 ·

122 2165 252 2238 giemus.

741 2271 814 2338 VII.

119 2403 208 2442 anno
226 2382 293 2442 484
308 2385 370 2440 eod.
387 2391 471 2456 temp.
501 2385 608 2441 Felicis
623 2385 663 2440 ad
675 2385 816 2441 Acacium
831 2384 866 2438 dc
888 2383 985 2440 iisdem
1001 2386 1088 2441 rebus
1101 2387 1225 2441 litterae.

218 2486 250 2542 1.
282 2484 357 2541 Felix
373 2501 475 2542 merem
490 2502 578 2548 suum,
594 2503 649 2560 quo
665 2486 782 2542 scribere
798 2485 829 2541 ad
841 2485 977 2541 Zenonem
992 2490 1050 2542 sine
1066 2486 1225 2560 specialilius
1242 2486 1274 2540 ad
1288 2489 1411 2543 Acacium

116 2573 233 2630 titteris
249 2572 382 2627 hactenus
398 2587 453 2627 non
469 2573 618 2635 cousuevit,
640 2573 720 2627 etiarn
742 2573 785 2627 bic
799 2578 918 2634 secutus,
946 2570 1060 2645 Evagrio
1083 2571 1181 2628 ibidem
1203 2581 1273 2628 teste
1294 2577 1411 2644 scripsit

117 2664 193 2716 item
212 2658 257 2713 ad
270 2656 425 2718 Acacium
448 2656 547 2731 quade
563 2673 600 2719 re,
618 2656 680 2712 silet
696 2656 766 2713 idem
782 2664 883 2712 auctor.
915 2655 952 2710 Ex
967 2658 999 2712 iis
1016 2666 1113 2720 autern,
1131 2675 1198 2731 qliae
1214 2657 1247 2713 de
1263 2656 1361 2713 litteris
1378 2657 1410 2712 ad

116 2744 271 2800 &nonem
297 2743 404 2816 seriptis
425 2741 516 2805 reteri,
542 2739 698 2813 conjectura
719 2743 776 2816 capi
798 2750 898 2815 potest,
931 2758 991 2797 eum
1018 2745 1119 2816 pariter
1144 2743 1178 2798 de
1199 2742 1410 2799 Calchedonensi

117 2828 240 2903 synodo
257 2825 293 2882 ad
308 2827 433 2882 Acacium
448 2828 597 2901 scripsisse,
619 2835 699 2900 atque
716 2827 838 2882 cumdem
855 2824 1021 2883 obtestatum
1036 2845 1105 2890 esse,
1129 2834 1158 2882 nt
1174 2837 1200 2882 et
1217 2829 1278 2884 truie
1294 2827 1409 2883 eorrcilio

119 2915 297 2970 adhaereret
311 2914 378 2986 ipse,
394 2919 466 2968 elea
482 2929 533 2987 qua
550 2911 651 2968 valebat
666 2911 736 2986 apud
752 2914 940 2986 imperatorem
956 2915 1115 2968 auctoritate
1131 2912 1260 2975 etliceret,
1284 2930 1316 2968 ne
1339 2913 1409 2983 ejus-

119 2999 190 3056 dem
208 2997 322 3054 concilii
337 2998 483 3052 auctoritas
499 2997 706 3053 convelleretur.

220 3084 250 3139 2.
268 3081 299 3138 Si
312 3081 437 3139 Liberata
457 3100 481 3138 c.
500 3083 539 3139 18
555 3081 676 3138 habenda
698 3081 773 3145 indes,
795 3091 939 3156 postquam
956 3085 1056 3139 certior
1072 3084 1157 3139 lactus
1180 3091 1222 3138 est
1243 3082 1316 3138 Eelis
1336 3082 1409 3138 dcvi

120 3170 233 3245 legatis
247 3168 308 3222 suis
324 3167 400 3230 lacta,
416 3175 443 3223 et
459 3168 581 3224 Acacium
598 3168 760 3224 haereticum
777 3184 837 3223 esse
853 3167 994 3223 manifeste
1010 3168 1119 3230 (leterii,
1142 3168 1283 3241 synodicas
1299 3168 1330 3223 ad
1347 3184 1408 3222 euni

120 3256 203 3311 arisit
219 3253 337 3324 litteras,
353 3254 380 3308 in
396 3251 494 3327 quibus
510 3251 536 3308 id
552 3254 708 3309 nominatim
724 3255 829 3327 posuit:
851 3257 993 3324 peccasti,
1017 3269 1053 3309 ne
1077 3256 1214 3326 (tibiales,
1238 3259 1265 3307 et
1280 3255 1314 3308 de
1328 3257 1407 3324 prio-

123 3342 215 3396 ribus
238 3341 384 3410 supplica.
416 3338 484 3394 Tum
500 3353 575 3408 nero,
592 3339 680 3411 inquit
694 3338 763 3394 idem
781 3337 929 3408 Liberatus,
947 3342 1089 3411 sirsccptis
1100 3341 1145 3395 tris
1161 3341 1265 3394 titteris
1282 3339 1409 3393 Aeacius

121 3431 308 3499 perseverat
403 3423 488 3480 Haec
508 3439 685 3498 cognoscens
705 3442 787 3496 papa
808 3424 895 3480 Felix
917 3426 1110 3480 damnationis
1133 3428 1310 3496 scripturam
1335 3427 1410 3479 misit

125 3513 244 3567 Acacio
259 3525 316 3581 per
334 3509 434 3565 Tutum
449 3509 639 3581 defensorem.
671 3509 724 3564 Sed
746 3525 836 3564 rernm
857 3526 870 3563 a
886 3507 973 3564 Felice
990 3519 1127 3582 gestarum
1149 3509 1243 3564 ordine
1266 3516 1408 3583 perspecto

126 3595 217 3667 bujus
232 3610 320 3650 novae
335 3593 464 3668 epistolae
479 3610 494 3648 a
509 3593 633 3650 Liberale
650 3593 770 3649 laudatae
787 3596 924 3649 veritatem
950 3593 1052 3650 arlrnitti
1069 3612 1123 3650 non
1139 3612 1219 3668 posse
1240 3594 1294 3666 jam
1317 3593 1410 3649 obser·

125 3683 264 3736 tammus.
296 3678 380 3734 Simili
402 3680 504 3734 ratione
525 3679 595 3735 idem
617 3696 684 3753 papa
704 3678 785 3734 Petro
805 3678 912 3734 Eulluni
939 3681 1079 3753 scripsisse
1107 3678 1239 3753 Erigitur:
1262 3683 1407 3748 corruisti,

125 3769 190 3824 noti
205 3769 237 3821 in
250 3767 339 3820 ruina
351 3768 528 3836 persistere·
540 3769 682 3836 peccasti,
693 3768 759 3837 jam
773 3767 992 3836 peccaranoti!
1007 3764 1113 3836 (l'elicis
1129 3765 1326 3838 pseudo-epist.
1345 3765 1363 3821 3
1380 3782 1406 3818 n.

125 3851 145 3909 8
163 3849 242 3925 apud
258 3847 340 3905 llard.
356 3848 419 3904 coll.
436 3848 559 3911 conell,
576 3848 660 3920 823.)

728 3994 818 4058 VIII.

126 4124 211 4164 anno
234 4103 299 4161 484
316 4121 340 4161 c.
362 4121 453 4161 mens.
471 4105 539 4161 lun.
573 4106 696 4162 Zenonis
711 4109 895 4177 imperatoris
915 4106 954 4160 int
973 4106 1098 4161 Felicem
1120 4109 1154 4161 de
1177 4123 1251 4162 noro
1273 4108 1408 4176 episcopo

288 4190 490 4247 Alexandrino
513 4206 694 4262 responsum.

216 4291 316 4349 Felicis
341 4292 447 4367 legatos
474 4291 606 4348 blisenum
632 4300 658 4346 et
680 4290 791 4347 Vitalern
812 4291 948 4348 dimittens
975 4293 1046 4347 Zeno
1067 4293 1129 4347 buic
1150 4310 1232 4366 papae
1255 4292 1407 4363 rescripsit:
1499 4364 1502 4369 .

123 4383 183 4439 sibi
200 4380 326 4452 fastidio
346 4379 462 4451 dignam
489 4382 576 4435 visam
603 4394 666 4434 esse
686 4380 849 4434 litterarum
871 4381 937 4449 ejus
956 4380 1168 4449 prolixitatemr
1192 4377 1309 4449 frastra
1328 4379 1407 4432 ilium

121 4465 335 4540 perturbatam
351 4479 415 4520 esse
431 4464 523 4520 verbis
537 4463 679 4520 lobannis
694 4464 894 4532 Alemandrini,
917 4467 1022 4536 qnippe
1039 4466 1087 4535 qui
1102 4464 1164 4519 otim
1181 4465 1291 4534 quidem
1300 4464 1406 4533 juras·

123 4559 178 4623 act,
196 4566 230 4608 ae
247 4550 481 4607 Alemandrinam
497 4550 591 4605 sedem
606 4550 684 4605 rentlo
700 4567 825 4620 artqrtam
842 4551 921 4605 modo
938 4550 1109 4604 ambitae-um
1125 4563 1196 4618 esse,
1216 4554 1318 4618 posteo
1339 4563 1406 4603 aero

121 4640 258 4713 neptecta
270 4635 480 4708 jurejarando
507 4637 615 4690 nattam
640 4651 697 4690 noa
719 4636 867 4708 sacrilegii
884 4650 975 4708 perias
997 4635 1164 4689 admisisset.
1201 4631 1306 4706 (Evagr.
1330 4633 1357 4688 b.
1380 4650 1404 4687 e.

122 4724 152 4788 3,
170 4721 227 4786 20;
245 4720 282 4778 ct.
301 4718 361 4775 Eel.
379 4736 423 4792 ep.
440 4717 459 4775 8
475 4736 501 4774 n.
521 4720 536 4774 1
553 4727 581 4774 et
598 4716 636 4790 2).
661 4717 762 4785 Quibus
774 4717 806 4772 ab
822 4717 936 4793 Evagrio
951 4720 969 4774 l.
986 4737 1010 4775 c.
1027 4720 1065 4773 sic
1078 4719 1404 4794 srrmrnatimperstrictis.

120 4809 192 4866 mem
208 4808 337 4882 scriptor
352 4804 421 4860 baec
446 4801 480 4858 de
500 4803 580 4859 Petro
603 4802 701 4877 llongo
723 4802 802 4858 verba
828 4804 901 4860 velut
922 4821 952 4859 ea
974 4807 1039 4879 ipsa,
1062 4819 1130 4876 quae
1151 4804 1269 4859 Zenonis
1291 4803 1404 4877 epistota

119 4892 350 4955 continebantur,
373 4887 495 4959 subjicit:
512 4907 569 4961 pro
591 4896 670 4946 certo
685 4890 793 4946 trabere
809 4891 902 4960 debes,
925 4898 952 4945 et
962 4893 1101 4965 pietatem
1115 4897 1243 4946 nostram
1264 4897 1292 4947 et
1312 4906 1404 4962 supra
