<?xml version="1.0" encoding="UTF-8"?>
<!DOCTYPE html PUBLIC "-//W3C//DTD XHTML 1.0 Transitional//EN"
    "http://www.w3.org/TR/xhtml1/DTD/xhtml1-transitional.dtd">
<html xmlns="http://www.w3.org/1999/xhtml" xml:lang="en" lang="en">
 <head>
  <title>
</title>
<meta http-equiv="Content-Type" content="text/html;charset=utf-8" />
  <meta name='ocr-system' content='tesseract 3.04.00' />
  <meta name='ocr-capabilities' content='ocr_page ocr_carea ocr_par ocr_line ocrx_word'/>
</head>
<body>
  <div class='ocr_page' id='page_1' title='image "./epistolaeromano00thiegoog/epistolaeromano00thiegoog_0868.png"; bbox 0 0 3204 5506; ppageno 0'>
   <div class='ocr_carea' id='block_1_1' title="bbox 586 369 1341 437">
    <p class='ocr_par' dir='ltr' id='par_1_1' title="bbox 586 369 1341 437">
     <span class='ocr_line' id='line_1_1' title="bbox 586 369 1341 437; baseline 0.003 -3"><span class='ocrx_word' id='word_1_1' title='bbox 586 385 758 437; x_wconf 74' lang='lat' dir='ltr'>marona</span> <span class='ocrx_word' id='word_1_2' title='bbox 781 375 832 436; x_wconf 86' lang='grc'>39.</span> <span class='ocrx_word' id='word_1_3' title='bbox 1279 369 1341 436; x_wconf 89' lang='grc'>819</span> 
     </span>
    </p>
   </div>
   <div class='ocr_carea' id='block_1_2' title="bbox 87 538 1472 4499">
    <p class='ocr_par' dir='ltr' id='par_1_2' title="bbox 88 538 1472 830">
     <span class='ocr_line' id='line_1_2' title="bbox 88 538 1472 625; baseline -0.001 -21"><span class='ocrx_word' id='word_1_4' title='bbox 88 561 123 605; x_wconf 85' lang='lat' dir='ltr'>er</span> <span class='ocrx_word' id='word_1_5' title='bbox 145 544 184 605; x_wconf 91' lang='lat' dir='ltr'>ut</span> <span class='ocrx_word' id='word_1_6' title='bbox 204 561 309 624; x_wconf 89' lang='lat' dir='ltr'>supra.</span> <span class='ocrx_word' id='word_1_7' title='bbox 365 538 542 605; x_wconf 87' lang='lat' dir='ltr'>Simeonius</span> <span class='ocrx_word' id='word_1_8' title='bbox 564 541 732 625; x_wconf 89' lang='lat' dir='ltr'>presbyter</span> <span class='ocrx_word' id='word_1_9' title='bbox 758 543 796 604; x_wconf 92' lang='lat' dir='ltr'>ut</span> <span class='ocrx_word' id='word_1_10' title='bbox 823 562 929 625; x_wconf 89' lang='lat' dir='ltr'>supra.</span> <span class='ocrx_word' id='word_1_11' title='bbox 974 540 1147 605; x_wconf 83' lang='lat' dir='ltr'>Abramius</span> <span class='ocrx_word' id='word_1_12' title='bbox 1174 541 1341 625; x_wconf 77' lang='lat' dir='ltr'>presbyter</span> <span class='ocrx_word' id='word_1_13' title='bbox 1354 550 1390 616; x_wconf 89' lang='lat' dir='ltr'>(a.</span> <span class='ocrx_word' id='word_1_14' title='bbox 1402 549 1472 617; x_wconf 71' lang='lat'>517.)</span> 
     </span>
     <span class='ocr_line' id='line_1_3' title="bbox 88 640 1342 728; baseline 0 -22"><span class='ocrx_word' id='word_1_15' title='bbox 88 645 247 728; x_wconf 84' lang='lat' dir='ltr'>taupra.</span> <span class='ocrx_word' id='word_1_16' title='bbox 307 640 485 716; x_wconf 83' lang='lat' dir='ltr'>Simeonius</span> <span class='ocrx_word' id='word_1_17' title='bbox 512 642 680 726; x_wconf 76' lang='lat' dir='ltr'>presbyter</span> <span class='ocrx_word' id='word_1_18' title='bbox 711 646 748 706; x_wconf 88' lang='lat' dir='ltr'>ut</span> <span class='ocrx_word' id='word_1_19' title='bbox 776 664 883 726; x_wconf 90' lang='lat' dir='ltr'>supra.</span> <span class='ocrx_word' id='word_1_20' title='bbox 948 642 1088 708; x_wconf 90' lang='lat' dir='ltr'>Jacobus</span> <span class='ocrx_word' id='word_1_21' title='bbox 1110 643 1278 728; x_wconf 83' lang='lat' dir='ltr'>presbyter</span> <span class='ocrx_word' id='word_1_22' title='bbox 1304 647 1342 707; x_wconf 92' lang='lat' dir='ltr'>ut</span> 
     </span>
     <span class='ocr_line' id='line_1_4' title="bbox 88 742 769 830; baseline 0 -22"><span class='ocrx_word' id='word_1_23' title='bbox 88 766 182 830; x_wconf 89' lang='lat' dir='ltr'>upra.</span> <span class='ocrx_word' id='word_1_24' title='bbox 227 742 392 809; x_wconf 86' lang='lat' dir='ltr'>Johannes</span> <span class='ocrx_word' id='word_1_25' title='bbox 415 744 582 828; x_wconf 77' lang='lat' dir='ltr'>presbyter</span> <span class='ocrx_word' id='word_1_26' title='bbox 604 746 640 807; x_wconf 92' lang='lat' dir='ltr'>ut</span> <span class='ocrx_word' id='word_1_27' title='bbox 662 766 769 828; x_wconf 90' lang='lat' dir='ltr'>supra.</span> 
     </span>
    </p>

    <p class='ocr_par' dir='ltr' id='par_1_3' title="bbox 88 845 1349 2561">
     <span class='ocr_line' id='line_1_5' title="bbox 162 845 1341 937; baseline 0.001 -27"><span class='ocrx_word' id='word_1_28' title='bbox 162 847 212 912; x_wconf 90' lang='lat'>10.</span> <span class='ocrx_word' id='word_1_29' title='bbox 248 845 389 910; x_wconf 87' lang='lat' dir='ltr'>Isidorus</span> <span class='ocrx_word' id='word_1_30' title='bbox 412 845 674 911; x_wconf 88' lang='lat' dir='ltr'>archimandrita.</span> <span class='ocrx_word' id='word_1_31' title='bbox 719 846 868 911; x_wconf 81' lang='lat' dir='ltr'>Julianus</span> <span class='ocrx_word' id='word_1_32' title='bbox 890 847 1057 931; x_wconf 77' lang='lat' dir='ltr'>presbyter</span> <span class='ocrx_word' id='word_1_33' title='bbox 1078 851 1242 937; x_wconf 73' lang='lat' dir='ltr'>utsupra.</span> <span class='ocrx_word' id='word_1_34' title='bbox 1287 846 1341 911; x_wconf 91' lang='lat' dir='ltr'>Jo-</span> 
     </span>
     <span class='ocr_line' id='line_1_6' title="bbox 88 945 1340 1033; baseline -0.001 -20"><span class='ocrx_word' id='word_1_35' title='bbox 88 970 199 1013; x_wconf 75' lang='lat' dir='ltr'>rannes</span> <span class='ocrx_word' id='word_1_36' title='bbox 222 951 255 1013; x_wconf 89' lang='lat' dir='ltr'>et</span> <span class='ocrx_word' id='word_1_37' title='bbox 268 947 433 1013; x_wconf 89' lang='lat' dir='ltr'>Romanus</span> <span class='ocrx_word' id='word_1_38' title='bbox 455 951 488 1013; x_wconf 92' lang='lat' dir='ltr'>et</span> <span class='ocrx_word' id='word_1_39' title='bbox 502 945 641 1012; x_wconf 78' lang='lat' dir='ltr'>Thomas</span> <span class='ocrx_word' id='word_1_40' title='bbox 662 947 840 1033; x_wconf 87' lang='lat' dir='ltr'>presbyteri</span> <span class='ocrx_word' id='word_1_41' title='bbox 862 952 899 1013; x_wconf 88' lang='lat' dir='ltr'>ut</span> <span class='ocrx_word' id='word_1_42' title='bbox 919 971 1025 1032; x_wconf 91' lang='lat' dir='ltr'>supra.</span> <span class='ocrx_word' id='word_1_43' title='bbox 1071 949 1257 1014; x_wconf 87' lang='lat' dir='ltr'>Antoninus</span> <span class='ocrx_word' id='word_1_44' title='bbox 1275 949 1340 1013; x_wconf 89' lang='lat' dir='ltr'>dia·</span> 
     </span>
     <span class='ocr_line' id='line_1_7' title="bbox 88 1048 1343 1136; baseline 0 -21"><span class='ocrx_word' id='word_1_45' title='bbox 88 1072 175 1116; x_wconf 87' lang='lat' dir='ltr'>onus</span> <span class='ocrx_word' id='word_1_46' title='bbox 197 1053 362 1136; x_wconf 87' lang='lat' dir='ltr'>utsupra.</span> <span class='ocrx_word' id='word_1_47' title='bbox 418 1050 585 1114; x_wconf 87' lang='lat' dir='ltr'>Abraham</span> <span class='ocrx_word' id='word_1_48' title='bbox 606 1049 788 1134; x_wconf 85' lang='lat' dir='ltr'>presbyter,</span> <span class='ocrx_word' id='word_1_49' title='bbox 816 1048 925 1115; x_wconf 89' lang='lat' dir='ltr'>Maras</span> <span class='ocrx_word' id='word_1_50' title='bbox 947 1052 1100 1116; x_wconf 91' lang='lat' dir='ltr'>diaconus</span> <span class='ocrx_word' id='word_1_51' title='bbox 1122 1055 1156 1116; x_wconf 90' lang='lat' dir='ltr'>et</span> <span class='ocrx_word' id='word_1_52' title='bbox 1177 1051 1343 1116; x_wconf 89' lang='lat' dir='ltr'>Abraham</span> 
     </span>
     <span class='ocr_line' id='line_1_8' title="bbox 88 1150 1342 1240; baseline 0.002 -24"><span class='ocrx_word' id='word_1_53' title='bbox 88 1152 244 1237; x_wconf 67' lang='lat' dir='ltr'>rresbyter</span> <span class='ocrx_word' id='word_1_54' title='bbox 270 1155 306 1216; x_wconf 93' lang='lat' dir='ltr'>ut</span> <span class='ocrx_word' id='word_1_55' title='bbox 334 1174 441 1238; x_wconf 88' lang='lat' dir='ltr'>supra.</span> <span class='ocrx_word' id='word_1_56' title='bbox 500 1152 658 1217; x_wconf 88' lang='lat' dir='ltr'>Zenobius</span> <span class='ocrx_word' id='word_1_57' title='bbox 688 1156 721 1216; x_wconf 91' lang='lat' dir='ltr'>et</span> <span class='ocrx_word' id='word_1_58' title='bbox 749 1150 932 1236; x_wconf 71' lang='lat' dir='ltr'>Stephanus</span> <span class='ocrx_word' id='word_1_59' title='bbox 959 1153 1149 1238; x_wconf 85' lang='lat' dir='ltr'>presbyteri</span> <span class='ocrx_word' id='word_1_60' title='bbox 1172 1157 1209 1218; x_wconf 91' lang='lat' dir='ltr'>ut</span> <span class='ocrx_word' id='word_1_61' title='bbox 1236 1175 1342 1240; x_wconf 89' lang='lat' dir='ltr'>supra.</span> 
     </span>
     <span class='ocr_line' id='line_1_9' title="bbox 88 1253 1344 1341; baseline 0 -22"><span class='ocrx_word' id='word_1_62' title='bbox 88 1254 255 1319; x_wconf 77' lang='lat' dir='ltr'>timeonius</span> <span class='ocrx_word' id='word_1_63' title='bbox 277 1257 310 1319; x_wconf 90' lang='lat' dir='ltr'>et</span> <span class='ocrx_word' id='word_1_64' title='bbox 331 1254 514 1320; x_wconf 90' lang='lat' dir='ltr'>Demetrius</span> <span class='ocrx_word' id='word_1_65' title='bbox 540 1253 719 1341; x_wconf 90' lang='lat' dir='ltr'>presbyteri</span> <span class='ocrx_word' id='word_1_66' title='bbox 745 1257 784 1319; x_wconf 91' lang='lat' dir='ltr'>ut</span> <span class='ocrx_word' id='word_1_67' title='bbox 810 1275 917 1339; x_wconf 86' lang='lat' dir='ltr'>supra.</span> <span class='ocrx_word' id='word_1_68' title='bbox 973 1255 1112 1320; x_wconf 79' lang='lat' dir='ltr'>Thomas</span> <span class='ocrx_word' id='word_1_69' title='bbox 1141 1259 1174 1320; x_wconf 91' lang='lat' dir='ltr'>et</span> <span class='ocrx_word' id='word_1_70' title='bbox 1200 1256 1344 1321; x_wconf 91' lang='lat' dir='ltr'>Domnus</span> 
     </span>
     <span class='ocr_line' id='line_1_10' title="bbox 88 1354 1345 1443; baseline 0.002 -24"><span class='ocrx_word' id='word_1_71' title='bbox 88 1355 255 1440; x_wconf 81' lang='lat' dir='ltr'>›resbyteri</span> <span class='ocrx_word' id='word_1_72' title='bbox 277 1359 314 1420; x_wconf 89' lang='lat' dir='ltr'>ut</span> <span class='ocrx_word' id='word_1_73' title='bbox 328 1378 434 1442; x_wconf 88' lang='lat' dir='ltr'>supra.</span> <span class='ocrx_word' id='word_1_74' title='bbox 480 1356 658 1422; x_wconf 89' lang='lat' dir='ltr'>Simeonius</span> <span class='ocrx_word' id='word_1_75' title='bbox 681 1361 713 1420; x_wconf 91' lang='lat' dir='ltr'>et</span> <span class='ocrx_word' id='word_1_76' title='bbox 727 1355 817 1420; x_wconf 89' lang='lat' dir='ltr'>Elias</span> <span class='ocrx_word' id='word_1_77' title='bbox 838 1354 1017 1442; x_wconf 89' lang='lat' dir='ltr'>presbyteri</span> <span class='ocrx_word' id='word_1_78' title='bbox 1039 1360 1198 1443; x_wconf 89' lang='lat' dir='ltr'>utsupra.</span> <span class='ocrx_word' id='word_1_79' title='bbox 1242 1359 1345 1423; x_wconf 84' lang='lat' dir='ltr'>Abra·</span> 
     </span>
     <span class='ocr_line' id='line_1_11' title="bbox 88 1457 1345 1544; baseline 0.002 -22"><span class='ocrx_word' id='word_1_80' title='bbox 88 1457 159 1522; x_wconf 89' lang='lat' dir='ltr'>nius</span> <span class='ocrx_word' id='word_1_81' title='bbox 182 1460 215 1522; x_wconf 89' lang='lat' dir='ltr'>et</span> <span class='ocrx_word' id='word_1_82' title='bbox 235 1457 384 1543; x_wconf 79' lang='lat' dir='ltr'>Pelagius</span> <span class='ocrx_word' id='word_1_83' title='bbox 412 1460 591 1544; x_wconf 90' lang='lat' dir='ltr'>presbyteri</span> <span class='ocrx_word' id='word_1_84' title='bbox 619 1462 657 1523; x_wconf 90' lang='lat' dir='ltr'>ut</span> <span class='ocrx_word' id='word_1_85' title='bbox 683 1481 791 1542; x_wconf 90' lang='lat' dir='ltr'>supra.</span> <span class='ocrx_word' id='word_1_86' title='bbox 846 1458 1010 1523; x_wconf 87' lang='lat' dir='ltr'>Romanus</span> <span class='ocrx_word' id='word_1_87' title='bbox 1033 1463 1066 1524; x_wconf 91' lang='lat' dir='ltr'>et</span> <span class='ocrx_word' id='word_1_88' title='bbox 1087 1460 1254 1524; x_wconf 86' lang='lat' dir='ltr'>Abraham</span> <span class='ocrx_word' id='word_1_89' title='bbox 1276 1483 1345 1544; x_wconf 92' lang='lat' dir='ltr'>pre-</span> 
     </span>
     <span class='ocr_line' id='line_1_12' title="bbox 88 1559 1343 1648; baseline 0.002 -24"><span class='ocrx_word' id='word_1_90' title='bbox 88 1559 198 1644; x_wconf 47' lang='lat' dir='ltr'>¹byteri</span> <span class='ocrx_word' id='word_1_91' title='bbox 219 1563 256 1623; x_wconf 90' lang='lat' dir='ltr'>ut</span> <span class='ocrx_word' id='word_1_92' title='bbox 277 1582 383 1644; x_wconf 90' lang='lat' dir='ltr'>supra.</span> <span class='ocrx_word' id='word_1_93' title='bbox 428 1561 608 1627; x_wconf 90' lang='lat' dir='ltr'>Simeonius</span> <span class='ocrx_word' id='word_1_94' title='bbox 623 1560 790 1645; x_wconf 89' lang='lat' dir='ltr'>presbyter</span> <span class='ocrx_word' id='word_1_95' title='bbox 812 1563 845 1624; x_wconf 87' lang='lat' dir='ltr'>et</span> <span class='ocrx_word' id='word_1_96' title='bbox 859 1559 995 1626; x_wconf 78' lang='lat' dir='ltr'>Carufaa</span> <span class='ocrx_word' id='word_1_97' title='bbox 1010 1562 1164 1627; x_wconf 91' lang='lat' dir='ltr'>diaconus</span> <span class='ocrx_word' id='word_1_98' title='bbox 1186 1565 1222 1626; x_wconf 91' lang='lat' dir='ltr'>ut</span> <span class='ocrx_word' id='word_1_99' title='bbox 1236 1584 1343 1648; x_wconf 88' lang='lat' dir='ltr'>supra.</span> 
     </span>
     <span class='ocr_line' id='line_1_13' title="bbox 88 1661 1345 1748; baseline 0.002 -23"><span class='ocrx_word' id='word_1_100' title='bbox 88 1661 256 1725; x_wconf 75' lang='lat' dir='ltr'>timeonius</span> <span class='ocrx_word' id='word_1_101' title='bbox 279 1665 312 1726; x_wconf 90' lang='lat' dir='ltr'>et</span> <span class='ocrx_word' id='word_1_102' title='bbox 333 1661 499 1728; x_wconf 87' lang='lat' dir='ltr'>Johannes</span> <span class='ocrx_word' id='word_1_103' title='bbox 521 1663 700 1748; x_wconf 89' lang='lat' dir='ltr'>presbyteri</span> <span class='ocrx_word' id='word_1_104' title='bbox 721 1666 758 1726; x_wconf 88' lang='lat' dir='ltr'>ut</span> <span class='ocrx_word' id='word_1_105' title='bbox 780 1684 887 1746; x_wconf 89' lang='lat' dir='ltr'>supra.</span> <span class='ocrx_word' id='word_1_106' title='bbox 940 1662 1119 1728; x_wconf 89' lang='lat' dir='ltr'>Simeonius</span> <span class='ocrx_word' id='word_1_107' title='bbox 1142 1667 1175 1728; x_wconf 90' lang='lat' dir='ltr'>et</span> <span class='ocrx_word' id='word_1_108' title='bbox 1196 1663 1345 1729; x_wconf 82' lang='lat' dir='ltr'>Julianus</span> 
     </span>
     <span class='ocr_line' id='line_1_14' title="bbox 88 1762 1344 1850; baseline 0.003 -25"><span class='ocrx_word' id='word_1_109' title='bbox 88 1763 257 1847; x_wconf 80' lang='lat' dir='ltr'>›resbyteri</span> <span class='ocrx_word' id='word_1_110' title='bbox 284 1767 320 1828; x_wconf 88' lang='lat' dir='ltr'>ut</span> <span class='ocrx_word' id='word_1_111' title='bbox 347 1786 453 1849; x_wconf 88' lang='lat' dir='ltr'>supra.</span> <span class='ocrx_word' id='word_1_112' title='bbox 516 1764 738 1850; x_wconf 86' lang='lat' dir='ltr'>Eutychianus</span> <span class='ocrx_word' id='word_1_113' title='bbox 766 1768 800 1828; x_wconf 90' lang='lat' dir='ltr'>et</span> <span class='ocrx_word' id='word_1_114' title='bbox 825 1762 992 1829; x_wconf 87' lang='lat' dir='ltr'>Johannes</span> <span class='ocrx_word' id='word_1_115' title='bbox 1020 1765 1146 1831; x_wconf 90' lang='lat' dir='ltr'>diaconi</span> <span class='ocrx_word' id='word_1_116' title='bbox 1172 1769 1209 1830; x_wconf 94' lang='lat' dir='ltr'>ut</span> <span class='ocrx_word' id='word_1_117' title='bbox 1237 1787 1344 1849; x_wconf 89' lang='lat' dir='ltr'>supra.</span> 
     </span>
     <span class='ocr_line' id='line_1_15' title="bbox 88 1862 1346 1951; baseline 0.003 -24"><span class='ocrx_word' id='word_1_118' title='bbox 88 1862 218 1928; x_wconf 81' lang='lat' dir='ltr'>Thomas</span> <span class='ocrx_word' id='word_1_119' title='bbox 241 1866 372 1931; x_wconf 89' lang='lat' dir='ltr'>etitem</span> <span class='ocrx_word' id='word_1_120' title='bbox 387 1865 525 1931; x_wconf 84' lang='lat' dir='ltr'>Thomas</span> <span class='ocrx_word' id='word_1_121' title='bbox 548 1867 725 1951; x_wconf 87' lang='lat' dir='ltr'>presbyteri</span> <span class='ocrx_word' id='word_1_122' title='bbox 747 1870 784 1930; x_wconf 90' lang='lat' dir='ltr'>ut</span> <span class='ocrx_word' id='word_1_123' title='bbox 805 1888 912 1951; x_wconf 87' lang='lat' dir='ltr'>supra.</span> <span class='ocrx_word' id='word_1_124' title='bbox 958 1865 1123 1932; x_wconf 87' lang='lat' dir='ltr'>Romanus</span> <span class='ocrx_word' id='word_1_125' title='bbox 1138 1868 1292 1932; x_wconf 89' lang='lat' dir='ltr'>diaconus</span> <span class='ocrx_word' id='word_1_126' title='bbox 1314 1871 1346 1932; x_wconf 89' lang='lat' dir='ltr'>et</span> 
     </span>
     <span class='ocr_line' id='line_1_16' title="bbox 88 1965 1346 2053; baseline 0.005 -26"><span class='ocrx_word' id='word_1_127' title='bbox 88 1965 245 2031; x_wconf 78' lang='lat' dir='ltr'>[ohannes</span> <span class='ocrx_word' id='word_1_128' title='bbox 265 1966 434 2052; x_wconf 84' lang='lat' dir='ltr'>presbyter</span> <span class='ocrx_word' id='word_1_129' title='bbox 455 1972 492 2033; x_wconf 89' lang='lat' dir='ltr'>ut</span> <span class='ocrx_word' id='word_1_130' title='bbox 513 1991 619 2053; x_wconf 89' lang='lat' dir='ltr'>supra.</span> <span class='ocrx_word' id='word_1_131' title='bbox 669 1967 826 2032; x_wconf 82' lang='lat' dir='ltr'>Eusebius</span> <span class='ocrx_word' id='word_1_132' title='bbox 849 1969 1102 2034; x_wconf 84' lang='lat' dir='ltr'>archimandrita</span> <span class='ocrx_word' id='word_1_133' title='bbox 1124 1974 1157 2034; x_wconf 90' lang='lat' dir='ltr'>et</span> <span class='ocrx_word' id='word_1_134' title='bbox 1177 1969 1346 2035; x_wconf 83' lang='lat' dir='ltr'>Eustasius</span> 
     </span>
     <span class='ocr_line' id='line_1_17' title="bbox 88 2068 1346 2156; baseline 0.002 -24"><span class='ocrx_word' id='word_1_135' title='bbox 88 2068 245 2152; x_wconf 82' lang='lat' dir='ltr'>›resbyter</span> <span class='ocrx_word' id='word_1_136' title='bbox 265 2071 302 2133; x_wconf 89' lang='lat' dir='ltr'>ut</span> <span class='ocrx_word' id='word_1_137' title='bbox 323 2091 430 2153; x_wconf 91' lang='lat' dir='ltr'>supra.</span> <span class='ocrx_word' id='word_1_138' title='bbox 475 2070 615 2135; x_wconf 84' lang='lat' dir='ltr'>Jacobus</span> <span class='ocrx_word' id='word_1_139' title='bbox 638 2074 671 2135; x_wconf 88' lang='lat' dir='ltr'>et</span> <span class='ocrx_word' id='word_1_140' title='bbox 684 2070 842 2135; x_wconf 84' lang='lat' dir='ltr'>Eusebius</span> <span class='ocrx_word' id='word_1_141' title='bbox 863 2071 1043 2155; x_wconf 83' lang='lat' dir='ltr'>presbyteri</span> <span class='ocrx_word' id='word_1_142' title='bbox 1065 2073 1230 2156; x_wconf 90' lang='lat' dir='ltr'>utsupra.</span> <span class='ocrx_word' id='word_1_143' title='bbox 1276 2070 1346 2136; x_wconf 89' lang='lat' dir='ltr'>Ser-</span> 
     </span>
     <span class='ocr_line' id='line_1_18' title="bbox 88 2169 1347 2258; baseline 0.002 -24"><span class='ocrx_word' id='word_1_144' title='bbox 88 2170 151 2254; x_wconf 70' lang='lat' dir='ltr'>gius</span> <span class='ocrx_word' id='word_1_145' title='bbox 174 2174 208 2235; x_wconf 86' lang='lat' dir='ltr'>et</span> <span class='ocrx_word' id='word_1_146' title='bbox 221 2169 328 2236; x_wconf 86' lang='lat' dir='ltr'>Maras</span> <span class='ocrx_word' id='word_1_147' title='bbox 350 2173 528 2256; x_wconf 89' lang='lat' dir='ltr'>presbyteri</span> <span class='ocrx_word' id='word_1_148' title='bbox 550 2175 587 2236; x_wconf 89' lang='lat' dir='ltr'>ut</span> <span class='ocrx_word' id='word_1_149' title='bbox 608 2195 713 2257; x_wconf 90' lang='lat' dir='ltr'>supra.</span> <span class='ocrx_word' id='word_1_150' title='bbox 758 2172 925 2237; x_wconf 91' lang='lat' dir='ltr'>Johannes</span> <span class='ocrx_word' id='word_1_151' title='bbox 947 2176 981 2237; x_wconf 91' lang='lat' dir='ltr'>et</span> <span class='ocrx_word' id='word_1_152' title='bbox 996 2172 1146 2238; x_wconf 86' lang='lat' dir='ltr'>Julianus</span> <span class='ocrx_word' id='word_1_153' title='bbox 1168 2173 1347 2258; x_wconf 90' lang='lat' dir='ltr'>presbyteri</span> 
     </span>
     <span class='ocr_line' id='line_1_19' title="bbox 88 2273 1348 2360; baseline 0.003 -25"><span class='ocrx_word' id='word_1_154' title='bbox 88 2275 114 2336; x_wconf 94' lang='grc' dir='ltr'>ιι</span> <span class='ocrx_word' id='word_1_155' title='bbox 146 2293 252 2357; x_wconf 89' lang='lat' dir='ltr'>supra.</span> <span class='ocrx_word' id='word_1_156' title='bbox 315 2273 433 2338; x_wconf 89' lang='lat' dir='ltr'>Paulus</span> <span class='ocrx_word' id='word_1_157' title='bbox 466 2279 499 2338; x_wconf 88' lang='lat' dir='ltr'>et</span> <span class='ocrx_word' id='word_1_158' title='bbox 527 2274 649 2339; x_wconf 91' lang='lat' dir='ltr'>Isacius</span> <span class='ocrx_word' id='word_1_159' title='bbox 681 2275 859 2360; x_wconf 88' lang='lat' dir='ltr'>presbyteri</span> <span class='ocrx_word' id='word_1_160' title='bbox 897 2277 934 2338; x_wconf 89' lang='lat' dir='ltr'>ut</span> <span class='ocrx_word' id='word_1_161' title='bbox 965 2296 1072 2360; x_wconf 89' lang='lat' dir='ltr'>supra.</span> <span class='ocrx_word' id='word_1_162' title='bbox 1142 2274 1282 2339; x_wconf 85' lang='lat' dir='ltr'>Thomas</span> <span class='ocrx_word' id='word_1_163' title='bbox 1315 2277 1348 2339; x_wconf 88' lang='lat' dir='ltr'>et</span> 
     </span>
     <span class='ocr_line' id='line_1_20' title="bbox 88 2373 1349 2462; baseline 0.002 -25"><span class='ocrx_word' id='word_1_164' title='bbox 88 2373 239 2439; x_wconf 73' lang='lat' dir='ltr'>Jasianus</span> <span class='ocrx_word' id='word_1_165' title='bbox 266 2374 445 2460; x_wconf 85' lang='lat' dir='ltr'>presbyteri</span> <span class='ocrx_word' id='word_1_166' title='bbox 478 2380 516 2441; x_wconf 91' lang='lat' dir='ltr'>ut</span> <span class='ocrx_word' id='word_1_167' title='bbox 541 2398 647 2461; x_wconf 85' lang='lat' dir='ltr'>supra.</span> <span class='ocrx_word' id='word_1_168' title='bbox 706 2375 873 2441; x_wconf 91' lang='lat' dir='ltr'>Johannes</span> <span class='ocrx_word' id='word_1_169' title='bbox 900 2379 933 2440; x_wconf 88' lang='lat' dir='ltr'>et</span> <span class='ocrx_word' id='word_1_170' title='bbox 959 2375 1077 2440; x_wconf 89' lang='lat' dir='ltr'>Daniel</span> <span class='ocrx_word' id='word_1_171' title='bbox 1104 2377 1284 2462; x_wconf 87' lang='lat' dir='ltr'>presbyteri</span> <span class='ocrx_word' id='word_1_172' title='bbox 1310 2379 1349 2440; x_wconf 93' lang='grc' dir='ltr'>υι</span> 
     </span>
     <span class='ocr_line' id='line_1_21' title="bbox 88 2497 187 2561; baseline 0.04 -24"><span class='ocrx_word' id='word_1_173' title='bbox 88 2497 187 2561; x_wconf 65' lang='lat' dir='ltr'>supra.</span> 
     </span>
    </p>

    <p class='ocr_par' dir='ltr' id='par_1_4' title="bbox 87 2578 1350 3785">
     <span class='ocr_line' id='line_1_22' title="bbox 167 2578 1349 2665; baseline 0.002 -23"><span class='ocrx_word' id='word_1_174' title='bbox 167 2579 216 2642; x_wconf 87' lang='grc'>11.</span> <span class='ocrx_word' id='word_1_175' title='bbox 248 2578 388 2645; x_wconf 84' lang='lat' dir='ltr'>Jerenas</span> <span class='ocrx_word' id='word_1_176' title='bbox 409 2580 577 2665; x_wconf 89' lang='lat' dir='ltr'>presbyter</span> <span class='ocrx_word' id='word_1_177' title='bbox 599 2585 632 2645; x_wconf 90' lang='lat' dir='ltr'>et</span> <span class='ocrx_word' id='word_1_178' title='bbox 653 2579 768 2645; x_wconf 87' lang='lat' dir='ltr'>Azizos</span> <span class='ocrx_word' id='word_1_179' title='bbox 791 2581 942 2646; x_wconf 90' lang='lat' dir='ltr'>diaconus</span> <span class='ocrx_word' id='word_1_180' title='bbox 970 2585 1003 2646; x_wconf 89' lang='lat' dir='ltr'>et</span> <span class='ocrx_word' id='word_1_181' title='bbox 1031 2580 1284 2647; x_wconf 82' lang='lat' dir='ltr'>archimandrita</span> <span class='ocrx_word' id='word_1_182' title='bbox 1311 2583 1349 2644; x_wconf 90' lang='lat' dir='ltr'>ut</span> 
     </span>
     <span class='ocr_line' id='line_1_23' title="bbox 88 2681 1349 2768; baseline 0.002 -24"><span class='ocrx_word' id='word_1_183' title='bbox 88 2702 187 2765; x_wconf 85' lang='lat' dir='ltr'>mpra.</span> <span class='ocrx_word' id='word_1_184' title='bbox 245 2681 407 2746; x_wconf 83' lang='lat' dir='ltr'>Antonius</span> <span class='ocrx_word' id='word_1_185' title='bbox 435 2682 587 2747; x_wconf 91' lang='lat' dir='ltr'>diaconus</span> <span class='ocrx_word' id='word_1_186' title='bbox 615 2687 648 2747; x_wconf 91' lang='lat' dir='ltr'>et</span> <span class='ocrx_word' id='word_1_187' title='bbox 676 2683 929 2748; x_wconf 83' lang='lat' dir='ltr'>archimandrita</span> <span class='ocrx_word' id='word_1_188' title='bbox 957 2686 991 2747; x_wconf 90' lang='lat' dir='ltr'>et</span> <span class='ocrx_word' id='word_1_189' title='bbox 1016 2682 1154 2768; x_wconf 76' lang='lat' dir='ltr'>Gyrillus</span> <span class='ocrx_word' id='word_1_190' title='bbox 1182 2682 1349 2767; x_wconf 83' lang='lat' dir='ltr'>presbyter</span> 
     </span>
     <span class='ocr_line' id='line_1_24' title="bbox 88 2782 1349 2868; baseline 0.002 -22"><span class='ocrx_word' id='word_1_191' title='bbox 88 2785 116 2847; x_wconf 98' lang='grc' dir='ltr'>ιι</span> <span class='ocrx_word' id='word_1_192' title='bbox 138 2803 245 2866; x_wconf 88' lang='lat' dir='ltr'>supra.</span> <span class='ocrx_word' id='word_1_193' title='bbox 289 2782 352 2848; x_wconf 93' lang='lat' dir='ltr'>Job</span> <span class='ocrx_word' id='word_1_194' title='bbox 374 2783 540 2868; x_wconf 87' lang='lat' dir='ltr'>presbyter</span> <span class='ocrx_word' id='word_1_195' title='bbox 562 2787 595 2848; x_wconf 86' lang='lat' dir='ltr'>et</span> <span class='ocrx_word' id='word_1_196' title='bbox 610 2783 792 2868; x_wconf 81' lang='lat' dir='ltr'>Stephanus</span> <span class='ocrx_word' id='word_1_197' title='bbox 808 2785 960 2850; x_wconf 89' lang='lat' dir='ltr'>diaconus</span> <span class='ocrx_word' id='word_1_198' title='bbox 983 2789 1015 2850; x_wconf 86' lang='lat' dir='ltr'>et</span> <span class='ocrx_word' id='word_1_199' title='bbox 1037 2785 1291 2850; x_wconf 84' lang='lat' dir='ltr'>archimandrita</span> <span class='ocrx_word' id='word_1_200' title='bbox 1312 2789 1349 2849; x_wconf 91' lang='lat' dir='ltr'>ut</span> 
     </span>
     <span class='ocr_line' id='line_1_25' title="bbox 88 2883 1349 2973; baseline 0.002 -25"><span class='ocrx_word' id='word_1_201' title='bbox 88 2905 187 2970; x_wconf 68' lang='lat' dir='ltr'>supra.</span> <span class='ocrx_word' id='word_1_202' title='bbox 231 2883 351 2949; x_wconf 88' lang='lat' dir='ltr'>Bassus</span> <span class='ocrx_word' id='word_1_203' title='bbox 372 2884 526 2950; x_wconf 86' lang='lat' dir='ltr'>diaconus</span> <span class='ocrx_word' id='word_1_204' title='bbox 549 2890 582 2950; x_wconf 92' lang='lat' dir='ltr'>et</span> <span class='ocrx_word' id='word_1_205' title='bbox 603 2885 742 2950; x_wconf 90' lang='lat' dir='ltr'>Basilius</span> <span class='ocrx_word' id='word_1_206' title='bbox 765 2887 931 2971; x_wconf 86' lang='lat' dir='ltr'>presbyter</span> <span class='ocrx_word' id='word_1_207' title='bbox 953 2889 989 2950; x_wconf 88' lang='lat' dir='ltr'>ut</span> <span class='ocrx_word' id='word_1_208' title='bbox 1011 2909 1118 2973; x_wconf 86' lang='lat' dir='ltr'>supra.</span> <span class='ocrx_word' id='word_1_209' title='bbox 1162 2886 1349 2953; x_wconf 77' lang='lat' dir='ltr'>=Simeonius</span> 
     </span>
     <span class='ocr_line' id='line_1_26' title="bbox 88 2985 1349 3075; baseline -0.001 -24"><span class='ocrx_word' id='word_1_210' title='bbox 88 2989 113 3051; x_wconf 71' lang='lat' dir='ltr'>et</span> <span class='ocrx_word' id='word_1_211' title='bbox 126 2985 294 3052; x_wconf 89' lang='lat' dir='ltr'>Johannes</span> <span class='ocrx_word' id='word_1_212' title='bbox 315 2986 495 3071; x_wconf 88' lang='lat' dir='ltr'>presbyteri</span> <span class='ocrx_word' id='word_1_213' title='bbox 510 2992 547 3051; x_wconf 93' lang='lat' dir='ltr'>ut</span> <span class='ocrx_word' id='word_1_214' title='bbox 562 3010 669 3072; x_wconf 90' lang='lat' dir='ltr'>supra.</span> <span class='ocrx_word' id='word_1_215' title='bbox 713 2988 854 3054; x_wconf 86' lang='lat' dir='ltr'>Jacobus</span> <span class='ocrx_word' id='word_1_216' title='bbox 875 2988 1043 3075; x_wconf 88' lang='lat' dir='ltr'>presbyter</span> <span class='ocrx_word' id='word_1_217' title='bbox 1064 2993 1096 3053; x_wconf 89' lang='lat' dir='ltr'>et</span> <span class='ocrx_word' id='word_1_218' title='bbox 1110 2989 1260 3054; x_wconf 90' lang='lat' dir='ltr'>Julianus</span> <span class='ocrx_word' id='word_1_219' title='bbox 1282 2987 1349 3052; x_wconf 88' lang='lat' dir='ltr'>dia·</span> 
     </span>
     <span class='ocr_line' id='line_1_27' title="bbox 88 3088 1349 3176; baseline -0.001 -22"><span class='ocrx_word' id='word_1_220' title='bbox 88 3110 180 3154; x_wconf 72' lang='lat' dir='ltr'>arnus</span> <span class='ocrx_word' id='word_1_221' title='bbox 203 3091 235 3152; x_wconf 89' lang='lat' dir='ltr'>et</span> <span class='ocrx_word' id='word_1_222' title='bbox 257 3088 508 3154; x_wconf 87' lang='lat' dir='ltr'>archimandrita</span> <span class='ocrx_word' id='word_1_223' title='bbox 530 3093 567 3154; x_wconf 92' lang='lat' dir='ltr'>ut</span> <span class='ocrx_word' id='word_1_224' title='bbox 588 3112 695 3173; x_wconf 88' lang='lat' dir='ltr'>supra.</span> <span class='ocrx_word' id='word_1_225' title='bbox 747 3089 926 3156; x_wconf 90' lang='lat' dir='ltr'>Simeonius</span> <span class='ocrx_word' id='word_1_226' title='bbox 949 3094 983 3161; x_wconf 86' lang='lat' dir='ltr'>et</span> <span class='ocrx_word' id='word_1_227' title='bbox 1003 3089 1148 3174; x_wconf 85' lang='lat' dir='ltr'>Alpheus</span> <span class='ocrx_word' id='word_1_228' title='bbox 1169 3090 1349 3176; x_wconf 90' lang='lat' dir='ltr'>presbyteri</span> 
     </span>
     <span class='ocr_line' id='line_1_28' title="bbox 88 3189 1349 3277; baseline 0 -22"><span class='ocrx_word' id='word_1_229' title='bbox 88 3194 117 3255; x_wconf 90' lang='grc' dir='ltr'>ιι</span> <span class='ocrx_word' id='word_1_230' title='bbox 138 3211 246 3274; x_wconf 86' lang='lat' dir='ltr'>supra.</span> <span class='ocrx_word' id='word_1_231' title='bbox 290 3189 455 3256; x_wconf 86' lang='lat' dir='ltr'>Johannes</span> <span class='ocrx_word' id='word_1_232' title='bbox 478 3191 644 3276; x_wconf 88' lang='lat' dir='ltr'>presbyter</span> <span class='ocrx_word' id='word_1_233' title='bbox 665 3194 698 3256; x_wconf 89' lang='lat' dir='ltr'>et</span> <span class='ocrx_word' id='word_1_234' title='bbox 712 3191 826 3256; x_wconf 90' lang='lat' dir='ltr'>Petrus</span> <span class='ocrx_word' id='word_1_235' title='bbox 848 3192 1000 3256; x_wconf 90' lang='lat' dir='ltr'>diaconus</span> <span class='ocrx_word' id='word_1_236' title='bbox 1023 3195 1060 3256; x_wconf 88' lang='lat' dir='ltr'>ut</span> <span class='ocrx_word' id='word_1_237' title='bbox 1081 3215 1187 3277; x_wconf 92' lang='lat' dir='ltr'>supra.</span> <span class='ocrx_word' id='word_1_238' title='bbox 1232 3191 1349 3256; x_wconf 84' lang='lat' dir='ltr'>Daniel</span> 
     </span>
     <span class='ocr_line' id='line_1_29' title="bbox 88 3291 1350 3378; baseline 0 -21"><span class='ocrx_word' id='word_1_239' title='bbox 88 3292 233 3357; x_wconf 86' lang='lat' dir='ltr'>liaconus</span> <span class='ocrx_word' id='word_1_240' title='bbox 256 3296 289 3356; x_wconf 90' lang='lat' dir='ltr'>et</span> <span class='ocrx_word' id='word_1_241' title='bbox 309 3291 420 3357; x_wconf 86' lang='lat' dir='ltr'>Eunus</span> <span class='ocrx_word' id='word_1_242' title='bbox 442 3293 595 3358; x_wconf 90' lang='lat' dir='ltr'>diaconus</span> <span class='ocrx_word' id='word_1_243' title='bbox 618 3296 651 3358; x_wconf 93' lang='lat' dir='ltr'>et</span> <span class='ocrx_word' id='word_1_244' title='bbox 672 3293 923 3358; x_wconf 89' lang='lat' dir='ltr'>archimandrita</span> <span class='ocrx_word' id='word_1_245' title='bbox 945 3298 982 3358; x_wconf 90' lang='lat' dir='ltr'>ut</span> <span class='ocrx_word' id='word_1_246' title='bbox 1003 3316 1109 3378; x_wconf 87' lang='lat' dir='ltr'>supra.</span> <span class='ocrx_word' id='word_1_247' title='bbox 1166 3294 1350 3359; x_wconf 85' lang='lat' dir='ltr'>Alexander</span> 
     </span>
     <span class='ocr_line' id='line_1_30' title="bbox 88 3392 1349 3480; baseline -0.001 -20"><span class='ocrx_word' id='word_1_248' title='bbox 88 3397 112 3460; x_wconf 73' lang='grc' dir='ltr'><strong>ει</strong></span> <span class='ocrx_word' id='word_1_249' title='bbox 134 3392 337 3478; x_wconf 89' lang='lat' dir='ltr'>Epiphanius</span> <span class='ocrx_word' id='word_1_250' title='bbox 360 3395 538 3478; x_wconf 88' lang='lat' dir='ltr'>presbyteri</span> <span class='ocrx_word' id='word_1_251' title='bbox 560 3399 597 3459; x_wconf 89' lang='lat' dir='ltr'>ut</span> <span class='ocrx_word' id='word_1_252' title='bbox 618 3418 725 3480; x_wconf 89' lang='lat' dir='ltr'>supra.</span> <span class='ocrx_word' id='word_1_253' title='bbox 781 3395 888 3461; x_wconf 85' lang='lat' dir='ltr'>Zoilus</span> <span class='ocrx_word' id='word_1_254' title='bbox 916 3399 949 3461; x_wconf 89' lang='lat' dir='ltr'>et</span> <span class='ocrx_word' id='word_1_255' title='bbox 970 3397 1143 3461; x_wconf 85' lang='lat' dir='ltr'>Abramius</span> <span class='ocrx_word' id='word_1_256' title='bbox 1171 3396 1349 3480; x_wconf 88' lang='lat' dir='ltr'>presbyteri</span> 
     </span>
     <span class='ocr_line' id='line_1_31' title="bbox 88 3496 1350 3583; baseline 0.001 -22"><span class='ocrx_word' id='word_1_257' title='bbox 88 3500 116 3561; x_wconf 94' lang='grc' dir='ltr'>ιι</span> <span class='ocrx_word' id='word_1_258' title='bbox 131 3517 239 3580; x_wconf 87' lang='lat' dir='ltr'>supra.</span> <span class='ocrx_word' id='word_1_259' title='bbox 283 3496 432 3562; x_wconf 89' lang='lat' dir='ltr'>Julianus</span> <span class='ocrx_word' id='word_1_260' title='bbox 446 3498 614 3583; x_wconf 89' lang='lat' dir='ltr'>presbyter</span> <span class='ocrx_word' id='word_1_261' title='bbox 636 3501 668 3562; x_wconf 88' lang='lat' dir='ltr'>et</span> <span class='ocrx_word' id='word_1_262' title='bbox 682 3497 848 3563; x_wconf 90' lang='lat' dir='ltr'>Johannes</span> <span class='ocrx_word' id='word_1_263' title='bbox 869 3498 1020 3563; x_wconf 90' lang='lat' dir='ltr'>diaconus</span> <span class='ocrx_word' id='word_1_264' title='bbox 1043 3502 1077 3563; x_wconf 87' lang='lat' dir='ltr'>et</span> <span class='ocrx_word' id='word_1_265' title='bbox 1098 3496 1350 3564; x_wconf 87' lang='lat' dir='ltr'>archimandrita</span> 
     </span>
     <span class='ocr_line' id='line_1_32' title="bbox 87 3597 1350 3685; baseline 0 -22"><span class='ocrx_word' id='word_1_266' title='bbox 87 3601 117 3663; x_wconf 92' lang='grc' dir='ltr'>ιι</span> <span class='ocrx_word' id='word_1_267' title='bbox 138 3620 246 3682; x_wconf 89' lang='lat' dir='ltr'>supra.</span> <span class='ocrx_word' id='word_1_268' title='bbox 303 3597 437 3665; x_wconf 82' lang='lat' dir='ltr'>Oarufas</span> <span class='ocrx_word' id='word_1_269' title='bbox 467 3604 501 3664; x_wconf 89' lang='lat' dir='ltr'>et</span> <span class='ocrx_word' id='word_1_270' title='bbox 525 3598 704 3664; x_wconf 90' lang='lat' dir='ltr'>Simeonius</span> <span class='ocrx_word' id='word_1_271' title='bbox 725 3600 904 3684; x_wconf 87' lang='lat' dir='ltr'>presbyteri</span> <span class='ocrx_word' id='word_1_272' title='bbox 932 3604 969 3665; x_wconf 92' lang='lat' dir='ltr'>ut</span> <span class='ocrx_word' id='word_1_273' title='bbox 997 3623 1104 3685; x_wconf 89' lang='lat' dir='ltr'>supra.</span> <span class='ocrx_word' id='word_1_274' title='bbox 1163 3598 1350 3664; x_wconf 88' lang='lat' dir='ltr'>Timotheus</span> 
     </span>
     <span class='ocr_line' id='line_1_33' title="bbox 88 3699 801 3785; baseline 0.001 -20"><span class='ocrx_word' id='word_1_275' title='bbox 88 3700 236 3766; x_wconf 88' lang='lat' dir='ltr'>liaconus</span> <span class='ocrx_word' id='word_1_276' title='bbox 258 3703 291 3764; x_wconf 89' lang='lat' dir='ltr'>et</span> <span class='ocrx_word' id='word_1_277' title='bbox 311 3699 426 3766; x_wconf 88' lang='lat' dir='ltr'>Petrus</span> <span class='ocrx_word' id='word_1_278' title='bbox 448 3702 616 3785; x_wconf 89' lang='lat' dir='ltr'>presbyter</span> <span class='ocrx_word' id='word_1_279' title='bbox 636 3703 673 3764; x_wconf 89' lang='lat' dir='ltr'>ut</span> <span class='ocrx_word' id='word_1_280' title='bbox 695 3723 801 3785; x_wconf 89' lang='lat' dir='ltr'>supra.</span> 
     </span>
    </p>

    <p class='ocr_par' dir='ltr' id='par_1_5' title="bbox 88 3801 1354 4499">
     <span class='ocr_line' id='line_1_34' title="bbox 168 3801 1350 3888; baseline 0.001 -22"><span class='ocrx_word' id='word_1_281' title='bbox 168 3802 219 3866; x_wconf 85' lang='lat'>12.</span> <span class='ocrx_word' id='word_1_282' title='bbox 252 3801 460 3868; x_wconf 80' lang='lat' dir='ltr'>Macedoniae</span> <span class='ocrx_word' id='word_1_283' title='bbox 476 3803 642 3887; x_wconf 88' lang='lat' dir='ltr'>presbyter</span> <span class='ocrx_word' id='word_1_284' title='bbox 657 3806 691 3867; x_wconf 88' lang='lat' dir='ltr'>et</span> <span class='ocrx_word' id='word_1_285' title='bbox 705 3802 956 3868; x_wconf 89' lang='lat' dir='ltr'>archimandrita</span> <span class='ocrx_word' id='word_1_286' title='bbox 977 3807 1135 3888; x_wconf 88' lang='lat' dir='ltr'>utsupra.</span> <span class='ocrx_word' id='word_1_287' title='bbox 1176 3803 1350 3887; x_wconf 88' lang='lat' dir='ltr'>Dionysius</span> 
     </span>
     <span class='ocr_line' id='line_1_35' title="bbox 88 3903 1351 3990; baseline -0.002 -18"><span class='ocrx_word' id='word_1_288' title='bbox 88 3903 335 3972; x_wconf 73' lang='lat' dir='ltr'>archimandrita</span> <span class='ocrx_word' id='word_1_289' title='bbox 357 3909 394 3969; x_wconf 91' lang='lat' dir='ltr'>ut</span> <span class='ocrx_word' id='word_1_290' title='bbox 412 3928 519 3989; x_wconf 88' lang='lat' dir='ltr'>supra.</span> <span class='ocrx_word' id='word_1_291' title='bbox 563 3903 729 3970; x_wconf 85' lang='lat' dir='ltr'>Johannes</span> <span class='ocrx_word' id='word_1_292' title='bbox 752 3903 1005 3970; x_wconf 87' lang='lat' dir='ltr'>archimandrita</span> <span class='ocrx_word' id='word_1_293' title='bbox 1026 3911 1185 3990; x_wconf 89' lang='lat' dir='ltr'>utsupra.</span> <span class='ocrx_word' id='word_1_294' title='bbox 1232 3904 1351 3970; x_wconf 86' lang='lat' dir='ltr'>Simeo-</span> 
     </span>
     <span class='ocr_line' id='line_1_36' title="bbox 88 4005 1351 4092; baseline -0.002 -19"><span class='ocrx_word' id='word_1_295' title='bbox 88 4009 155 4073; x_wconf 81' lang='lat' dir='ltr'>iius</span> <span class='ocrx_word' id='word_1_296' title='bbox 177 4005 344 4090; x_wconf 87' lang='lat' dir='ltr'>presbyter</span> <span class='ocrx_word' id='word_1_297' title='bbox 365 4008 399 4070; x_wconf 90' lang='lat' dir='ltr'>et</span> <span class='ocrx_word' id='word_1_298' title='bbox 420 4005 672 4070; x_wconf 88' lang='lat' dir='ltr'>archimandrita</span> <span class='ocrx_word' id='word_1_299' title='bbox 692 4011 850 4092; x_wconf 89' lang='lat' dir='ltr'>utsupra.</span> <span class='ocrx_word' id='word_1_300' title='bbox 895 4007 1008 4073; x_wconf 90' lang='lat' dir='ltr'>Menas</span> <span class='ocrx_word' id='word_1_301' title='bbox 1024 4008 1177 4072; x_wconf 87' lang='lat' dir='ltr'>diaconus</span> <span class='ocrx_word' id='word_1_302' title='bbox 1200 4010 1233 4071; x_wconf 93' lang='lat' dir='ltr'>et</span> <span class='ocrx_word' id='word_1_303' title='bbox 1248 4007 1351 4072; x_wconf 90' lang='lat' dir='ltr'>archi·</span> 
     </span>
     <span class='ocr_line' id='line_1_37' title="bbox 88 4107 1353 4194; baseline -0.002 -19"><span class='ocrx_word' id='word_1_304' title='bbox 88 4108 246 4175; x_wconf 85' lang='lat' dir='ltr'>nandrita</span> <span class='ocrx_word' id='word_1_305' title='bbox 267 4110 299 4173; x_wconf 91' lang='lat' dir='ltr'>et</span> <span class='ocrx_word' id='word_1_306' title='bbox 320 4107 523 4175; x_wconf 89' lang='lat' dir='ltr'>Darabsabas</span> <span class='ocrx_word' id='word_1_307' title='bbox 546 4108 712 4193; x_wconf 90' lang='lat' dir='ltr'>presbyter</span> <span class='ocrx_word' id='word_1_308' title='bbox 740 4113 777 4173; x_wconf 90' lang='lat' dir='ltr'>ut</span> <span class='ocrx_word' id='word_1_309' title='bbox 798 4132 904 4194; x_wconf 89' lang='lat' dir='ltr'>supra.</span> <span class='ocrx_word' id='word_1_310' title='bbox 964 4109 1094 4194; x_wconf 80' lang='lat' dir='ltr'>Sergius</span> <span class='ocrx_word' id='word_1_311' title='bbox 1121 4109 1288 4192; x_wconf 89' lang='lat' dir='ltr'>presbyter</span> <span class='ocrx_word' id='word_1_312' title='bbox 1320 4113 1353 4173; x_wconf 89' lang='lat' dir='ltr'>et</span> 
     </span>
     <span class='ocr_line' id='line_1_38' title="bbox 88 4208 1354 4295; baseline -0.003 -17"><span class='ocrx_word' id='word_1_313' title='bbox 88 4210 267 4278; x_wconf 81' lang='lat' dir='ltr'>Theodorus</span> <span class='ocrx_word' id='word_1_314' title='bbox 302 4208 553 4275; x_wconf 88' lang='lat' dir='ltr'>archimandrita</span> <span class='ocrx_word' id='word_1_315' title='bbox 589 4213 626 4274; x_wconf 90' lang='lat' dir='ltr'>ut</span> <span class='ocrx_word' id='word_1_316' title='bbox 659 4232 765 4295; x_wconf 92' lang='lat' dir='ltr'>supra.</span> <span class='ocrx_word' id='word_1_317' title='bbox 832 4210 1005 4295; x_wconf 89' lang='lat' dir='ltr'>Benjamin</span> <span class='ocrx_word' id='word_1_318' title='bbox 1035 4210 1286 4276; x_wconf 87' lang='lat' dir='ltr'>archimandrita</span> <span class='ocrx_word' id='word_1_319' title='bbox 1319 4214 1354 4274; x_wconf 87' lang='lat' dir='ltr'>ot</span> 
     </span>
     <span class='ocr_line' id='line_1_39' title="bbox 89 4311 1353 4397; baseline -0.005 -17"><span class='ocrx_word' id='word_1_320' title='bbox 89 4312 225 4380; x_wconf 80' lang='lat' dir='ltr'>saucius</span> <span class='ocrx_word' id='word_1_321' title='bbox 252 4313 429 4397; x_wconf 84' lang='lat' dir='ltr'>presbyteri</span> <span class='ocrx_word' id='word_1_322' title='bbox 458 4315 494 4377; x_wconf 92' lang='lat' dir='ltr'>ut</span> <span class='ocrx_word' id='word_1_323' title='bbox 520 4334 627 4396; x_wconf 90' lang='lat' dir='ltr'>supra.</span> <span class='ocrx_word' id='word_1_324' title='bbox 698 4311 814 4376; x_wconf 90' lang='lat' dir='ltr'>Daniel</span> <span class='ocrx_word' id='word_1_325' title='bbox 843 4313 1010 4396; x_wconf 86' lang='lat' dir='ltr'>presbyter</span> <span class='ocrx_word' id='word_1_326' title='bbox 1039 4317 1072 4377; x_wconf 91' lang='lat' dir='ltr'>et</span> <span class='ocrx_word' id='word_1_327' title='bbox 1100 4311 1353 4375; x_wconf 89' lang='lat' dir='ltr'>archimandrita</span> 
     </span>
     <span class='ocr_line' id='line_1_40' title="bbox 88 4413 1353 4499; baseline -0.006 -16"><span class='ocrx_word' id='word_1_328' title='bbox 88 4421 107 4483; x_wconf 87' lang='lat' dir='ltr'>t</span> <span class='ocrx_word' id='word_1_329' title='bbox 133 4413 306 4479; x_wconf 86' lang='lat' dir='ltr'>Abraham</span> <span class='ocrx_word' id='word_1_330' title='bbox 328 4415 578 4479; x_wconf 78' lang='lat' dir='ltr'>archimandrita</span> <span class='ocrx_word' id='word_1_331' title='bbox 604 4417 640 4477; x_wconf 88' lang='lat' dir='ltr'>ut</span> <span class='ocrx_word' id='word_1_332' title='bbox 661 4428 769 4499; x_wconf 87' lang='lat' dir='ltr'>supra.</span> <span class='ocrx_word' id='word_1_333' title='bbox 830 4414 1008 4480; x_wconf 90' lang='lat' dir='ltr'>Simeonius</span> <span class='ocrx_word' id='word_1_334' title='bbox 1038 4413 1289 4478; x_wconf 85' lang='lat' dir='ltr'>archimandrita</span> <span class='ocrx_word' id='word_1_335' title='bbox 1316 4416 1353 4476; x_wconf 89' lang='lat' dir='ltr'>ut</span> 
     </span>
    </p>
   </div>
   <div class='ocr_carea' id='block_1_3' title="bbox 88 4539 191 4605">
    <p class='ocr_par' dir='ltr' id='par_1_6' title="bbox 88 4539 191 4605">
     <span class='ocr_line' id='line_1_41' title="bbox 88 4539 191 4605; baseline -0.058 -19"><span class='ocrx_word' id='word_1_336' title='bbox 88 4539 191 4605; x_wconf 89' lang='lat' dir='ltr'>upra.</span> 
     </span>
    </p>
   </div>
   <div class='ocr_carea' id='block_1_4' title="bbox 0 0 1610 5506">
    <p class='ocr_par' dir='ltr' id='par_1_7' title="bbox 0 0 1610 5506">
     <span class='ocr_line' id='line_1_42' title="bbox 0 0 1610 5506; baseline 0 0"><span class='ocrx_word' id='word_1_337' title='bbox 0 0 1610 5506; x_wconf 95' lang='lat' dir='ltr'> </span> 
     </span>
    </p>
   </div>
  </div>
 </body>
</html>
