3204 5506
537 353 730 402 nmsronsn
755 345 899 402 15-17.
1292 341 1353 403 381,

63 526 123 589 que
146 504 355 570 illiteratum
379 506 428 569 vel
451 506 632 589 obnoxium,
663 513 719 571 aut
746 509 780 572 in
809 510 915 593 aliqua
937 512 1029 593 parte
1057 510 1197 593 eorporis
1219 509 1356 574 debilem
1370 523 1486 591 (1494.)

64 609 288 691 notatumque
315 608 421 672 modis
452 609 600 672 omnihus
633 610 672 673 ad
707 632 815 675 sacros
844 612 971 675 ordines
1003 612 1171 694 permittat
1193 613 1353 677 accedere.

65 708 154 784 Quod
179 710 288 773 etiam
313 711 354 774 de
376 711 590 797 peregrinis³)
619 715 714 795 attlue
744 713 920 797 incognitis
947 715 998 777 vel
1021 736 1058 778 ex
1067 715 1092 800 ⁴)
1115 715 1354 798 poenitentibus

67 833 182 876 carere
206 812 357 895 debebit,
382 814 456 896 quia
479 813 660 896 hujusmodi
689 836 708 876 a
730 815 966 879 venerabilibus
994 817 1204 899 prohibentur
1226 819 1352 883 officiis.

10 990 19 1007 ο
151 914 186 979 2.
234 915 290 980 Ac
318 914 402 980 nihil
432 938 470 980 ex
493 916 679 979 ministeriis
702 921 798 1000 atque
820 922 936 980 ornatu
959 923 1119 1002 postremo
1147 920 1186 983 de
1215 943 1354 1004 quacun·

10 1080 12 1085 .
66 1039 126 1101 que
155 1039 215 1100 re,
248 1039 350 1102 quam
378 1022 505 1082 constat
532 1019 574 1080 ad
602 1018 768 1083 ecclesiam
802 1020 978 1103 pectinem,
1014 1021 1129 1084 audeat
1155 1021 1189 1084 in
1218 1022 1353 1086 alterurn

67 1119 220 1204 qualibet
243 1121 374 1184 ratione
396 1120 582 1184 transferre.
607 1119 741 1185 Reditus
764 1125 797 1184 et
811 1121 989 1185 oblationes
1005 1123 1144 1186 fidelium
1166 1126 1201 1187 in
1219 1129 1354 1207 quatuor

64 1226 178 1307 partes
205 1221 346 1305 dividat,
370 1244 505 1307 quarum
527 1224 589 1287 sibi
610 1245 708 1287 unam
730 1224 798 1307 ipse
821 1225 969 1306 retineat,
994 1224 1127 1288 alteram
1152 1226 1274 1289 clericis
1296 1247 1354 1309 pro

63 1325 260 1390 officiorum
290 1346 419 1388 snorum
452 1325 621 1391 sedulitate
651 1325 836 1409 distribuat,
871 1326 1003 1389 fabricis
1037 1327 1184 1410 tertiam,
1219 1350 1354 1412 quarum

61 1429 236 1493 rationem
260 1427 373 1491 divino
396 1429 445 1491 est
466 1427 647 1492 redditurus
670 1427 819 1492 examini.
1283 1512 1286 1519 Ι

146 1533 184 1596 3.
239 1528 353 1594 Sacris
375 1552 497 1615 quoque
525 1530 690 1594 ordinibus
720 1530 928 1614 applicandos
951 1532 1012 1594 hac
1034 1526 1255 1595 observatione
1283 1554 1353 1615 pro-

58 1637 208 1716 moveat,
235 1636 279 1696 ut
297 1632 424 1715 jejunio
446 1634 562 1716 quarti,
593 1633 721 1716 septimi
744 1637 777 1696 et
799 1632 913 1696 decimi
930 1634 1062 1696 mensis
1090 1636 1253 1718 vesperef’)
1283 1635 1353 1697 sab-

59 1735 124 1798 bati
149 1734 377 1819 presbyteros
399 1736 494 1820 atque
516 1735 668 1799 diaconos
691 1735 884 1798 ordinandos
908 1756 975 1798 esse
999 1740 1182 1819 cognoseat.
1213 1734 1353 1799 Venera-
1432 1730 1434 1739 ’

56 1836 129 1901 bilis
162 1836 281 1900 etiam
314 1836 468 1920 baptismi
500 1841 736 1901 sacromentum
770 1838 832 1901 nisi
865 1838 899 1900 in
935 1837 1110 1901 festivitate
1143 1838 1287 1921 paschali
1322 1841 1354 1901 et

55 1937 288 2003 Pentecostes
304 1938 432 2002 tradere
446 1960 513 2002 non
527 1943 721 2024 praesumat,
746 1940 887 2023 exceptis
904 1940 1104 2022 aegritudine
1119 1940 1350 2004 laborantibus.

582 2124 764 2232 Epistola
791 2127 843 2210 17.

1365 2253 1482 2308 1149111.

360 2238 495 2349 Gelasii
517 2299 628 2374 papae
650 2281 694 2346 ad
717 2282 898 2365 episcopos
921 2278 1080 2348 Siciliae.
1372 2322 1480 2389 ,Q

10 2421 38 2475 ΙΙ.
84 2426 258 2475 Factdtates
282 2421 418 2471 Ecclesiae
440 2424 556 2486 episcopi
571 2423 653 2485 jacta
676 2437 797 2473 curionum
819 2423 924 2470 decreta
942 2423 1118 2471 ndatinistrent
1136 2421 1222 2484 (n.1);
1250 2423 1319 2470 circa

95 2513 216 2560 iliarum
236 2510 312 2558 sicut
332 2507 481 2556 dioecesium
497 2509 681 2570 possessionem
699 2510 783 2558 ualere
802 2509 964 2556 tricennalem
980 2509 1209 2571 praescriptionem
1226 2507 1306 2569 (11.1).

226 2639 422 2704 Gelasius
451 2638 647 2704 Romanae
677 2640 874 2704 ecclesiae
903 2619 1112 2722 episeopus
1135 2640 1354 2704 dileetissi-

330 2743 402 2806 mis
425 2742 523 2805 etin
548 2742 700 2808 Christi
723 2743 896 2806 caritate
918 2730 1195 2827 unanimiter¹)
1218 2764 1354 2805 conne-

331 2846 392 2909 xis
422 2844 622 2909 iratribus
656 2845 875 2929 episcopis,
911 2844 975 2928 qui
1008 2845 1046 2906 in
1080 2843 1222 2908 Sicilia
1259 2835 1369 2907 sunt

332 2947 557 3011 constituti.
643 2990 652 3008 .

10 3106 12 3113 ·
79 3054 91 3061 ’
144 3073 182 3135 1.
238 3063 468 3149 Praesulum²)
495 3070 677 3131 nostrorum
704 3068 878 3130 auctoritas
907 3066 1078 3147 emanavit,
1114 3068 1151 3127 ut
1181 3064 1353 3128 facultates

43 3171 242 3241 Ecclesiae
269 3168 414 3253 episcopi
441 3168 482 3232 ed
504 3168 680 3253 regendum
703 3168 845 3232 habeant
866 3171 1069 3251 potestatem,
1097 3167 1143 3229 ita
1166 3169 1285 3249 tamen,
1317 3169 1354 3229 ut

125 3400 150 3465 ³)
173 3389 305 3447 siricius
324 3389 404 3460 epist.
418 3394 434 3441 6
451 3394 507 3442 114
524 3389 703 3444 vehementer
720 3390 863 3458 improbat
880 3389 1038 3454 nonnullos,
1061 3388 1109 3457 qui
1130 3389 1307 3442 transeuntes
1326 3390 1354 3440 et

44 3479 244 3555 peregrinos
268 3479 377 3528 temero
400 3474 571 3532 ordinarunt.
609 3474 741 3544 Superior
764 3475 882 3543 epistola
905 3474 1069 3528 nominatim
1090 3474 1172 3528 Afros
1194 3489 1249 3526 non
1273 3471 1354 3525 susci-

43 3567 189 3641 piendos
210 3560 324 3615 monet
368 3571 377 3596 1

125 3654 152 3722 ⁸)
175 3650 214 3704 α’
226 3649 258 3701 c⁷
271 3642 314 3699 c¹⁰'
328 3649 505 3714 expetentibus
523 3646 706 3700 emendantur
724 3662 758 3699 ex
777 3644 809 3709 Q·
824 3643 865 3708 Qt.
898 3644 943 3698 Sic
964 3647 993 3698 ct
1015 3644 1126 3698 Hilarus
1149 3644 1228 3713 epist.
1251 3648 1281 3695 16
1300 3648 1354 3696 nb

44 3731 311 3811 prospiciendum
333 3729 425 3796 (locet,
452 3751 483 3785 ne
505 3751 540 3784 ea·
561 3735 747 3799 poenitentibus
769 3736 860 3800 aliquis
882 3737 918 3784 ad
937 3750 1037 3783 sacrm
1059 3736 1221 3784 ministeriam
1246 3747 1355 3796 prorsus

46 3831 167 3880 maer
189 3822 336 3873 accedere.
371 3814 443 3871 Vide
460 3815 631 3886 superiorem
654 3816 734 3885 epist.
755 3821 786 3870 lt
804 3833 829 3867 n.
851 3822 862 3867 1
883 3818 912 3868 et
929 3815 1008 3883 epist.
1032 3821 1188 3885 14111111,
1211 3814 1353 3867 Innocent.

92 3908 103 3920 ’
164 3909 207 3961 1⁴1
221 3921 251 3957 n.
271 3905 312 3954 11.
633 3954 636 3958 .

46 3911 156 4063 eputi)
178 3988 264 4044 Hine
283 3985 417 4041 excidisse
433 3986 543 4041 videtur
561 3993 626 4041 initii
644 3992 853 4055 quadrapesimac
872 3998 947 4056 atque
964 3992 1108 4048 medianae,
1134 3987 1164 4037 ut
1181 3985 1210 4036 in
1227 3984 1307 4053 epist.
1324 3991 1353 4036 14
1445 4013 1446 4016 =

49 4098 77 4137 e.
96 4085 130 4135 11
153 4077 194 4132 et
213 4073 247 4127 in
267 4068 350 4141 aas.
363 4077 395 4125 15
406 4079 463 4127 nil
480 4067 651 4141 exprimitur.

133 4166 157 4233 ⁸)
177 4158 256 4214 Mas.
277 4157 306 4210 η’
323 4162 445 4210 maniacis
461 4176 514 4211 cum
532 4161 667 4216 connexis,
685 4155 707 4207 i²
725 4176 775 4208 uria
792 4173 884 4208 raecum
902 4162 1032 4210 consiscit.

122 4250 158 4317 ¹)
179 4243 221 4300 Id
238 4240 296 4297 n'bi
313 4241 375 4295 vult
389 4240 436 4295 hic
450 4248 596 4310 praesulum
614 4252 755 4295 normarum
773 4246 926 4303 auctoritas,
946 4241 1021 4308 quod
1038 4240 1112 4295 infra
1126 4247 1233 4306 fitiorum
1252 4251 1354 4293 nostro·

51 4357 116 4391 m
139 4333 304 4402 principius
326 4332 473 4382 auctoritas.
512 4326 619 4382 Eodem
640 4324 773 4395 loquendi
794 4324 877 4378 modo
896 4325 982 4379 utitur
1001 4328 1030 4379 et
1048 4325 1204 4394 Simplicius
1222 4324 1302 4393 epist.
1321 4329 1354 4376 16

16 4460 24 4471 .
52 4439 85 4476 ιι
100 4425 136 4487 2,
156 4430 256 4486 quem
273 4411 304 4465 in
323 4410 414 4470 locum
432 4428 503 4480 qnae
522 4411 672 4467 observata
689 4413 753 4464 sunt
771 4412 874 4480 repete.
904 4411 940 4464 Et
956 4428 1023 4466 vero
1041 4411 1153 4479 regibus
1171 4410 1203 4463 ct·
1217 4409 1354 4478 episcopis

53 4517 227 4562 wmmune
252 4498 299 4551 est
318 4504 462 4566 praesulum
480 4514 592 4564 nomen,
615 4495 681 4565 quia
697 4496 763 4566 ipsis
785 4495 892 4565 pariter
910 4496 1039 4550 convenit
1058 4501 1217 4564 praesidere.
1253 4492 1308 4546 Sed
1325 4493 1354 4547 in

55 4591 118 4646 hoc
143 4585 306 4651 differunt,
329 4582 418 4653 quod,
440 4585 471 4636 ut
491 4583 614 4650 loquitur
635 4582 695 4651 ipse
714 4581 839 4635 Gelenius
863 4582 942 4650 epist.
963 4587 994 4635 12
1012 4588 1080 4647 nit,
1103 4595 1184 4649 reges
1205 4585 1354 4648 praesident

56 4681 182 4733 hm
199 4674 311 4742 paneri,-
333 4666 453 4737 ideoque
475 4667 516 4721 illi
535 4667 641 4723 ibidem
663 4686 737 4734 repes
754 4671 885 4729 homiuum,
909 4666 937 4719 hi
956 4687 1039 4719 rernm
1060 4671 1194 4734 praesules
1215 4669 1356 4718 diuinarum

57 4757 269 4834 uppelltmtur.
311 4752 402 4808 Iidem
424 4752 497 4807 infra
518 4753 599 4823 epist.
623 4759 655 4808 at
673 4771 700 4806 11.
721 4759 731 4805 l
754 4759 888 4819 praesides
909 4756 1091 4805 ministrandae
1109 4756 1173 4818 fidei
1196 4747 1354 4804 Christianae

10 4906 12 4919 Ι
61 4845 216 4900 dicuntur.
255 4838 303 4894 Ad
322 4837 428 4892 calcem
446 4837 524 4907 epist.
543 4843 559 4890 6
577 4836 737 4907 Symmachi
751 4854 843 4906 papae
861 4837 981 4891 edictum
999 4835 1101 4889 edituri
1118 4852 1211 4888 sumus
1228 4834 1355 4889 Theodo-

10 4946 14 4999 ζ,
35 4998 47 5011 ⁴
64 4929 119 4986 rici
137 4928 221 4998 regis
239 4930 349 4982 senatui
365 4926 479 4978 Romano
497 4927 565 4978 orbis
581 4929 697 4992 praesuli
712 4921 883 4992 inscriptum.
