3204 5506
186 345 247 410 742
625 354 876 405 succursura·
898 354 1013 401 escas

78 544 102 580 a.
115 533 171 579 514.
185 512 450 580 reverentissimis
458 512 485 598 2)
508 511 676 595 episcopis,
700 532 778 594 quos
801 509 840 573 de
863 508 1006 573 ecclesiis
1033 508 1093 573 sub
1116 509 1168 574 sui
1190 509 1404 580 sacerdotiique
1504 578 1507 603 ,

186 616 369 681 constitutis
399 614 529 678 idoncos
563 616 596 677 et
623 614 797 677 instructos
824 632 902 696 erga
930 610 1143 676 orthodoxam
1172 611 1344 697 religionem
1361 637 1403 682 ese
1459 630 1464 657 ¹

185 717 385 804 probaverit,
410 717 450 780 ad
471 716 652 800 praefatam
667 713 937 779 Heracleotanam
960 714 1126 780 civitatem
1140 714 1229 778 intra
1245 713 1320 779 diem
1332 715 1403 784 Calen-

186 823 297 885 darum
319 819 480 883 Juliarum
508 817 616 882 venire
645 817 805 901 dignetur.
850 815 937 881 Data
958 815 989 881 V
1011 816 1078 882 Cal.
1101 817 1253 882 Januarii
1273 816 1404 884 Consenti·

186 922 310 1007 nopoli,
345 921 499 985 Senatorc
521 943 551 983 v.
576 941 604 984 c.
629 918 769 984 consule.
821 919 966 1002 Accepta
993 919 1096 1003 pridie
1125 921 1203 985 Idus
1230 919 1337 1004 Majas,
1360 921 1405 986 llo

187 1025 291 1088 sentio
313 1046 343 1086 v.
368 1045 395 1087 c.
420 1021 559 1087 consule.

702 1171 885 1275 Epistola
911 1176 944 1256 2.
1012 1230 1016 1237 -

51 1311 136 1361 &⁵¹⁵
149 1305 174 1358 ‘³-
368 1326 549 1394 Anastasii
572 1325 807 1408 imperatoris
828 1324 871 1391 ad
894 1326 1123 1395 Hormisdarn
1147 1346 1283 1411 papam.

63 1380 93 1427 12
104 1373 166 1430 Jan.

223 1470 273 1517 (ier
289 1470 425 1532 pristinam
441 1467 565 1516 silentiam
584 1481 648 1514 auno
666 1467 816 1515 intermittat
835 1466 973 1530 praefatas
990 1463 1027 1528 (m.
1038 1467 1076 1525 1),
1104 1467 1269 1517 Hormisdou
1284 1474 1387 1532 repetet
1411 1465 1467 1530 pili

221 1555 256 1602 od
273 1569 318 1615 ea,
347 1570 412 1617 qaae
430 1557 455 1602 in
473 1552 579 1616 Scythia
596 1558 663 1601 mota
679 1557 739 1600 anat
756 1557 782 1600 et
798 1559 907 1615 propter
925 1567 989 1617 quoe
1008 1553 1138 1603 maenum
1155 1552 1323 1602 celebrandam
1334 1553 1387 1608 aar
1495 1554 1507 1565 “

661 1650 689 1685 re
706 1636 870 1687 mediatorem
884 1636 976 1698 sudat,
1495 1636 1507 1667 t

338 1769 479 1835 Victor
507 1768 768 1850 Anastasius,
802 1769 908 1853 pius,
945 1768 1060 1851 felix,
1096 1769 1281 1853 inclitus,
1315 1768 1410 1835 triun·
1496 1830 1507 1851 ‚

432 1871 591 1955 phetor,
615 1891 768 1953 semper
783 1871 1004 1954 Augustus,
1025 1871 1262 1937 Hormisdae
1281 1868 1412 1936 sanctis·
1498 1862 1507 1957 J

433 1974 529 2037 simo
552 1994 595 2036 ac
616 1972 930 2057 religiosissimo
952 1972 1260 2059 archiepiscopo
1279 1970 1413 2060 etpatri·
1503 1964 1507 1970 ’

436 2074 593 2139 archae.

276 2197 304 2258 1.
339 2193 538 2259 Beatitudini
566 2197 693 2257 vestrae
720 2215 787 2258 non
814 2197 965 2278 putamus
986 2194 1152 2280 ignotum,
1183 2196 1266 2281 quod
1292 2217 1344 2281 pro
1364 2197 1418 2259 aa·
1501 2212 1507 2268 νς

189 2297 275 2383 poris
298 2297 452 2381 qualitate
474 2296 667 2380 loquendum
690 2300 785 2381 atque
800 2296 987 2379 tacendum,
1012 2297 1110 2361 etiam
1132 2297 1259 2362 divinae
1274 2297 1424 2383 Scriptura

188 2400 322 2484 provida
344 2401 393 2462 est
415 2397 632 2462 admonitione
654 2397 854 2482 dispositum.
899 2391 1059 2463 Exactnm
1080 2399 1216 2483 proinde
1237 2400 1353 2465 silentii
1370 2404 1428 2464 ten·

188 2523 248 2586 pus
270 2501 483 2565 incitamenta
508 2499 602 2564 nobis
633 2500 783 2584 loquendi
813 2501 986 2584 concessit,
1021 2503 1116 2586 atque
1144 2501 1216 2566 ideo
1243 2485 1437 2588 opportunum

189 2624 257 2667 esse
279 2602 508 2686 perspeximus,
532 2624 614 2685 quae
637 2603 721 2687 apud
742 2624 801 2666 nos
824 2602 883 2666 sub
904 2601 1071 2687 religionis
1086 2603 1193 2687 specie
1209 2608 1442 2687 commorentur,

189 2705 313 2768 auditui
335 2707 441 2767 vestro
464 2704 673 2770 committere.
712 2705 799 2768 Ante
821 2704 882 2768 hoc
904 2704 1060 2787 siquidem
1074 2704 1196 2769 duritia
1204 2706 1227 2788 ¹)
1250 2726 1370 2791 eorum,
1391 2707 1448 2794 qui·

189 2807 249 2871 bns
271 2806 485 2891 episcopatus,
509 2827 603 2890 quem
625 2829 713 2871 nunc
735 2806 859 2890 geritis,
883 2809 953 2870 erat
974 2806 1154 2871 sollicitudo
1178 2807 1361 2893 commissa,
1382 2814 1455 2875 tem·

190 2930 302 2994 perere
324 2929 383 2971 nos
406 2930 425 2971 a
446 2909 704 2973 transmittendis
727 2907 868 2973 faciebat
890 2907 1043 2993 epistolis.
1078 2908 1175 2975 Nune
1198 2913 1309 2976 autem
1332 2932 1459 2979 currens

189 3012 227 3075 de
255 3010 345 3075 vobis
373 3009 479 3073 suavis
507 3009 615 3093 opinio
643 3011 683 3073 ad
711 3009 898 3074 memoriam
925 3013 1070 3075 nostram
1097 3010 1281 3076 bonitatem
1307 3017 1465 3098 paternae

190 3113 367 3177 affectionis
391 3111 538 3194 adduxit,
562 3115 599 3175 ut
620 3111 676 3175 illa
690 3112 899 3196 requiramus,
923 3134 1004 3197 quae
1018 3111 1106 3177 Deus
1128 3116 1162 3178 et
1179 3112 1333 3180 Salvator
1358 3123 1468 3184 noster

189 3218 317 3279 sanctos
340 3214 501 3299 apostolos
524 3214 632 3278 divino
654 3236 799 3279 sermone
822 3214 928 3278 decrat
951 3235 989 3278 ac
1009 3215 1147 3280 maxime
1170 3215 1306 3281 beatum
1321 3216 1470 3303 Petrum,

188 3317 223 3380 in
245 3338 307 3400 quo
329 3315 552 3380 fortitudinem
575 3315 740 3380 Ecclesiae
764 3338 839 3380 snae
863 3316 1040 3380 constituit.

272 3418 303 3481 2.
328 3416 388 3480 His
405 3418 505 3502 igitur
519 3418 675 3502 praefatis
690 3417 794 3481 initiis
810 3418 985 3500 hortamur,
999 3421 1036 3482 ut
1050 3418 1091 3483 ad
1102 3439 1149 3501 ea,
1163 3441 1248 3503 qnae
1259 3420 1301 3486 de
1315 3422 1486 3510 Scythiae.

188 3520 333 3606 partibus
356 3522 442 3583 mota
465 3522 556 3603 sunt,
587 3519 672 3584 unde
695 3523 728 3583 et
750 3519 920 3584 concilium
942 3519 1011 3583 fieri
1034 3521 1205 3586 convenire
1229 3527 1475 3614 perspeximus,

188 3621 397 3686 mediatorem
420 3643 454 3685 se
476 3622 674 3706 epistolatus
697 3626 802 3686 vester
821 3621 931 3705 faciat,
955 3624 992 3686 ut
1007 3622 1274 3691 contentionibus
1290 3632 1477 3714 amputatis

188 3723 296 3787 unitas
324 3726 454 3787 sanctae
487 3723 677 3788 restituatur
702 3724 878 3788 Ecclesiae.
934 3723 1035 3788 Nobis
1065 3727 1174 3789 autem
1206 3729 1327 3794 omnia
1364 3737 1479 3818 optata

188 3828 406 3910 praestantur,
430 3826 456 3888 si
479 3824 677 3890 orationibus
700 3826 814 3890 vestris
834 3829 866 3890 et
879 3826 1041 3910 frequenti
1056 3826 1255 3912 paginarum
1273 3830 1478 3901 allocutione

189 3928 291 3992 nostri
313 3948 469 3990 memores
491 3927 627 3991 fueritis
664 3927 749 3991 Data
771 3927 873 4012 pridie
896 3928 971 3991 Idus
993 3927 1142 3992 Januarii
1165 3928 1477 4023 Constantinopoli,

189 4032 222 4095 et
244 4032 377 4113 accepta
400 4028 574 4092 Anthemio
597 4032 629 4092 et
650 4028 813 4093 Florentio
835 4029 912 4094 viris
936 4029 1119 4095 clarissimis
1143 4031 1341 4100 consulibus
1360 4037 1394 4104 V
1407 4040 1477 4106 Cal.

191 4131 312 4216 Aprilis
334 4153 392 4215 per
413 4129 601 4195 Patricium.

701 4300 882 4403 Epistola
908 4301 942 4385 3.

49 4444 177 4568 fflrq
234 4453 409 4519 Dorothei
433 4454 588 4537 episcopi
612 4453 937 4520 Thessalonicensis
962 4454 1005 4520 ad
1026 4455 1262 4524 Hormisdam
1286 4479 1438 4547 papam.

224 4595 384 4651 Grotnlntnr,
413 4596 482 4658 qnod
502 4596 666 4657 apostoticam
687 4596 771 4644 aedem
794 4595 930 4658 rependam
952 4596 1093 4658 susceperit
1115 4596 1155 4645 air
1169 4596 1268 4657 fautor
1291 4608 1323 4651 ei
1341 4612 1446 4655 udor
1483 4620 1507 4672 p.

221 4680 303 4740 pecie.
339 4680 378 4728 De
400 4680 563 4727 ecclesiarum
585 4681 681 4728 unitate
708 4686 734 4728 ai
755 4681 868 4743 paudere
895 4681 979 4729 valeat
998 4686 1131 4744 precatur.
1168 4679 1272 4743 Addit,
1301 4694 1334 4737 et
1357 4705 1447 4741 ma

256 4829 276 4893 ²)
295 4826 339 4879 lta
356 4827 400 4879 G1.
436 4827 487 4880 Ed.
507 4833 722 4882 reverendissimis
740 4849 781 4896 ep.
799 4833 874 4898 qaod.

190 4918 205 4965 n
245 4914 262 4977 ¹)
282 4910 345 4964 Non
363 4913 451 4980 igitur
467 4911 526 4965 lata
544 4912 835 4968 excommunicationis
854 4912 1007 4980 sententia,
1031 4912 1197 4968 redderit«
1216 4931 1269 4971 eea
1289 4919 1394 4977 verius
1415 4940 1476 4979 aaa·
