<?xml version="1.0" encoding="UTF-8"?>
<!DOCTYPE html PUBLIC "-//W3C//DTD XHTML 1.0 Transitional//EN"
    "http://www.w3.org/TR/xhtml1/DTD/xhtml1-transitional.dtd">
<html xmlns="http://www.w3.org/1999/xhtml" xml:lang="en" lang="en">
 <head>
  <title>
</title>
<meta http-equiv="Content-Type" content="text/html;charset=utf-8" />
  <meta name='ocr-system' content='tesseract 3.04.00' />
  <meta name='ocr-capabilities' content='ocr_page ocr_carea ocr_par ocr_line ocrx_word'/>
</head>
<body>
  <div class='ocr_page' id='page_1' title='image "./epistolaeromano00thiegoog/epistolaeromano00thiegoog_0866.png"; bbox 0 0 3204 5506; ppageno 0'>
   <div class='ocr_carea' id='block_1_1' title="bbox 600 348 1356 419">
    <p class='ocr_par' dir='ltr' id='par_1_1' title="bbox 600 348 1356 419">
     <span class='ocr_line' id='line_1_1' title="bbox 600 348 1356 419; baseline -0.001 -3"><span class='ocrx_word' id='word_1_1' title='bbox 600 368 770 419; x_wconf 80' lang='lat' dir='ltr'><strong>nrrsrons</strong></span> <span class='ocrx_word' id='word_1_2' title='bbox 795 356 845 417; x_wconf 85' lang='grc'><strong>39.</strong></span> <span class='ocrx_word' id='word_1_3' title='bbox 1295 348 1356 416; x_wconf 79' lang='grc'><strong>817</strong></span> 
     </span>
    </p>
   </div>
   <div class='ocr_carea' id='block_1_2' title="bbox 96 508 1493 2137">
    <p class='ocr_par' dir='ltr' id='par_1_2' title="bbox 96 508 1493 1424">
     <span class='ocr_line' id='line_1_2' title="bbox 96 508 1493 607; baseline -0.006 -19"><span class='ocrx_word' id='word_1_4' title='bbox 96 523 226 606; x_wconf 62' lang='lat' dir='ltr'><strong>trustis,</strong></span> <span class='ocrx_word' id='word_1_5' title='bbox 251 526 284 588; x_wconf 90' lang='lat' dir='ltr'><strong>et</strong></span> <span class='ocrx_word' id='word_1_6' title='bbox 304 521 449 606; x_wconf 88' lang='lat' dir='ltr'><strong>Paulum,</strong></span> <span class='ocrx_word' id='word_1_7' title='bbox 481 523 535 607; x_wconf 90' lang='lat' dir='ltr'><strong>qui</strong></span> <span class='ocrx_word' id='word_1_8' title='bbox 557 526 607 587; x_wconf 90' lang='lat' dir='ltr'><strong>est</strong></span> <span class='ocrx_word' id='word_1_9' title='bbox 628 545 683 586; x_wconf 88' lang='lat' dir='ltr'><strong>vas</strong></span> <span class='ocrx_word' id='word_1_10' title='bbox 706 523 888 604; x_wconf 89' lang='lat' dir='ltr'><strong>electionis,</strong></span> <span class='ocrx_word' id='word_1_11' title='bbox 917 521 972 606; x_wconf 90' lang='lat' dir='ltr'><strong>qui</strong></span> <span class='ocrx_word' id='word_1_12' title='bbox 995 522 1227 586; x_wconf 89' lang='lat' dir='ltr'><strong>circumeuntes</strong></span> <span class='ocrx_word' id='word_1_13' title='bbox 1250 522 1358 585; x_wconf 89' lang='lat' dir='ltr'><strong>orbem</strong></span> <span class='ocrx_word' id='word_1_14' title='bbox 1375 508 1493 595; x_wconf 69' lang='lat' dir='ltr'><strong>(atri.)</strong></span> 
     </span>
     <span class='ocr_line' id='line_1_3' title="bbox 96 623 1361 710; baseline -0.001 -21"><span class='ocrx_word' id='word_1_15' title='bbox 96 646 250 689; x_wconf 78' lang='lat' dir='ltr'><strong>erratum</strong></span> <span class='ocrx_word' id='word_1_16' title='bbox 275 624 552 709; x_wconf 84' lang='lat' dir='ltr'><strong>illuminavenmt;</strong></span> <span class='ocrx_word' id='word_1_17' title='bbox 584 647 661 689; x_wconf 90' lang='lat' dir='ltr'><strong>nam</strong></span> <span class='ocrx_word' id='word_1_18' title='bbox 688 647 809 710; x_wconf 82' lang='lat' dir='ltr'><strong>magna</strong></span> <span class='ocrx_word' id='word_1_19' title='bbox 835 623 968 688; x_wconf 87' lang='lat' dir='ltr'><strong>vulnera</strong></span> <span class='ocrx_word' id='word_1_20' title='bbox 1001 623 1175 708; x_wconf 90' lang='lat' dir='ltr'><strong>majoribus</strong></span> <span class='ocrx_word' id='word_1_21' title='bbox 1210 623 1361 708; x_wconf 88' lang='lat' dir='ltr'><strong>indigent</strong></span> 
     </span>
     <span class='ocr_line' id='line_1_4' title="bbox 96 725 1359 812; baseline -0.001 -22"><span class='ocrx_word' id='word_1_22' title='bbox 96 726 295 812; x_wconf 69' lang='lat' dir='ltr'><strong>adjumentis.</strong></span> <span class='ocrx_word' id='word_1_23' title='bbox 332 726 523 791; x_wconf 89' lang='lat' dir='ltr'><strong>Mercenarii</strong></span> <span class='ocrx_word' id='word_1_24' title='bbox 545 727 690 791; x_wconf 81' lang='lat' dir='ltr'><strong>ridentes</strong></span> <span class='ocrx_word' id='word_1_25' title='bbox 711 726 802 810; x_wconf 90' lang='lat' dir='ltr'><strong>lupos</strong></span> <span class='ocrx_word' id='word_1_26' title='bbox 818 726 984 791; x_wconf 87' lang='lat' dir='ltr'><strong>venientes</strong></span> <span class='ocrx_word' id='word_1_27' title='bbox 999 725 1148 790; x_wconf 83' lang='lat' dir='ltr'><strong>adversus</strong></span> <span class='ocrx_word' id='word_1_28' title='bbox 1164 748 1239 790; x_wconf 89' lang='lat' dir='ltr'><strong>oves</strong></span> <span class='ocrx_word' id='word_1_29' title='bbox 1254 725 1359 789; x_wconf 90' lang='lat' dir='ltr'><strong>dimit-</strong></span> 
     </span>
     <span class='ocr_line' id='line_1_5' title="bbox 96 828 1360 913; baseline 0 -21"><span class='ocrx_word' id='word_1_30' title='bbox 96 831 165 892; x_wconf 88' lang='lat' dir='ltr'><strong>unt</strong></span> <span class='ocrx_word' id='word_1_31' title='bbox 187 850 242 893; x_wconf 87' lang='lat' dir='ltr'><strong>eas</strong></span> <span class='ocrx_word' id='word_1_32' title='bbox 264 829 411 913; x_wconf 89' lang='lat' dir='ltr'><strong>dissipari</strong></span> <span class='ocrx_word' id='word_1_33' title='bbox 434 829 476 892; x_wconf 90' lang='lat' dir='ltr'><strong>ab</strong></span> <span class='ocrx_word' id='word_1_34' title='bbox 497 829 578 913; x_wconf 78' lang='lat' dir='ltr'><strong>illis3</strong></span> <span class='ocrx_word' id='word_1_35' title='bbox 606 828 696 893; x_wconf 84' lang='lat' dir='ltr'><strong>vobis</strong></span> <span class='ocrx_word' id='word_1_36' title='bbox 719 832 827 892; x_wconf 88' lang='lat' dir='ltr'><strong>autem</strong></span> <span class='ocrx_word' id='word_1_37' title='bbox 849 830 931 893; x_wconf 87' lang='lat' dir='ltr'><strong>veris</strong></span> <span class='ocrx_word' id='word_1_38' title='bbox 959 829 1141 913; x_wconf 69' lang='lat' dir='ltr'><strong>pastoribus</strong></span> <span class='ocrx_word' id='word_1_39' title='bbox 1170 831 1202 892; x_wconf 94' lang='lat' dir='ltr'><strong>et</strong></span> <span class='ocrx_word' id='word_1_40' title='bbox 1224 828 1360 892; x_wconf 91' lang='lat' dir='ltr'><strong>doctori·</strong></span> 
     </span>
     <span class='ocr_line' id='line_1_6' title="bbox 96 930 1360 1015; baseline 0 -22"><span class='ocrx_word' id='word_1_41' title='bbox 96 951 159 1014; x_wconf 68' lang='lat' dir='ltr'><strong>tus,</strong></span> <span class='ocrx_word' id='word_1_42' title='bbox 183 931 298 1015; x_wconf 86' lang='lat' dir='ltr'><strong>quibus</strong></span> <span class='ocrx_word' id='word_1_43' title='bbox 322 952 397 996; x_wconf 87' lang='lat' dir='ltr'><strong>cura</strong></span> <span class='ocrx_word' id='word_1_44' title='bbox 418 952 477 1015; x_wconf 93' lang='lat' dir='ltr'><strong>pro</strong></span> <span class='ocrx_word' id='word_1_45' title='bbox 499 930 601 995; x_wconf 89' lang='lat' dir='ltr'><strong>salute</strong></span> <span class='ocrx_word' id='word_1_46' title='bbox 623 931 729 995; x_wconf 83' lang='lat' dir='ltr'><strong>orium</strong></span> <span class='ocrx_word' id='word_1_47' title='bbox 752 931 920 995; x_wconf 90' lang='lat' dir='ltr'><strong>commissa</strong></span> <span class='ocrx_word' id='word_1_48' title='bbox 942 934 1001 1014; x_wconf 90' lang='lat' dir='ltr'><strong>est,</strong></span> <span class='ocrx_word' id='word_1_49' title='bbox 1029 930 1169 995; x_wconf 88' lang='lat' dir='ltr'><strong>occurrit</strong></span> <span class='ocrx_word' id='word_1_50' title='bbox 1190 931 1259 1014; x_wconf 86' lang='lat' dir='ltr'><strong>ipse</strong></span> <span class='ocrx_word' id='word_1_51' title='bbox 1281 951 1360 1015; x_wconf 81' lang='lat' dir='ltr'><strong>grex</strong></span> 
     </span>
     <span class='ocr_line' id='line_1_7' title="bbox 96 1031 1361 1119; baseline 0 -23"><span class='ocrx_word' id='word_1_52' title='bbox 96 1052 284 1117; x_wconf 74' lang='lat' dir='ltr'><strong>agnoscere</strong></span> <span class='ocrx_word' id='word_1_53' title='bbox 293 1032 331 1119; x_wconf 87' lang='lat'><strong>¹²)</strong></span> <span class='ocrx_word' id='word_1_54' title='bbox 359 1055 450 1097; x_wconf 89' lang='lat' dir='ltr'><strong>suum</strong></span> <span class='ocrx_word' id='word_1_55' title='bbox 478 1036 655 1117; x_wconf 74' lang='lat' dir='ltr'><strong>pastorem,</strong></span> <span class='ocrx_word' id='word_1_56' title='bbox 691 1034 731 1096; x_wconf 90' lang='lat' dir='ltr'><strong>ab</strong></span> <span class='ocrx_word' id='word_1_57' title='bbox 757 1033 980 1098; x_wconf 80' lang='lat' dir='ltr'><strong>immitissimis</strong></span> <span class='ocrx_word' id='word_1_58' title='bbox 1006 1033 1119 1098; x_wconf 89' lang='lat' dir='ltr'><strong>bestiis</strong></span> <span class='ocrx_word' id='word_1_59' title='bbox 1147 1031 1300 1096; x_wconf 87' lang='lat' dir='ltr'><strong>liberatus</strong></span> <span class='ocrx_word' id='word_1_60' title='bbox 1328 1036 1361 1096; x_wconf 93' lang='lat' dir='ltr'><strong>et</strong></span> 
     </span>
     <span class='ocr_line' id='line_1_8' title="bbox 96 1121 1485 1244; baseline -0.001 -46"><span class='ocrx_word' id='word_1_61' title='bbox 96 1154 200 1199; x_wconf 74' lang='lat' dir='ltr'><strong>&#39;ocem</strong></span> <span class='ocrx_word' id='word_1_62' title='bbox 223 1156 357 1218; x_wconf 89' lang='lat' dir='ltr'><strong>sequens</strong></span> <span class='ocrx_word' id='word_1_63' title='bbox 380 1135 529 1220; x_wconf 90' lang='lat' dir='ltr'><strong>pastoris,</strong></span> <span class='ocrx_word' id='word_1_64' title='bbox 552 1135 635 1199; x_wconf 89' lang='lat' dir='ltr'><strong>sicut</strong></span> <span class='ocrx_word' id='word_1_65' title='bbox 657 1135 813 1199; x_wconf 88' lang='lat' dir='ltr'><strong>Dominus</strong></span> <span class='ocrx_word' id='word_1_66' title='bbox 837 1136 898 1200; x_wconf 88' lang='lat' dir='ltr'><strong>ait:</strong></span> <span class='ocrx_word' id='word_1_67' title='bbox 931 1139 1004 1200; x_wconf 82' lang='lat' dir='ltr'><strong>Oves</strong></span> <span class='ocrx_word' id='word_1_68' title='bbox 1030 1157 1113 1200; x_wconf 86' lang='lat' dir='ltr'><strong>meac</strong></span> <span class='ocrx_word' id='word_1_69' title='bbox 1142 1157 1242 1200; x_wconf 84' lang='lat' dir='ltr'><strong>vocem</strong></span> <span class='ocrx_word' id='word_1_70' title='bbox 1264 1157 1359 1199; x_wconf 83' lang='lat' dir='ltr'><strong>meam</strong></span> <span class='ocrx_word' id='word_1_71' title='bbox 1372 1121 1485 1244; x_wconf 42' lang='lat' dir='ltr'><strong>³3⁰2}st</strong></span> 
     </span>
     <span class='ocr_line' id='line_1_9' title="bbox 96 1233 1482 1322; baseline 0.001 -23"><span class='ocrx_word' id='word_1_72' title='bbox 96 1243 239 1316; x_wconf 77' lang='lat' dir='ltr'><strong>rudiunt,</strong></span> <span class='ocrx_word' id='word_1_73' title='bbox 263 1250 625 1317; x_wconf 61' lang='lat' dir='ltr'><strong>cneocaesaream,</strong></span> <span class='ocrx_word' id='word_1_74' title='bbox 650 1248 867 1318; x_wconf 79' lang='lat' dir='ltr'><strong>etseqaunlur</strong></span> <span class='ocrx_word' id='word_1_75' title='bbox 887 1259 942 1302; x_wconf 86' lang='lat' dir='ltr'><strong>me.</strong></span> <span class='ocrx_word' id='word_1_76' title='bbox 979 1236 1054 1301; x_wconf 90' lang='lat' dir='ltr'><strong>Non</strong></span> <span class='ocrx_word' id='word_1_77' title='bbox 1077 1259 1154 1322; x_wconf 82' lang='lat' dir='ltr'><strong>ergo</strong></span> <span class='ocrx_word' id='word_1_78' title='bbox 1176 1237 1359 1321; x_wconf 81' lang='lat' dir='ltr'><strong>despiciatis</strong></span> <span class='ocrx_word' id='word_1_79' title='bbox 1476 1233 1482 1244; x_wconf 84' lang='grc'><strong>’</strong></span> 
     </span>
     <span class='ocr_line' id='line_1_10' title="bbox 96 1338 1236 1424; baseline 0.001 -22"><span class='ocrx_word' id='word_1_80' title='bbox 96 1359 163 1423; x_wconf 79' lang='lat' dir='ltr'><strong>ros,</strong></span> <span class='ocrx_word' id='word_1_81' title='bbox 188 1339 401 1421; x_wconf 80' lang='lat' dir='ltr'><strong>sanctissimi,</strong></span> <span class='ocrx_word' id='word_1_82' title='bbox 425 1340 479 1423; x_wconf 89' lang='lat' dir='ltr'><strong>qui</strong></span> <span class='ocrx_word' id='word_1_83' title='bbox 502 1362 522 1403; x_wconf 89' lang='lat' dir='ltr'><strong>a</strong></span> <span class='ocrx_word' id='word_1_84' title='bbox 543 1338 655 1403; x_wconf 90' lang='lat' dir='ltr'><strong>bestiis</strong></span> <span class='ocrx_word' id='word_1_85' title='bbox 676 1339 836 1404; x_wconf 88' lang='lat' dir='ltr'><strong>ferocibus</strong></span> <span class='ocrx_word' id='word_1_86' title='bbox 858 1339 1000 1424; x_wconf 82' lang='lat' dir='ltr'><strong>quotidie</strong></span> <span class='ocrx_word' id='word_1_87' title='bbox 1022 1338 1236 1403; x_wconf 80' lang='lat' dir='ltr'><strong>vulneramur.</strong></span> 
     </span>
    </p>

    <p class='ocr_par' dir='ltr' id='par_1_3' title="bbox 96 1441 1359 2137">
     <span class='ocr_line' id='line_1_11' title="bbox 173 1441 1358 1526; baseline -0.001 -21"><span class='ocrx_word' id='word_1_88' title='bbox 173 1441 206 1505; x_wconf 88' lang='lat'><strong>5.</strong></span> <span class='ocrx_word' id='word_1_89' title='bbox 243 1441 296 1504; x_wconf 86' lang='lat' dir='ltr'><strong>Ad</strong></span> <span class='ocrx_word' id='word_1_90' title='bbox 317 1441 495 1524; x_wconf 77' lang='lat' dir='ltr'><strong>perfectam</strong></span> <span class='ocrx_word' id='word_1_91' title='bbox 517 1445 624 1506; x_wconf 89' lang='lat' dir='ltr'><strong>autem</strong></span> <span class='ocrx_word' id='word_1_92' title='bbox 652 1442 801 1506; x_wconf 79' lang='lat' dir='ltr'><strong>notitiam</strong></span> <span class='ocrx_word' id='word_1_93' title='bbox 828 1442 926 1507; x_wconf 80' lang='lat' dir='ltr'><strong>vestri</strong></span> <span class='ocrx_word' id='word_1_94' title='bbox 955 1441 1058 1506; x_wconf 87' lang='lat' dir='ltr'><strong>sancti</strong></span> <span class='ocrx_word' id='word_1_95' title='bbox 1088 1441 1196 1526; x_wconf 85' lang='lat' dir='ltr'><strong>angeli</strong></span> <span class='ocrx_word' id='word_1_96' title='bbox 1227 1441 1358 1505; x_wconf 88' lang='lat' dir='ltr'><strong>anathe-</strong></span> 
     </span>
     <span class='ocr_line' id='line_1_12' title="bbox 96 1541 1357 1628; baseline 0 -22"><span class='ocrx_word' id='word_1_97' title='bbox 96 1541 280 1607; x_wconf 80' lang='lat' dir='ltr'><strong>matizamus</strong></span> <span class='ocrx_word' id='word_1_98' title='bbox 302 1543 336 1606; x_wconf 94' lang='lat' dir='ltr'><strong>in</strong></span> <span class='ocrx_word' id='word_1_99' title='bbox 359 1543 470 1608; x_wconf 86' lang='lat' dir='ltr'><strong>eadem</strong></span> <span class='ocrx_word' id='word_1_100' title='bbox 491 1547 602 1608; x_wconf 89' lang='lat' dir='ltr'><strong>nostra</strong></span> <span class='ocrx_word' id='word_1_101' title='bbox 625 1544 850 1628; x_wconf 86' lang='lat' dir='ltr'><strong>deprecatione</strong></span> <span class='ocrx_word' id='word_1_102' title='bbox 872 1545 1024 1608; x_wconf 87' lang='lat' dir='ltr'><strong>virtutem</strong></span> <span class='ocrx_word' id='word_1_103' title='bbox 1049 1542 1189 1607; x_wconf 89' lang='lat' dir='ltr'><strong>habente</strong></span> <span class='ocrx_word' id='word_1_104' title='bbox 1210 1542 1357 1628; x_wconf 82' lang='lat' dir='ltr'><strong>libelli¹³)</strong></span> 
     </span>
     <span class='ocr_line' id='line_1_13' title="bbox 96 1644 1359 1729; baseline 0.002 -22"><span class='ocrx_word' id='word_1_105' title='bbox 96 1665 201 1708; x_wconf 71' lang='lat' dir='ltr'><strong>»mnes</strong></span> <span class='ocrx_word' id='word_1_106' title='bbox 223 1645 382 1729; x_wconf 89' lang='lat' dir='ltr'><strong>projectos</strong></span> <span class='ocrx_word' id='word_1_107' title='bbox 405 1649 438 1710; x_wconf 90' lang='lat' dir='ltr'><strong>et</strong></span> <span class='ocrx_word' id='word_1_108' title='bbox 459 1646 747 1711; x_wconf 83' lang='lat' dir='ltr'><strong>excommunicatos</strong></span> <span class='ocrx_word' id='word_1_109' title='bbox 775 1670 793 1710; x_wconf 93' lang='lat' dir='ltr'><strong>a</strong></span> <span class='ocrx_word' id='word_1_110' title='bbox 815 1649 922 1710; x_wconf 83' lang='lat' dir='ltr'><strong>restra</strong></span> <span class='ocrx_word' id='word_1_111' title='bbox 944 1645 1120 1728; x_wconf 88' lang='lat' dir='ltr'><strong>apostolica</strong></span> <span class='ocrx_word' id='word_1_112' title='bbox 1143 1645 1227 1710; x_wconf 89' lang='lat' dir='ltr'><strong>sede.</strong></span> <span class='ocrx_word' id='word_1_113' title='bbox 1272 1644 1359 1710; x_wconf 90' lang='lat' dir='ltr'><strong>Dici-</strong></span> 
     </span>
     <span class='ocr_line' id='line_1_14' title="bbox 96 1746 1358 1843; baseline 0.002 -33"><span class='ocrx_word' id='word_1_114' title='bbox 96 1768 160 1810; x_wconf 90' lang='lat' dir='ltr'><strong>nus</strong></span> <span class='ocrx_word' id='word_1_115' title='bbox 183 1750 290 1811; x_wconf 89' lang='lat' dir='ltr'><strong>autem</strong></span> <span class='ocrx_word' id='word_1_116' title='bbox 311 1746 507 1830; x_wconf 89' lang='lat' dir='ltr'><strong>Nestorium,</strong></span> <span class='ocrx_word' id='word_1_117' title='bbox 531 1748 586 1832; x_wconf 91' lang='lat' dir='ltr'><strong>qui</strong></span> <span class='ocrx_word' id='word_1_118' title='bbox 607 1747 670 1812; x_wconf 87' lang='lat' dir='ltr'><strong>fuit</strong></span> <span class='ocrx_word' id='word_1_119' title='bbox 693 1746 1071 1831; x_wconf 78' lang='lat' dir='ltr'><strong>constantinopolitanus</strong></span> <span class='ocrx_word' id='word_1_120' title='bbox 1094 1746 1271 1843; x_wconf 83' lang='lat' dir='ltr'><strong>episcopus,</strong></span> <span class='ocrx_word' id='word_1_121' title='bbox 1295 1747 1358 1811; x_wconf 82' lang='lat' dir='ltr'><strong>Eu-</strong></span> 
     </span>
     <span class='ocr_line' id='line_1_15' title="bbox 96 1848 1359 1933; baseline 0.001 -21"><span class='ocrx_word' id='word_1_122' title='bbox 96 1848 227 1932; x_wconf 76' lang='lat' dir='ltr'><strong>ychen,</strong></span> <span class='ocrx_word' id='word_1_123' title='bbox 249 1848 439 1914; x_wconf 89' lang='lat' dir='ltr'><strong>Dioscorum</strong></span> <span class='ocrx_word' id='word_1_124' title='bbox 462 1854 495 1914; x_wconf 88' lang='lat' dir='ltr'><strong>et</strong></span> <span class='ocrx_word' id='word_1_125' title='bbox 515 1850 647 1914; x_wconf 89' lang='lat' dir='ltr'><strong>Petrum</strong></span> <span class='ocrx_word' id='word_1_126' title='bbox 669 1850 939 1932; x_wconf 85' lang='lat' dir='ltr'><strong>Alexandrinum,</strong></span> <span class='ocrx_word' id='word_1_127' title='bbox 964 1849 1018 1933; x_wconf 91' lang='lat' dir='ltr'><strong>qui</strong></span> <span class='ocrx_word' id='word_1_128' title='bbox 1041 1849 1287 1933; x_wconf 88' lang='lat' dir='ltr'><strong>cognominatus</strong></span> <span class='ocrx_word' id='word_1_129' title='bbox 1310 1854 1359 1913; x_wconf 89' lang='lat' dir='ltr'><strong>est</strong></span> 
     </span>
     <span class='ocr_line' id='line_1_16' title="bbox 96 1948 1358 2036; baseline 0.001 -23"><span class='ocrx_word' id='word_1_130' title='bbox 96 1948 270 2036; x_wconf 62' lang='lat' dir='ltr'><strong>salbusss),</strong></span> <span class='ocrx_word' id='word_1_131' title='bbox 294 1955 327 2015; x_wconf 93' lang='lat' dir='ltr'><strong>et</strong></span> <span class='ocrx_word' id='word_1_132' title='bbox 341 1949 482 2036; x_wconf 87' lang='lat' dir='ltr'><strong>Petrum,</strong></span> <span class='ocrx_word' id='word_1_133' title='bbox 506 1952 561 2036; x_wconf 91' lang='lat' dir='ltr'><strong>qui</strong></span> <span class='ocrx_word' id='word_1_134' title='bbox 576 1952 741 2016; x_wconf 88' lang='lat' dir='ltr'><strong>dicebatur</strong></span> <span class='ocrx_word' id='word_1_135' title='bbox 755 1950 857 2035; x_wconf 87' lang='lat' dir='ltr'><strong>Fu110,</strong></span> <span class='ocrx_word' id='word_1_136' title='bbox 877 1951 1126 2034; x_wconf 73' lang='lat' dir='ltr'><strong>Antiocheam,</strong></span> <span class='ocrx_word' id='word_1_137' title='bbox 1150 1950 1358 2015; x_wconf 84' lang='lat' dir='ltr'><strong>nihilominus</strong></span> 
     </span>
     <span class='ocr_line' id='line_1_17' title="bbox 96 2052 1358 2137; baseline 0.002 -22"><span class='ocrx_word' id='word_1_138' title='bbox 96 2052 309 2136; x_wconf 71' lang='lat' dir='ltr'><strong>rtAcacium,</strong></span> <span class='ocrx_word' id='word_1_139' title='bbox 333 2054 388 2137; x_wconf 90' lang='lat' dir='ltr'><strong>qui</strong></span> <span class='ocrx_word' id='word_1_140' title='bbox 409 2054 473 2117; x_wconf 88' lang='lat' dir='ltr'><strong>fuit</strong></span> <span class='ocrx_word' id='word_1_141' title='bbox 488 2053 865 2137; x_wconf 78' lang='lat' dir='ltr'><strong>Constantinopolitanae</strong></span> <span class='ocrx_word' id='word_1_142' title='bbox 888 2054 1065 2137; x_wconf 90' lang='lat' dir='ltr'><strong>episcopus,</strong></span> <span class='ocrx_word' id='word_1_143' title='bbox 1090 2074 1198 2117; x_wconf 91' lang='lat' dir='ltr'><strong>eorum</strong></span> <span class='ocrx_word' id='word_1_144' title='bbox 1221 2075 1358 2118; x_wconf 89' lang='lat' dir='ltr'><strong>commu·</strong></span> 
     </span>
    </p>
   </div>
   <div class='ocr_carea' id='block_1_3' title="bbox 96 2154 1287 2240">
    <p class='ocr_par' dir='ltr' id='par_1_4' title="bbox 96 2154 1287 2240">
     <span class='ocr_line' id='line_1_18' title="bbox 96 2154 1287 2240; baseline 0.002 -23"><span class='ocrx_word' id='word_1_145' title='bbox 96 2154 278 2238; x_wconf 77' lang='lat' dir='ltr'><strong>nicatorem,</strong></span> <span class='ocrx_word' id='word_1_146' title='bbox 302 2159 335 2219; x_wconf 90' lang='lat' dir='ltr'><strong>et</strong></span> <span class='ocrx_word' id='word_1_147' title='bbox 356 2177 477 2240; x_wconf 90' lang='lat' dir='ltr'><strong>omnes,</strong></span> <span class='ocrx_word' id='word_1_148' title='bbox 500 2156 555 2240; x_wconf 90' lang='lat' dir='ltr'><strong>qui</strong></span> <span class='ocrx_word' id='word_1_149' title='bbox 576 2179 677 2219; x_wconf 91' lang='lat' dir='ltr'><strong>unum</strong></span> <span class='ocrx_word' id='word_1_150' title='bbox 697 2156 825 2220; x_wconf 90' lang='lat' dir='ltr'><strong>illorum</strong></span> <span class='ocrx_word' id='word_1_151' title='bbox 845 2155 1079 2220; x_wconf 88' lang='lat' dir='ltr'><strong>haeretieorum</strong></span> <span class='ocrx_word' id='word_1_152' title='bbox 1100 2154 1287 2219; x_wconf 87' lang='lat' dir='ltr'><strong>defendunt.</strong></span> 
     </span>
    </p>
   </div>
   <div class='ocr_carea' id='block_1_4' title="bbox 514 2301 877 2391">
    <p class='ocr_par' dir='ltr' id='par_1_5' title="bbox 514 2301 877 2391">
     <span class='ocr_line' id='line_1_19' title="bbox 514 2301 877 2391; baseline 0 -17"><span class='ocrx_word' id='word_1_153' title='bbox 514 2301 519 2311; x_wconf 79' lang='grc'><strong>’</strong></span> <span class='ocrx_word' id='word_1_154' title='bbox 568 2315 608 2375; x_wconf 81' lang='lat' dir='ltr'><strong>st</strong></span> <span class='ocrx_word' id='word_1_155' title='bbox 629 2313 877 2391; x_wconf 78' lang='lat' dir='ltr'><strong>subscriptiones.</strong></span> 
     </span>
    </p>
   </div>
   <div class='ocr_carea' id='block_1_5' title="bbox 96 2426 1450 4148">
    <p class='ocr_par' dir='ltr' id='par_1_6' title="bbox 96 2426 1450 3939">
     <span class='ocr_line' id='line_1_20' title="bbox 176 2426 1450 2513; baseline -0.001 -21"><span class='ocrx_word' id='word_1_156' title='bbox 176 2426 206 2491; x_wconf 90' lang='grc'><strong>6.</strong></span> <span class='ocrx_word' id='word_1_157' title='bbox 244 2426 315 2513; x_wconf 81' lang='lat' dir='ltr'><strong>Ego</strong></span> <span class='ocrx_word' id='word_1_158' title='bbox 338 2428 522 2492; x_wconf 80' lang='lat' dir='ltr'><strong>Alexander</strong></span> <span class='ocrx_word' id='word_1_159' title='bbox 542 2428 758 2492; x_wconf 87' lang='lat' dir='ltr'><strong>misericordia</strong></span> <span class='ocrx_word' id='word_1_160' title='bbox 780 2428 841 2492; x_wconf 91' lang='lat' dir='ltr'><strong>Dei</strong></span> <span class='ocrx_word' id='word_1_161' title='bbox 862 2428 1031 2512; x_wconf 88' lang='lat' dir='ltr'><strong>presbyter</strong></span> <span class='ocrx_word' id='word_1_162' title='bbox 1052 2430 1084 2492; x_wconf 93' lang='lat' dir='ltr'><strong>et</strong></span> <span class='ocrx_word' id='word_1_163' title='bbox 1106 2427 1358 2492; x_wconf 88' lang='lat' dir='ltr'><strong>archimandrita</strong></span> <span class='ocrx_word' id='word_1_164' title='bbox 1445 2469 1450 2478; x_wconf 46' lang='grc' dir='ltr'><em>ι</em></span> 
     </span>
     <span class='ocr_line' id='line_1_21' title="bbox 96 2527 1358 2615; baseline -0.001 -22"><span class='ocrx_word' id='word_1_165' title='bbox 96 2528 196 2593; x_wconf 78' lang='lat' dir='ltr'><strong>sancti</strong></span> <span class='ocrx_word' id='word_1_166' title='bbox 218 2527 360 2595; x_wconf 88' lang='lat' dir='ltr'><strong>Maronis</strong></span> <span class='ocrx_word' id='word_1_167' title='bbox 383 2531 570 2614; x_wconf 87' lang='lat' dir='ltr'><strong>deprecatus</strong></span> <span class='ocrx_word' id='word_1_168' title='bbox 592 2553 672 2594; x_wconf 89' lang='lat' dir='ltr'><strong>sum.</strong></span> <span class='ocrx_word' id='word_1_169' title='bbox 718 2529 845 2595; x_wconf 83' lang='lat' dir='ltr'><strong>Simeon</strong></span> <span class='ocrx_word' id='word_1_170' title='bbox 869 2530 1093 2615; x_wconf 81' lang='lat' dir='ltr'><strong>misericordia¹</strong></span> <span class='ocrx_word' id='word_1_171' title='bbox 1108 2528 1168 2592; x_wconf 90' lang='lat' dir='ltr'><strong>Dei</strong></span> <span class='ocrx_word' id='word_1_172' title='bbox 1191 2530 1358 2614; x_wconf 80' lang='lat' dir='ltr'><strong>presbyter</strong></span> 
     </span>
     <span class='ocr_line' id='line_1_22' title="bbox 96 2629 1359 2716; baseline 0 -22"><span class='ocrx_word' id='word_1_173' title='bbox 96 2633 125 2695; x_wconf 70' lang='lat' dir='ltr'><strong>et</strong></span> <span class='ocrx_word' id='word_1_174' title='bbox 146 2629 398 2697; x_wconf 87' lang='lat' dir='ltr'><strong>archimandrita</strong></span> <span class='ocrx_word' id='word_1_175' title='bbox 419 2637 456 2696; x_wconf 91' lang='lat' dir='ltr'><strong>ut</strong></span> <span class='ocrx_word' id='word_1_176' title='bbox 478 2654 583 2716; x_wconf 90' lang='lat' dir='ltr'><strong>supra.</strong></span> <span class='ocrx_word' id='word_1_177' title='bbox 638 2632 804 2697; x_wconf 87' lang='lat' dir='ltr'><strong>Johannes</strong></span> <span class='ocrx_word' id='word_1_178' title='bbox 832 2632 1055 2697; x_wconf 88' lang='lat' dir='ltr'><strong>misericordia.</strong></span> <span class='ocrx_word' id='word_1_179' title='bbox 1069 2631 1130 2694; x_wconf 89' lang='lat' dir='ltr'><strong>Dei</strong></span> <span class='ocrx_word' id='word_1_180' title='bbox 1152 2631 1303 2697; x_wconf 70' lang='lat' dir='ltr'><strong>diacoma</strong></span> <span class='ocrx_word' id='word_1_181' title='bbox 1326 2635 1359 2695; x_wconf 90' lang='lat' dir='ltr'><strong>ct</strong></span> 
     </span>
     <span class='ocr_line' id='line_1_23' title="bbox 96 2722 1358 2819; baseline 0 -23"><span class='ocrx_word' id='word_1_182' title='bbox 96 2732 294 2816; x_wconf 85' lang='lat' dir='ltr'><strong>lispensator</strong></span> <span class='ocrx_word' id='word_1_183' title='bbox 320 2737 484 2819; x_wconf 88' lang='lat' dir='ltr'><strong>utsupra.</strong></span> <span class='ocrx_word' id='word_1_184' title='bbox 539 2734 711 2819; x_wconf 87' lang='lat' dir='ltr'><strong>Procopius</strong></span> <span class='ocrx_word' id='word_1_185' title='bbox 740 2722 956 2799; x_wconf 86' lang='lat' dir='ltr'><strong>misericordia</strong></span> <span class='ocrx_word' id='word_1_186' title='bbox 977 2733 1038 2798; x_wconf 90' lang='lat' dir='ltr'><strong>Dei</strong></span> <span class='ocrx_word' id='word_1_187' title='bbox 1060 2733 1228 2817; x_wconf 88' lang='lat' dir='ltr'><strong>presbyter</strong></span> <span class='ocrx_word' id='word_1_188' title='bbox 1255 2737 1288 2797; x_wconf 93' lang='lat' dir='ltr'><strong>et</strong></span> <span class='ocrx_word' id='word_1_189' title='bbox 1310 2755 1358 2797; x_wconf 90' lang='lat' dir='ltr'><strong>ar·</strong></span> 
     </span>
     <span class='ocr_line' id='line_1_24' title="bbox 96 2833 1356 2921; baseline 0 -23"><span class='ocrx_word' id='word_1_190' title='bbox 96 2833 307 2899; x_wconf 74' lang='lat' dir='ltr'><strong>zhimandrita</strong></span> <span class='ocrx_word' id='word_1_191' title='bbox 328 2838 365 2899; x_wconf 89' lang='lat' dir='ltr'><strong>ut</strong></span> <span class='ocrx_word' id='word_1_192' title='bbox 386 2859 493 2920; x_wconf 89' lang='lat' dir='ltr'><strong>supra.</strong></span> <span class='ocrx_word' id='word_1_193' title='bbox 548 2836 661 2900; x_wconf 91' lang='lat' dir='ltr'><strong>Petrus</strong></span> <span class='ocrx_word' id='word_1_194' title='bbox 684 2836 900 2900; x_wconf 87' lang='lat' dir='ltr'><strong>misericordia</strong></span> <span class='ocrx_word' id='word_1_195' title='bbox 921 2835 981 2900; x_wconf 89' lang='lat' dir='ltr'><strong>Dei</strong></span> <span class='ocrx_word' id='word_1_196' title='bbox 1003 2837 1170 2921; x_wconf 88' lang='lat' dir='ltr'><strong>presbyter</strong></span> <span class='ocrx_word' id='word_1_197' title='bbox 1192 2839 1228 2898; x_wconf 93' lang='lat' dir='ltr'><strong>ut</strong></span> <span class='ocrx_word' id='word_1_198' title='bbox 1251 2857 1356 2918; x_wconf 88' lang='lat' dir='ltr'><strong>supra.</strong></span> 
     </span>
     <span class='ocr_line' id='line_1_25' title="bbox 96 2936 1358 3023; baseline -0.001 -22"><span class='ocrx_word' id='word_1_199' title='bbox 96 2936 258 3023; x_wconf 72' lang='lat' dir='ltr'><strong>Eugenius</strong></span> <span class='ocrx_word' id='word_1_200' title='bbox 280 2938 497 3003; x_wconf 90' lang='lat' dir='ltr'><strong>misericordia</strong></span> <span class='ocrx_word' id='word_1_201' title='bbox 518 2938 579 3002; x_wconf 91' lang='lat' dir='ltr'><strong>Dei</strong></span> <span class='ocrx_word' id='word_1_202' title='bbox 602 2938 768 3023; x_wconf 88' lang='lat' dir='ltr'><strong>presbyter</strong></span> <span class='ocrx_word' id='word_1_203' title='bbox 790 2942 952 3022; x_wconf 92' lang='lat' dir='ltr'><strong>utsupra.</strong></span> <span class='ocrx_word' id='word_1_204' title='bbox 1009 2937 1160 3002; x_wconf 86' lang='lat' dir='ltr'><strong>Geladius</strong></span> <span class='ocrx_word' id='word_1_205' title='bbox 1181 2937 1358 3001; x_wconf 90' lang='lat' dir='ltr'><strong>misericor-</strong></span> 
     </span>
     <span class='ocr_line' id='line_1_26' title="bbox 96 3038 1358 3125; baseline -0.002 -21"><span class='ocrx_word' id='word_1_206' title='bbox 96 3039 144 3104; x_wconf 90' lang='lat' dir='ltr'><strong>lia</strong></span> <span class='ocrx_word' id='word_1_207' title='bbox 166 3038 227 3103; x_wconf 91' lang='lat' dir='ltr'><strong>Dei</strong></span> <span class='ocrx_word' id='word_1_208' title='bbox 249 3041 416 3125; x_wconf 88' lang='lat' dir='ltr'><strong>presbyter</strong></span> <span class='ocrx_word' id='word_1_209' title='bbox 437 3045 474 3104; x_wconf 94' lang='lat' dir='ltr'><strong>ut</strong></span> <span class='ocrx_word' id='word_1_210' title='bbox 496 3063 602 3124; x_wconf 89' lang='lat' dir='ltr'><strong>supra.</strong></span> <span class='ocrx_word' id='word_1_211' title='bbox 662 3038 780 3104; x_wconf 86' lang='lat' dir='ltr'><strong>Bassus</strong></span> <span class='ocrx_word' id='word_1_212' title='bbox 807 3040 1025 3104; x_wconf 86' lang='lat' dir='ltr'><strong>misericordia</strong></span> <span class='ocrx_word' id='word_1_213' title='bbox 1046 3038 1107 3102; x_wconf 89' lang='lat' dir='ltr'><strong>Dei</strong></span> <span class='ocrx_word' id='word_1_214' title='bbox 1129 3039 1296 3122; x_wconf 85' lang='lat' dir='ltr'><strong>presbyter</strong></span> <span class='ocrx_word' id='word_1_215' title='bbox 1322 3042 1358 3101; x_wconf 92' lang='lat' dir='ltr'><strong>ut</strong></span> 
     </span>
     <span class='ocr_line' id='line_1_27' title="bbox 96 3139 1357 3229; baseline -0.002 -23"><span class='ocrx_word' id='word_1_216' title='bbox 96 3162 198 3229; x_wconf 79' lang='lat' dir='ltr'><strong>supra.</strong></span> <span class='ocrx_word' id='word_1_217' title='bbox 257 3141 411 3207; x_wconf 87' lang='lat' dir='ltr'><strong>Romulus</strong></span> <span class='ocrx_word' id='word_1_218' title='bbox 440 3142 656 3207; x_wconf 87' lang='lat' dir='ltr'><strong>misericordia</strong></span> <span class='ocrx_word' id='word_1_219' title='bbox 678 3140 739 3206; x_wconf 88' lang='lat' dir='ltr'><strong>Dei</strong></span> <span class='ocrx_word' id='word_1_220' title='bbox 765 3142 932 3225; x_wconf 89' lang='lat' dir='ltr'><strong>presbyter</strong></span> <span class='ocrx_word' id='word_1_221' title='bbox 960 3143 996 3204; x_wconf 90' lang='lat' dir='ltr'><strong>ut</strong></span> <span class='ocrx_word' id='word_1_222' title='bbox 1024 3163 1130 3224; x_wconf 90' lang='lat' dir='ltr'><strong>supra.</strong></span> <span class='ocrx_word' id='word_1_223' title='bbox 1190 3139 1357 3204; x_wconf 83' lang='lat' dir='ltr'><strong>Eusealius</strong></span> 
     </span>
     <span class='ocr_line' id='line_1_28' title="bbox 96 3241 1407 3328; baseline -0.002 -20"><span class='ocrx_word' id='word_1_224' title='bbox 96 3243 309 3308; x_wconf 82' lang='lat' dir='ltr'><strong>misericordia</strong></span> <span class='ocrx_word' id='word_1_225' title='bbox 323 3243 384 3308; x_wconf 91' lang='lat' dir='ltr'><strong>Dei</strong></span> <span class='ocrx_word' id='word_1_226' title='bbox 406 3246 573 3328; x_wconf 90' lang='lat' dir='ltr'><strong>presbyter</strong></span> <span class='ocrx_word' id='word_1_227' title='bbox 595 3246 631 3307; x_wconf 89' lang='lat' dir='ltr'><strong>ut</strong></span> <span class='ocrx_word' id='word_1_228' title='bbox 653 3264 759 3326; x_wconf 88' lang='lat' dir='ltr'><strong>supra.</strong></span> <span class='ocrx_word' id='word_1_229' title='bbox 804 3241 950 3306; x_wconf 88' lang='lat' dir='ltr'><strong>Malchus</strong></span> <span class='ocrx_word' id='word_1_230' title='bbox 972 3241 1189 3306; x_wconf 90' lang='lat' dir='ltr'><strong>misericordia</strong></span> <span class='ocrx_word' id='word_1_231' title='bbox 1206 3241 1266 3306; x_wconf 90' lang='lat' dir='ltr'><strong>Dei</strong></span> <span class='ocrx_word' id='word_1_232' title='bbox 1289 3264 1358 3324; x_wconf 89' lang='lat' dir='ltr'><strong>pre·</strong></span> <span class='ocrx_word' id='word_1_233' title='bbox 1401 3260 1407 3274; x_wconf 90' lang='lat'><strong>·</strong></span> 
     </span>
     <span class='ocr_line' id='line_1_29' title="bbox 96 3344 1358 3430; baseline 0 -22"><span class='ocrx_word' id='word_1_234' title='bbox 96 3345 201 3429; x_wconf 78' lang='lat' dir='ltr'><strong>sbyter</strong></span> <span class='ocrx_word' id='word_1_235' title='bbox 223 3348 259 3409; x_wconf 88' lang='lat' dir='ltr'><strong>ut</strong></span> <span class='ocrx_word' id='word_1_236' title='bbox 272 3368 380 3430; x_wconf 89' lang='lat' dir='ltr'><strong>supra.</strong></span> <span class='ocrx_word' id='word_1_237' title='bbox 426 3346 577 3411; x_wconf 84' lang='lat' dir='ltr'><strong>Leontius</strong></span> <span class='ocrx_word' id='word_1_238' title='bbox 599 3344 816 3408; x_wconf 89' lang='lat' dir='ltr'><strong>misericordia</strong></span> <span class='ocrx_word' id='word_1_239' title='bbox 831 3344 890 3408; x_wconf 90' lang='lat' dir='ltr'><strong>Dei</strong></span> <span class='ocrx_word' id='word_1_240' title='bbox 914 3344 1065 3408; x_wconf 89' lang='lat' dir='ltr'><strong>diaconus</strong></span> <span class='ocrx_word' id='word_1_241' title='bbox 1087 3347 1123 3408; x_wconf 91' lang='lat' dir='ltr'><strong>ut</strong></span> <span class='ocrx_word' id='word_1_242' title='bbox 1139 3367 1245 3428; x_wconf 86' lang='lat' dir='ltr'><strong>supra.</strong></span> <span class='ocrx_word' id='word_1_243' title='bbox 1290 3344 1358 3409; x_wconf 83' lang='lat' dir='ltr'><strong>Ste-</strong></span> 
     </span>
     <span class='ocr_line' id='line_1_30' title="bbox 96 3446 1359 3532; baseline -0.002 -22"><span class='ocrx_word' id='word_1_244' title='bbox 96 3446 218 3532; x_wconf 80' lang='lat' dir='ltr'><strong>¹&gt;hanua</strong></span> <span class='ocrx_word' id='word_1_245' title='bbox 239 3447 456 3512; x_wconf 89' lang='lat' dir='ltr'><strong>misericordia</strong></span> <span class='ocrx_word' id='word_1_246' title='bbox 478 3447 539 3511; x_wconf 89' lang='lat' dir='ltr'><strong>Dei</strong></span> <span class='ocrx_word' id='word_1_247' title='bbox 561 3447 729 3532; x_wconf 89' lang='lat' dir='ltr'><strong>presbyter</strong></span> <span class='ocrx_word' id='word_1_248' title='bbox 754 3451 790 3510; x_wconf 91' lang='lat' dir='ltr'><strong>ut</strong></span> <span class='ocrx_word' id='word_1_249' title='bbox 812 3469 919 3530; x_wconf 87' lang='lat' dir='ltr'><strong>supra.</strong></span> <span class='ocrx_word' id='word_1_250' title='bbox 980 3446 1113 3511; x_wconf 81' lang='lat' dir='ltr'><strong>Oarufas</strong></span> <span class='ocrx_word' id='word_1_251' title='bbox 1141 3447 1293 3510; x_wconf 90' lang='lat' dir='ltr'><strong>diaconus</strong></span> <span class='ocrx_word' id='word_1_252' title='bbox 1322 3450 1359 3509; x_wconf 91' lang='lat' dir='ltr'><strong>ut</strong></span> 
     </span>
     <span class='ocr_line' id='line_1_31' title="bbox 96 3547 1356 3635; baseline -0.001 -22"><span class='ocrx_word' id='word_1_253' title='bbox 96 3571 199 3634; x_wconf 73' lang='lat' dir='ltr'><strong>supra.</strong></span> <span class='ocrx_word' id='word_1_254' title='bbox 259 3549 397 3614; x_wconf 83' lang='lat' dir='ltr'><strong>Thomas</strong></span> <span class='ocrx_word' id='word_1_255' title='bbox 425 3551 592 3635; x_wconf 88' lang='lat' dir='ltr'><strong>presbyter</strong></span> <span class='ocrx_word' id='word_1_256' title='bbox 620 3551 657 3612; x_wconf 91' lang='lat' dir='ltr'><strong>ut</strong></span> <span class='ocrx_word' id='word_1_257' title='bbox 684 3571 791 3633; x_wconf 91' lang='lat' dir='ltr'><strong>supra.</strong></span> <span class='ocrx_word' id='word_1_258' title='bbox 851 3547 979 3613; x_wconf 84' lang='lat' dir='ltr'><strong>Samuel</strong></span> <span class='ocrx_word' id='word_1_259' title='bbox 1006 3548 1159 3612; x_wconf 59' lang='lat' dir='ltr'><strong>baconus</strong></span> <span class='ocrx_word' id='word_1_260' title='bbox 1187 3551 1224 3612; x_wconf 89' lang='lat' dir='ltr'><strong>ut</strong></span> <span class='ocrx_word' id='word_1_261' title='bbox 1250 3570 1356 3632; x_wconf 88' lang='lat' dir='ltr'><strong>supra.</strong></span> 
     </span>
     <span class='ocr_line' id='line_1_32' title="bbox 96 3648 1359 3736; baseline 0 -22"><span class='ocrx_word' id='word_1_262' title='bbox 96 3650 276 3715; x_wconf 74' lang='lat' dir='ltr'><strong>l&#39;heodorus</strong></span> <span class='ocrx_word' id='word_1_263' title='bbox 298 3652 465 3736; x_wconf 84' lang='lat' dir='ltr'><strong>presbyter</strong></span> <span class='ocrx_word' id='word_1_264' title='bbox 485 3654 523 3716; x_wconf 90' lang='lat' dir='ltr'><strong>ut</strong></span> <span class='ocrx_word' id='word_1_265' title='bbox 544 3674 650 3735; x_wconf 87' lang='lat' dir='ltr'><strong>supra.</strong></span> <span class='ocrx_word' id='word_1_266' title='bbox 695 3650 861 3715; x_wconf 85' lang='lat' dir='ltr'><strong>Johannes</strong></span> <span class='ocrx_word' id='word_1_267' title='bbox 877 3650 1094 3714; x_wconf 89' lang='lat' dir='ltr'><strong>misericordia</strong></span> <span class='ocrx_word' id='word_1_268' title='bbox 1109 3648 1170 3714; x_wconf 90' lang='lat' dir='ltr'><strong>Dei</strong></span> <span class='ocrx_word' id='word_1_269' title='bbox 1192 3651 1359 3735; x_wconf 91' lang='lat' dir='ltr'><strong>presbyter</strong></span> 
     </span>
     <span class='ocr_line' id='line_1_33' title="bbox 96 3751 1357 3838; baseline -0.001 -21"><span class='ocrx_word' id='word_1_270' title='bbox 96 3757 125 3818; x_wconf 86' lang='lat' dir='ltr'><strong>rt</strong></span> <span class='ocrx_word' id='word_1_271' title='bbox 148 3775 258 3837; x_wconf 89' lang='lat' dir='ltr'><strong>supra.</strong></span> <span class='ocrx_word' id='word_1_272' title='bbox 300 3753 466 3818; x_wconf 63' lang='lat' dir='ltr'><strong>«lohannes</strong></span> <span class='ocrx_word' id='word_1_273' title='bbox 488 3754 655 3838; x_wconf 89' lang='lat' dir='ltr'><strong>presbyter</strong></span> <span class='ocrx_word' id='word_1_274' title='bbox 676 3757 833 3836; x_wconf 90' lang='lat' dir='ltr'><strong>utsupra.</strong></span> <span class='ocrx_word' id='word_1_275' title='bbox 878 3751 1017 3815; x_wconf 82' lang='lat' dir='ltr'><strong>Thomas</strong></span> <span class='ocrx_word' id='word_1_276' title='bbox 1033 3751 1185 3816; x_wconf 89' lang='lat' dir='ltr'><strong>diaconus</strong></span> <span class='ocrx_word' id='word_1_277' title='bbox 1201 3755 1357 3836; x_wconf 88' lang='lat' dir='ltr'><strong>utsupra.</strong></span> 
     </span>
     <span class='ocr_line' id='line_1_34' title="bbox 96 3854 620 3939; baseline 0.002 -20"><span class='ocrx_word' id='word_1_278' title='bbox 96 3854 258 3921; x_wconf 83' lang='lat' dir='ltr'><strong>lohannes</strong></span> <span class='ocrx_word' id='word_1_279' title='bbox 281 3854 434 3920; x_wconf 89' lang='lat' dir='ltr'><strong>diaconus</strong></span> <span class='ocrx_word' id='word_1_280' title='bbox 456 3858 492 3919; x_wconf 91' lang='lat' dir='ltr'><strong>ut</strong></span> <span class='ocrx_word' id='word_1_281' title='bbox 514 3878 620 3939; x_wconf 89' lang='lat' dir='ltr'><strong>supra.</strong></span> 
     </span>
    </p>

    <p class='ocr_par' dir='ltr' id='par_1_7' title="bbox 96 3955 1360 4148">
     <span class='ocr_line' id='line_1_35' title="bbox 178 3955 1360 4041; baseline 0 -21"><span class='ocrx_word' id='word_1_282' title='bbox 178 3958 209 4022; x_wconf 80' lang='lat'><strong>7.</strong></span> <span class='ocrx_word' id='word_1_283' title='bbox 246 3955 424 4023; x_wconf 86' lang='lat' dir='ltr'><strong>Simeonius</strong></span> <span class='ocrx_word' id='word_1_284' title='bbox 453 3957 605 4021; x_wconf 88' lang='lat' dir='ltr'><strong>diaconus</strong></span> <span class='ocrx_word' id='word_1_285' title='bbox 632 3960 669 4021; x_wconf 89' lang='lat' dir='ltr'><strong>ut</strong></span> <span class='ocrx_word' id='word_1_286' title='bbox 695 3979 801 4041; x_wconf 90' lang='lat' dir='ltr'><strong>supra.</strong></span> <span class='ocrx_word' id='word_1_287' title='bbox 860 3956 1010 4022; x_wconf 84' lang='lat' dir='ltr'><strong>Saulinus</strong></span> <span class='ocrx_word' id='word_1_288' title='bbox 1041 3957 1292 4022; x_wconf 87' lang='lat' dir='ltr'><strong>archimandrita</strong></span> <span class='ocrx_word' id='word_1_289' title='bbox 1323 3960 1360 4020; x_wconf 90' lang='lat' dir='ltr'><strong>ut</strong></span> 
     </span>
     <span class='ocr_line' id='line_1_36' title="bbox 96 4057 1358 4148; baseline -0.001 -26"><span class='ocrx_word' id='word_1_290' title='bbox 96 4080 201 4148; x_wconf 82' lang='lat' dir='ltr'><strong>¹upra.</strong></span> <span class='ocrx_word' id='word_1_291' title='bbox 246 4058 403 4125; x_wconf 82' lang='lat' dir='ltr'><strong>Eusebius</strong></span> <span class='ocrx_word' id='word_1_292' title='bbox 425 4061 592 4144; x_wconf 89' lang='lat' dir='ltr'><strong>presbyter</strong></span> <span class='ocrx_word' id='word_1_293' title='bbox 613 4063 650 4122; x_wconf 91' lang='lat' dir='ltr'><strong>ut</strong></span> <span class='ocrx_word' id='word_1_294' title='bbox 672 4081 778 4143; x_wconf 89' lang='lat' dir='ltr'><strong>supra.</strong></span> <span class='ocrx_word' id='word_1_295' title='bbox 824 4057 990 4143; x_wconf 90' lang='lat' dir='ltr'><strong>Mucymus</strong></span> <span class='ocrx_word' id='word_1_296' title='bbox 1012 4059 1179 4143; x_wconf 91' lang='lat' dir='ltr'><strong>presbyter</strong></span> <span class='ocrx_word' id='word_1_297' title='bbox 1200 4062 1358 4141; x_wconf 87' lang='lat' dir='ltr'><strong>utsupra.</strong></span> 
     </span>
    </p>
   </div>
   <div class='ocr_carea' id='block_1_6' title="bbox 96 4330 1362 5081">
    <p class='ocr_par' dir='ltr' id='par_1_8' title="bbox 96 4330 1360 4488">
     <span class='ocr_line' id='line_1_37' title="bbox 96 4330 1360 4401; baseline -0.006 -10"><span class='ocrx_word' id='word_1_298' title='bbox 96 4337 222 4391; x_wconf 72' lang='lat' dir='ltr'><strong>nitamini</strong></span> <span class='ocrx_word' id='word_1_299' title='bbox 233 4339 362 4388; x_wconf 79' lang='lat' dir='ltr'><strong>Dominam</strong></span> <span class='ocrx_word' id='word_1_300' title='bbox 380 4347 426 4387; x_wconf 80' lang='lat' dir='ltr'><strong>etc.</strong></span> <span class='ocrx_word' id='word_1_301' title='bbox 446 4351 492 4387; x_wconf 81' lang='lat' dir='ltr'><strong>nec</strong></span> <span class='ocrx_word' id='word_1_302' title='bbox 510 4353 559 4387; x_wconf 84' lang='lat' dir='ltr'><strong>non</strong></span> <span class='ocrx_word' id='word_1_303' title='bbox 576 4336 679 4386; x_wconf 82' lang='lat' dir='ltr'><strong>Petrum</strong></span> <span class='ocrx_word' id='word_1_304' title='bbox 694 4338 850 4401; x_wconf 77' lang='lat' dir='ltr'><strong>principem,</strong></span> <span class='ocrx_word' id='word_1_305' title='bbox 869 4330 969 4386; x_wconf 84' lang='lat' dir='ltr'><strong>omisso</strong></span> <span class='ocrx_word' id='word_1_306' title='bbox 987 4337 1065 4395; x_wconf 84' lang='lat' dir='ltr'><strong>illum,</strong></span> <span class='ocrx_word' id='word_1_307' title='bbox 1085 4331 1151 4399; x_wconf 85' lang='lat' dir='ltr'><strong>quia</strong></span> <span class='ocrx_word' id='word_1_308' title='bbox 1168 4347 1300 4401; x_wconf 76' lang='lat' dir='ltr'><strong>graecum</strong></span> <span class='ocrx_word' id='word_1_309' title='bbox 1318 4346 1360 4384; x_wconf 80' lang='lat' dir='ltr'><strong>ur-</strong></span> 
     </span>
     <span class='ocr_line' id='line_1_38' title="bbox 96 4416 668 4488; baseline -0.012 -11"><span class='ocrx_word' id='word_1_310' title='bbox 96 4419 209 4477; x_wconf 79' lang='lat' dir='ltr'><strong>iculum</strong></span> <span class='ocrx_word' id='word_1_311' title='bbox 227 4417 381 4488; x_wconf 83' lang='lat' dir='ltr'><strong>exprimere</strong></span> <span class='ocrx_word' id='word_1_312' title='bbox 399 4434 455 4472; x_wconf 90' lang='lat' dir='ltr'><strong>non</strong></span> <span class='ocrx_word' id='word_1_313' title='bbox 474 4418 565 4472; x_wconf 89' lang='lat' dir='ltr'><strong>solent</strong></span> <span class='ocrx_word' id='word_1_314' title='bbox 580 4416 668 4470; x_wconf 85' lang='lat' dir='ltr'><strong>latini.</strong></span> 
     </span>
    </p>

    <p class='ocr_par' dir='ltr' id='par_1_9' title="bbox 160 4502 1015 4573">
     <span class='ocr_line' id='line_1_39' title="bbox 160 4502 1015 4573; baseline -0.004 -16"><span class='ocrx_word' id='word_1_315' title='bbox 160 4507 193 4573; x_wconf 82' lang='lat'><strong>¹²)</strong></span> <span class='ocrx_word' id='word_1_316' title='bbox 212 4503 230 4557; x_wconf 91' lang='lat' dir='ltr'><strong>b</strong></span> <span class='ocrx_word' id='word_1_317' title='bbox 249 4524 409 4573; x_wconf 61' lang='lat' dir='ltr'><strong>cognoscens.</strong></span> <span class='ocrx_word' id='word_1_318' title='bbox 444 4502 589 4556; x_wconf 84' lang='lat' dir='ltr'><strong>Mallemus</strong></span> <span class='ocrx_word' id='word_1_319' title='bbox 604 4507 719 4569; x_wconf 80' lang='lat' dir='ltr'><strong>pastoris</strong></span> <span class='ocrx_word' id='word_1_320' title='bbox 737 4506 906 4569; x_wconf 80' lang='lat' dir='ltr'><strong>capnoscendi</strong></span> <span class='ocrx_word' id='word_1_321' title='bbox 920 4508 1015 4569; x_wconf 75' lang='lat' dir='ltr'><strong>prolia.</strong></span> 
     </span>
    </p>

    <p class='ocr_par' dir='ltr' id='par_1_10' title="bbox 96 4585 1362 4751">
     <span class='ocr_line' id='line_1_40' title="bbox 159 4585 1362 4658; baseline -0.002 -17"><span class='ocrx_word' id='word_1_322' title='bbox 159 4591 193 4658; x_wconf 80' lang='lat'><strong>¹³)</strong></span> <span class='ocrx_word' id='word_1_323' title='bbox 212 4587 299 4653; x_wconf 83' lang='lat' dir='ltr'><strong>Quem</strong></span> <span class='ocrx_word' id='word_1_324' title='bbox 322 4589 426 4642; x_wconf 88' lang='lat' dir='ltr'><strong>scilieet</strong></span> <span class='ocrx_word' id='word_1_325' title='bbox 448 4586 597 4641; x_wconf 88' lang='lat' dir='ltr'><strong>Hormisda</strong></span> <span class='ocrx_word' id='word_1_326' title='bbox 619 4586 846 4640; x_wconf 89' lang='lat' dir='ltr'><strong>subscribendum</strong></span> <span class='ocrx_word' id='word_1_327' title='bbox 869 4585 980 4641; x_wconf 85' lang='lat' dir='ltr'><strong>mittere</strong></span> <span class='ocrx_word' id='word_1_328' title='bbox 1004 4585 1125 4652; x_wconf 89' lang='lat' dir='ltr'><strong>solebat,</strong></span> <span class='ocrx_word' id='word_1_329' title='bbox 1152 4585 1253 4654; x_wconf 89' lang='lat' dir='ltr'><strong>quique</strong></span> <span class='ocrx_word' id='word_1_330' title='bbox 1276 4603 1362 4655; x_wconf 88' lang='lat' dir='ltr'><strong>supra</strong></span> 
     </span>
     <span class='ocr_line' id='line_1_41' title="bbox 96 4673 548 4751; baseline -0.011 -19"><span class='ocrx_word' id='word_1_331' title='bbox 96 4673 219 4751; x_wconf 84' lang='lat' dir='ltr'><strong>pistolis</strong></span> <span class='ocrx_word' id='word_1_332' title='bbox 239 4680 253 4727; x_wconf 74' lang='lat'><strong>‘1</strong></span> <span class='ocrx_word' id='word_1_333' title='bbox 272 4675 301 4727; x_wconf 90' lang='lat' dir='ltr'><strong>et</strong></span> <span class='ocrx_word' id='word_1_334' title='bbox 318 4680 351 4728; x_wconf 76' lang='lat'><strong>26</strong></span> <span class='ocrx_word' id='word_1_335' title='bbox 368 4673 548 4728; x_wconf 87' lang='lat' dir='ltr'><strong>subnectitur.</strong></span> 
     </span>
    </p>

    <p class='ocr_par' dir='ltr' id='par_1_11' title="bbox 96 4751 1362 4998">
     <span class='ocr_line' id='line_1_42' title="bbox 159 4751 1362 4830; baseline -0.002 -18"><span class='ocrx_word' id='word_1_336' title='bbox 159 4761 193 4829; x_wconf 84' lang='lat'><strong>¹⁴)</strong></span> <span class='ocrx_word' id='word_1_337' title='bbox 213 4759 318 4813; x_wconf 80' lang='lat' dir='ltr'><strong>Graece</strong></span> <span class='ocrx_word' id='word_1_338' title='bbox 336 4756 440 4830; x_wconf 76' lang='grc' dir='ltr'>μόγγος</span> <span class='ocrx_word' id='word_1_339' title='bbox 459 4761 487 4813; x_wconf 91' lang='lat' dir='ltr'><strong>et</strong></span> <span class='ocrx_word' id='word_1_340' title='bbox 503 4758 589 4814; x_wconf 86' lang='lat' dir='ltr'><strong>latine</strong></span> <span class='ocrx_word' id='word_1_341' title='bbox 608 4777 710 4828; x_wconf 73' lang='lat' dir='ltr'><strong>monpus</strong></span> <span class='ocrx_word' id='word_1_342' title='bbox 722 4755 1001 4826; x_wconf 75' lang='lat' dir='ltr'><strong>cognominari‘solet.</strong></span> <span class='ocrx_word' id='word_1_343' title='bbox 1038 4755 1094 4811; x_wconf 83' lang='lat' dir='ltr'><strong>Sed</strong></span> <span class='ocrx_word' id='word_1_344' title='bbox 1112 4755 1178 4825; x_wconf 88' lang='lat' dir='ltr'><strong>qnia</strong></span> <span class='ocrx_word' id='word_1_345' title='bbox 1195 4751 1299 4826; x_wconf 74' lang='grc' dir='ltr'>μόγγος</span> <span class='ocrx_word' id='word_1_346' title='bbox 1317 4756 1362 4810; x_wconf 83' lang='lat' dir='ltr'><strong>vel</strong></span> 
     </span>
     <span class='ocr_line' id='line_1_43' title="bbox 96 4840 1361 4915; baseline -0.006 -14"><span class='ocrx_word' id='word_1_347' title='bbox 96 4847 185 4907; x_wconf 83' lang='lat' dir='ltr'><strong>otius</strong></span> <span class='ocrx_word' id='word_1_348' title='bbox 209 4840 363 4915; x_wconf 76' lang='grc' dir='ltr'><em>μογιλάλος</em></span> <span class='ocrx_word' id='word_1_349' title='bbox 384 4844 413 4897; x_wconf 95' lang='lat' dir='ltr'><strong>id</strong></span> <span class='ocrx_word' id='word_1_350' title='bbox 437 4845 576 4913; x_wconf 89' lang='lat' dir='ltr'><strong>estquod</strong></span> <span class='ocrx_word' id='word_1_351' title='bbox 600 4849 700 4912; x_wconf 74' lang='lat' dir='ltr'><strong>battus,</strong></span> <span class='ocrx_word' id='word_1_352' title='bbox 727 4844 865 4912; x_wconf 87' lang='lat' dir='ltr'><strong>interpres</strong></span> <span class='ocrx_word' id='word_1_353' title='bbox 886 4843 999 4898; x_wconf 86' lang='lat' dir='ltr'><strong>litterae</strong></span> <span class='ocrx_word' id='word_1_354' title='bbox 1020 4843 1138 4898; x_wconf 89' lang='lat' dir='ltr'><strong>haerens</strong></span> <span class='ocrx_word' id='word_1_355' title='bbox 1160 4843 1196 4897; x_wconf 90' lang='lat' dir='ltr'><strong>ab</strong></span> <span class='ocrx_word' id='word_1_356' title='bbox 1221 4859 1283 4910; x_wconf 90' lang='lat' dir='ltr'><strong>usu,</strong></span> <span class='ocrx_word' id='word_1_357' title='bbox 1306 4857 1361 4910; x_wconf 90' lang='lat' dir='ltr'><strong>quo</strong></span> 
     </span>
     <span class='ocr_line' id='line_1_44' title="bbox 96 4928 852 4998; baseline -0.007 -9"><span class='ocrx_word' id='word_1_358' title='bbox 96 4935 192 4992; x_wconf 73' lang='lat' dir='ltr'><strong>*etrus</strong></span> <span class='ocrx_word' id='word_1_359' title='bbox 209 4929 262 4984; x_wconf 88' lang='lat' dir='ltr'><strong>istc</strong></span> <span class='ocrx_word' id='word_1_360' title='bbox 280 4929 376 4998; x_wconf 81' lang='lat' dir='ltr'><strong>mongi</strong></span> <span class='ocrx_word' id='word_1_361' title='bbox 394 4945 559 4998; x_wconf 83' lang='lat' dir='ltr'><strong>cognomem</strong></span> <span class='ocrx_word' id='word_1_362' title='bbox 577 4928 710 4998; x_wconf 83' lang='lat' dir='ltr'><strong>obtinuit,</strong></span> <span class='ocrx_word' id='word_1_363' title='bbox 732 4928 852 4985; x_wconf 88' lang='lat' dir='ltr'><strong>secessit.</strong></span> 
     </span>
    </p>

    <p class='ocr_par' dir='ltr' id='par_1_12' title="bbox 115 5021 1158 5081">
     <span class='ocr_line' id='line_1_45' title="bbox 115 5021 1158 5081; baseline -0.015 -4"><span class='ocrx_word' id='word_1_364' title='bbox 115 5035 283 5077; x_wconf 78' lang='lat' dir='ltr'><strong>rsrrsronss</strong></span> <span class='ocrx_word' id='word_1_365' title='bbox 296 5034 399 5075; x_wconf 76' lang='lat' dir='ltr'><strong>nourr.</strong></span> <span class='ocrx_word' id='word_1_366' title='bbox 413 5034 528 5070; x_wconf 81' lang='lat' dir='ltr'><strong>rourrr.</strong></span> <span class='ocrx_word' id='word_1_367' title='bbox 544 5021 566 5075; x_wconf 93' lang='grc' dir='ltr'><strong>Ι.</strong></span> <span class='ocrx_word' id='word_1_368' title='bbox 1118 5022 1158 5081; x_wconf 81' lang='lat'><strong>52</strong></span> 
     </span>
    </p>
   </div>
   <div class='ocr_carea' id='block_1_7' title="bbox 0 0 1608 5506">
    <p class='ocr_par' dir='ltr' id='par_1_13' title="bbox 0 0 1608 5506">
     <span class='ocr_line' id='line_1_46' title="bbox 0 0 1608 5506; baseline 0 0"><span class='ocrx_word' id='word_1_369' title='bbox 0 0 1608 5506; x_wconf 95' lang='lat' dir='ltr'><strong> </strong></span> 
     </span>
    </p>
   </div>
  </div>
 </body>
</html>
