3204 5506
367 355 537 405 srrsrona
559 345 610 405 43.
1061 344 1122 410 431

100 514 351 595 τροσκυνοῦμεν
404 508 463 575 τόν
516 511 629 576 Petrus
666 512 830 577 revelante
867 513 896 576 ei
933 512 1030 579 Patre
1067 537 1125 580 nos
1143 533 1161 571 a
1179 522 1230 570 rsa

100 636 130 695 ”a
169 610 255 677 ἀλλὰ
282 610 463 695 Χριστόν
515 615 633 679 docuit.
668 615 789 680 Sancta
811 619 844 678 et
865 615 961 680 beata
982 616 1125 682 Trinitas
1137 591 1229 639 ‘⁴⁹⁶'

103 718 173 779 εοῦ
200 719 273 779 τοῦ
296 718 461 796 ζῶντος,
514 718 598 781 baud
630 717 782 802 gradibus
819 716 985 781 nominum
1021 719 1125 804 digni-

100 816 209 900 Ιέτρος
232 817 267 894 ἐξ
289 813 462 881 ἆποκαλό-
514 820 591 883 tatis
633 819 771 884 obnoxia
812 823 875 903 est,
921 821 975 884 sed
1018 843 1125 886 rerum

100 915 166 1001 :pdg
180 921 377 995 παιδευθείς
393 920 464 984 ἐδί-
516 921 710 1007 aequalitate
746 921 983 1007 magnificatur.
1040 923 1126 988 Nam

100 1022 194 1085 ἀκαλ
207 1025 355 1106 μακαρία
371 1018 464 1105 τριὰς
516 1025 576 1087 etsi
618 1027 683 1087 tres
726 1027 802 1088 sunt
838 1045 1015 1110 personae,
1060 1048 1125 1091 non

100 1120 262 1208 ἷνομότων
289 1121 463 1188 ὑπόκειται
515 1129 624 1189 tamen
647 1129 712 1188 tres
735 1126 920 1210 dignitates.
964 1126 1029 1192 Ubi
1051 1150 1126 1193 con-

103 1225 230 1310 ίσότητι
258 1226 464 1311 πραγμάτων
516 1227 782 1311 substantialitas,
806 1228 852 1292 ibi
874 1229 1125 1314 omnipotentia,

137 1328 182 1392 Εί
207 1325 272 1410 γὰρ
300 1329 357 1393 καὶ
378 1327 464 1411 πρό·
516 1329 696 1394 differentia
718 1330 822 1393 estin
843 1331 1036 1416 nominibus,
1060 1355 1126 1397 non

100 1426 160 1493 ἓλλ’
183 1427 225 1494 od
247 1440 338 1514 τρεῖς
357 1429 460 1507 ἀξίαι·
515 1433 549 1495 in
571 1432 742 1517 dignitate,
771 1432 996 1498 dissimilitudo
1018 1435 1126 1519 appel·

100 1532 216 1615 ιόσιον,
240 1533 313 1597 ἐκεῖ
324 1531 361 1598 τό
377 1554 462 1597 παν·
515 1534 683 1617 lationum,
700 1556 766 1599 non
782 1535 993 1600 substantiae.
1009 1535 1126 1612 Quam·

120 1634 289 1719 διόφορον
318 1636 357 1700 ἑν
383 1632 463 1699 όνό-
515 1638 563 1701 vis
597 1637 683 1701 enim
719 1642 785 1702 tres
818 1641 895 1702 sunt
925 1637 1125 1723 hypostases,

122 1734 185 1801 οόα
221 1737 260 1802 ίν
293 1733 381 1823 όξίη·
426 1735 463 1802 τό
517 1739 623 1804 Patris
646 1761 684 1804 ac
703 1738 775 1804 Filii
799 1743 832 1804 et
849 1739 987 1824 Spiritus
1003 1740 1126 1825 Sancti,
1163 1783 1171 1807 ι

110 1845 366 1924 προσηγορίαις,
401 1839 464 1905 οόκ
517 1863 582 1906 una
609 1846 718 1905 tamen
746 1841 944 1926 substantia,
976 1865 1041 1907 una
1063 1843 1127 1908 dei-

119 1941 185 2025 γαρ
200 1942 255 2006 καὶ
270 1952 360 2026 τρεῖς
378 1939 464 2006 ὑπο·
518 1947 582 2008 tas:
619 1966 684 2007 una
712 1943 842 2028 inquam
880 1943 915 2007 in
940 1945 1127 2012 immortali·
1199 2021 1203 2034 Ι

100 2041 152 2127 ρός
194 2044 250 2109 καί
292 2045 371 2109 vico
408 2045 464 2108 uui
514 2049 600 2129 tate,
636 2046 670 2109 in
698 2045 972 2129 impassibilitate,
1007 2047 1042 2110 in
1070 2047 1127 2110 im-

100 2170 178 2229 ιτος,
206 2143 291 2211 ἀλλά
318 2149 377 2231 μία
391 2143 464 2211 οὐ·
517 2148 749 2231 mutabilitate,
795 2148 829 2211 in
866 2147 1046 2231 voluntate,
1091 2149 1126 2212 in

100 2273 159 2332 της,
190 2251 248 2332 μία
272 2249 309 2312 ἐν
332 2245 464 2313 ἄθανα-
517 2251 694 2334 creatione,
727 2250 762 2313 in
791 2249 977 2332 clementia,
1006 2250 1041 2313 in
1069 2250 1126 2313 mi-

100 2352 161 2436 είηι,
179 2353 218 2416 ἐν
232 2347 463 2435 ότρεπτότητι,
516 2353 697 2418 sericordia.

100 2453 135 2518 έν
169 2455 387 2539 δημιουργίᾳ,
426 2453 465 2518 ἐν

100 2565 233 2639 τιρμοίς.

100 2657 160 2741 ’μοὶ
189 2657 224 2722 οί
244 2656 358 2740 λόγοι,
395 2662 464 2723 τῶν
600 2661 631 2723 8.
666 2658 741 2724 Non
763 2662 840 2725 sunt
868 2660 901 2723 hi
924 2662 987 2724 mei
1008 2682 1125 2725 sermo-

100 2756 171 2842 ιότη
199 2755 219 2842 ἡ
248 2760 462 2842 διδασκαλία,
515 2783 573 2826 nes
579 2812 588 2845 ,
633 2761 689 2825 sed
726 2761 942 2845 apostolorum
978 2763 1125 2828 doctrina

99 2857 228 2943 ατὲρων
255 2859 275 2944 ἡ
299 2861 462 2945 ἐξήγησις,
515 2863 594 2928 hacc
634 2866 683 2926 est
719 2867 751 2926 et
780 2867 964 2927 sanctorum
997 2868 1125 2948 patrum

100 2963 175 3045 λέγω
191 2960 270 3039 τούς
285 2964 464 3047 διαδόχους
516 2965 687 3029 enarratio.
755 2963 868 3028 Patres
909 2968 1018 3030 autem
1054 2966 1125 3030 dico

102 3088 123 3129 ν
138 3066 194 3129 καί
209 3062 387 3149 ὑπηρετῶν
402 3070 463 3130 τοῦ
515 3088 712 3132 successores
749 3066 891 3147 illorum,
936 3068 990 3151 qui
1026 3069 1126 3131 testes

99 3169 236 3232 λυσσών
258 3165 463 3253 όναθεματί-
515 3170 633 3233 oculati
656 3168 787 3232 fuerunt
809 3171 843 3231 et
857 3166 997 3231 ministri
1010 3166 1127 3256 Verbi3

100 3293 134 3333 ιν
157 3268 270 3334 αὐτῶν
292 3268 371 3346 τούς
385 3268 463 3335 ἀνε-
514 3294 592 3356 quos
621 3274 673 3353 tu,
702 3269 890 3351 furibunde,
920 3267 1127 3332 anathemate

104 3371 268 3455 ἐλέγχους,
298 3373 380 3456 μηδὲ
402 3370 464 3457 τὴν
516 3374 639 3457 pulsas,
675 3372 749 3455 quia
778 3370 896 3434 liberas
924 3369 1052 3434 illorum
1080 3391 1127 3433 re-

119 3477 189 3538 τῶν
231 3478 464 3557 μαρμαρνγῶν
516 3473 745 3560 prehensiones
781 3493 882 3556 aequo
918 3472 1025 3535 animo
1061 3492 1127 3535 non

100 3578 236 3651 ςθείου
251 3580 462 3658 χαρίσματος.
516 3577 598 3660 fers,
635 3596 739 3659 neque
766 3573 947 3637 radiantem
981 3572 1127 3657 splendo-

101 3702 113 3740 ι
136 3676 184 3753 δὲ,
207 3675 258 3741 ότι
280 3673 300 3760 ἡ
322 3678 360 3741 ἐν
375 3680 465 3740 Χαλ-
517 3700 585 3742 rem
608 3676 718 3758 divini,
742 3676 825 3760 quod
848 3676 882 3739 in
905 3675 951 3739 eis
970 3676 1030 3759 est,
1055 3673 1128 3738 cha-

101 3776 207 3861 ἁγίων
229 3778 374 3854 σύνοδος
397 3781 465 3842 Νε-
518 3780 669 3842 rismatis.
719 3776 822 3842 Nemo
851 3779 957 3840 autem
985 3775 1127 3860 ignorat,

103 3877 148 3956 ὥς
164 3883 382 3964 φρενοβλαβῆ
405 3904 466 3944 κα·
518 3879 811 3945 Calchedonensem
841 3881 1025 3942 sanctorum
1047 3877 1128 3940 viro-

100 3981 467 4066 τυχέαδὲοίσεβησαντα
518 4004 589 4045 rum
611 3982 767 4064 synodum
790 3980 958 4043 damnasse
978 3980 1128 4041 insanum

100 4082 276 4169 ἐναδίματι
297 4086 465 4166 βαλοῦσα·
519 4082 719 4164 Nestorium,
757 4082 891 4165 impium
923 4079 1001 4142 item
1028 4076 1128 4160 Euty-

100 4187 126 4252 u
160 4184 220 4251 τδν
250 4182 467 4267 Ἀλεξανδρέα
521 4185 611 4248 chem
654 4186 876 4246 exauctorasse
921 4177 1128 4244 anathemate

100 4292 128 4352 ni
144 4285 243 4370 ἁγίου
257 4290 466 4370 Φλαβιανοῦ,
519 4285 714 4370 perculsum,
753 4305 813 4347 nec
844 4303 909 4346 non
937 4278 1128 4343 Alexandri-

119 4391 312 4475 προμάχους
334 4392 392 4471 της
411 4391 468 4452 πί-
519 4410 596 4451 num
623 4386 811 4449 Dioscorum
847 4382 952 4447 sancti
980 4379 1128 4443 Flaviani

100 4492 179 4577 ἱμως
194 4491 395 4572 καθελόντα,
411 4490 467 4554 καλ
519 4489 773 4567 interfectorem,
811 4484 866 4569 qui
894 4487 927 4547 et
953 4482 1033 4546 alios
1054 4480 1127 4545 fidei

100 4593 309 4677 ρχαιοτέρους
332 4596 467 4675 φωστῆ-
520 4589 703 4656 defensores
737 4585 872 4650 sceleste
903 4583 1070 4668 expulerat
1096 4584 1131 4645 et

100 4697 213 4777 ξαντα,
245 4695 301 4757 καλ
324 4691 473 4775 Εότνχεῖ
521 4691 584 4754 alia
611 4688 794 4774 antiquiora
815 4685 980 4751 Ecclesiae
1007 4682 1130 4747 lumina

100 4821 121 4879 ι,
149 4801 210 4861 τοῦ
239 4795 391 4878 σώματος
412 4797 470 4875 τῆς
522 4792 710 4876 extinguere
753 4788 844 4852 nisus
879 4787 1000 4869 fuerat,
1043 4783 1130 4847 huno

100 4899 242 4977 τέκομεν.
281 4896 326 4960 Oi
344 4895 468 4959 όναθε-
522 4894 668 4976 inquam,
707 4892 796 4954 arcto
829 4887 958 4954 vinculo
990 4881 1130 4969 Eutychi

102 5019 168 5059 usn.
183 5017 294 5059 scaris,
314 5003 335 5053 Ι.
888 4998 926 5057 31
