3204 5506
475 692 519 793 S.
546 692 814 793 GELASH
842 693 1068 791 PAPAE

302 899 709 1012 EPISTOLAE
749 902 844 1010 ΕΤ
880 900 1253 1010 DECRETA.
1312 1022 1317 1027 ⁵
1372 1067 1377 1074 ἱ

701 1271 845 1354 Vibo.
898 1227 900 1230 Α

239 1448 263 1503 1.
282 1447 391 1506 Gelasius
404 1451 502 1524 seipse
513 1451 674 1507 Romanum
688 1457 734 1505 aut
746 1449 855 1506 Romae
870 1456 978 1518 notum,
996 1457 1025 1505 nt
1042 1449 1093 1504 lert
1108 1451 1235 1523 antiquus
1251 1447 1345 1512 codex,
1362 1447 1408 1503 de-

155 1533 230 1590 clarat
243 1535 345 1607 epistola
361 1534 443 1591 1211.
463 1534 490 1591 1.
521 1534 620 1591 Contra
635 1535 711 1607 Afer
730 1535 757 1590 in
773 1533 841 1590 libro
858 1532 1004 1608 pontificali
1020 1534 1127 1598 dicitur,
1144 1551 1229 1609 eaque
1245 1535 1337 1607 opinio
1355 1543 1407 1588 tam

148 1616 263 1674 sublesta
276 1621 430 1676 auctoritate
453 1619 520 1676 tulta
543 1619 661 1675 obtinuit
676 1621 805 1675 hactenns
827 1621 932 1675 nemine
953 1619 1120 1693 refragantc;
1143 1636 1197 1692 quo
1219 1627 1306 1674 tannen
1328 1626 1407 1693 pacto

142 1720 205 1761 com
216 1703 347 1778 praedicta
361 1705 476 1780 epistola
491 1705 627 1761 conciliari
644 1712 800 1779 queatisuo
816 1704 877 1760 loco
893 1704 1055 1760 discutietur
1071 1703 1161 1778 (epist.
1182 1705 1219 1759 12
1236 1702 1294 1759 uotss
1312 1703 1351 1775 ὃ).
1383 1703 1407 1758 ls

134 1791 256 1865 pfimum
268 1798 375 1846 vocatus
395 1791 423 1846 iu
439 1790 581 1864 pastoralis
603 1789 791 1845 sollicitudinis
811 1798 914 1863 partem
929 1788 1046 1844 al‘elice
1062 1789 1214 1852 decessore,
1237 1790 1406 1863 potissimum

74 1926 76 1931 .
129 1875 190 1950 ipsi
202 1890 313 1948 operam
327 1876 352 1931 in
367 1874 516 1931 scribendis
536 1875 658 1950 epistolis
678 1874 816 1948 impendit,
838 1892 870 1930 ex
886 1892 940 1948 quo
957 1882 984 1930 et
999 1874 1099 1930 lactum
1115 1874 1243 1937 videmus,
1265 1883 1295 1928 ut
1317 1891 1349 1927 ex
1365 1873 1407 1928 his

126 1958 281 2016 nonnullae
296 1959 392 2016 Gelasii
407 1976 506 2016 nomen
521 1977 585 2034 prae
599 1977 629 2015 se
644 1960 732 2016 ierant
746 1959 852 2032 (Felicis
865 1962 943 2034 epist.
963 1959 1010 2021 14,
1024 1959 1121 2014 Gelasii
1137 1960 1216 2033 epist.
1235 1960 1262 2022 1,
1279 1967 1357 2013 tract.
1374 1956 1405 2029 l).

218 2044 251 2101 2.
271 2044 386 2100 Tandem
401 2047 454 2119 ipsi
468 2045 632 2119 subrogatus
648 2045 699 2100 luit
714 2062 784 2101 anno
799 2045 861 2102 492
881 2047 966 2119 prima
976 2040 996 2116 ¹)
1012 2045 1097 2100 licinii
1112 2046 1212 2100 mensis
1228 2044 1279 2105 dic,
1296 2044 1407 2116 quaein

120 2131 294 2187 dominicam
310 2129 450 2192 incidebat,
467 2138 494 2186 et
509 2132 599 2186 statim
615 2147 629 2185 a
645 2147 693 2185 sua
708 2131 913 2204 inauguratione
929 2131 1098 2186 Anastasinrn
1114 2131 1304 2203 imperatorem
1319 2129 1407 2184 bono-

119 2219 223 2289 rificis
246 2217 350 2271 litteris
370 2217 503 2272 solutore
522 2216 624 2271 curavit
644 2214 735 2289 (epist.
760 2217 847 2273 1011.
870 2214 909 2287 2).
955 2215 1022 2271 llinc
1047 2232 1142 2270 rursus
1163 2212 1342 2288 corrigendus
1365 2221 1408 2268 est

118 2301 195 2358 liber
215 2297 391 2374 pontificalis,
413 2299 458 2356 ubi
472 2300 594 2356 Gelasius
615 2301 738 2357 Zenonis
752 2300 874 2374 Augusti
893 2302 1068 2373 temporibus
1087 2299 1273 2374 pontilicatunr
1289 2299 1408 2372 gessisse

117 2394 268 2448 namtur,
290 2402 374 2458 quum
394 2384 502 2442 aliunde
523 2384 692 2459 exploratum
712 2387 761 2449 sit,
787 2385 886 2442 Zenoni
909 2388 1083 2460 superstitem
1105 2385 1190 2441 luisse
1211 2384 1336 2440 Felicem.
1368 2382 1408 2439 nd

116 2487 209 2546 wem
226 2478 258 2526 et
272 2469 415 2527 referenda
434 2479 477 2527 est
497 2470 542 2527 illa
561 2471 666 2534 relatio,
690 2488 757 2545 quae
773 2471 869 2527 eodem
884 2470 953 2527 libro
967 2471 1093 2545 proditur
1118 2471 1151 2526 de
1173 2470 1281 2526 Graecia
1302 2471 1408 2524 venisse

117 2556 230 2613 Gelasii
246 2555 423 2631 temporibus,
444 2574 477 2613 eo
492 2558 569 2631 qnod
582 2560 672 2613 martio
692 2559 769 2613 moto
785 2564 812 2613 et
827 2558 977 2613 homicidio
991 2561 1096 2630 fierent
1112 2576 1129 2612 α
1145 2558 1233 2613 Petro
1245 2562 1272 2611 et
1284 2557 1409 2616 densim

117 2644 190 2699 item
207 2647 241 2698 et
256 2640 332 2714 quod
346 2640 444 2699 ibidem
459 2640 601 2713 subjicitur
613 2641 646 2697 de
662 2643 756 2697 iterata
774 2643 915 2715 utriusque
931 2642 1110 2704 damnatione,
1127 2646 1152 2697 si
1162 2660 1219 2698 non
1228 2645 1409 2712 poenitentes

117 2728 176 2784 arab
191 2725 406 2800 satisfactione
420 2728 511 2784 libelli
522 2730 706 2800 postularent
718 2731 933 2799 possidentium,
952 2729 1051 2801 quippe
1068 2744 1183 2800 quorum
1200 2734 1297 2781 neuter
1313 2725 1345 2781 ad
1358 2724 1408 2780 Ge-

119 2813 183 2869 lasii
199 2809 394 2887 pontilicatnm
410 2814 541 2886 pervenit.
564 2811 617 2867 Sed
632 2829 720 2886 neque
730 2813 893 2870 Jobnnnem
909 2812 1023 2883 'lalnjam
1039 2812 1247 2868 Alexandrinum
1258 2812 1407 2867 antistitem

120 2898 270 2954 Gdnsim
283 2895 393 2953 Romam
408 2897 558 2972 lugientem
574 2902 703 2970 suscepit
717 2916 782 2955 crim
797 2900 914 2960 bonore,
937 2900 976 2953 uti
991 2900 1019 2952 in
1040 2898 1135 2953 eodem
1152 2897 1220 2952 libro
1236 2905 1344 2970 practer
1367 2895 1405 2972 bi·

119 2984 263 3040 :tonicam
278 2979 359 3038 lidem
374 2991 402 3038 et
416 2999 446 3038 ea
462 2999 530 3059 quae
546 2984 670 3057 superius
686 2983 799 3040 vidimus
815 2973 992 3057 praedicatui.

215 3066 250 3124 3.
271 3065 392 3123 Gelasius
407 3067 565 3143 pontificatu
582 3068 679 3143 adepto
695 3069 761 3125 nilril
776 3071 850 3143 prius
867 3068 967 3131 babuit,
984 3085 1063 3143 quam
1077 3078 1106 3124 ut
1118 3068 1278 3124 sententiam
1294 3065 1408 3120 adelice

121 3155 155 3211 nr
168 3153 306 3209 Acacium
319 3150 399 3210 latam
414 3152 580 3217 detenderet,
596 3161 624 3208 et
640 3170 691 3227 qua
707 3155 787 3209 animi
801 3155 951 3210 constantia
966 3171 1054 3228 quove
1064 3155 1174 3228 ingenio
1186 3155 1335 3208 instructus
1348 3149 1407 3212 init,

123 3237 214 3297 nullis
231 3253 285 3294 use
300 3239 432 3294 Anastasii
447 3239 617 3314 imperatoris
638 3240 715 3295 minis
731 3238 782 3294 sibi
798 3256 877 3314 saepe
892 3241 1030 3295 intentatis
1042 3257 1097 3296 nec
1112 3238 1287 3294 Orientalium
1303 3235 1407 3292 insidiis

122 3332 174 3381 ant
188 3321 373 3397 subterfugiis
387 3340 402 3379 a
416 3325 559 3399 proposito
579 3341 630 3380 suo
646 3325 777 3380 dimoveri
790 3318 920 3398 potuit2).
951 3324 1010 3380 Pari
1026 3325 1161 3399 vigilantii
1178 3332 1205 3379 et
1220 3325 1314 3397 vigore
1328 3321 1408 3376 aniani

123 3407 283 3482 tarneque
297 3407 434 3465 indefesso
449 3408 577 3482 providit,
599 3417 628 3465 ut
648 3411 729 3466 sartis
753 3412 830 3466 tectis
845 3410 918 3465 sedis
933 3426 997 3465 snae
1010 3409 1117 3481 juribus
1138 3418 1165 3465 et
1186 3409 1319 3482 dignitate
1339 3406 1408 3460 Con-

124 3492 392 3568 stantinopolitanae
408 3493 481 3550 urbis
496 3495 632 3551 antistites
643 3493 726 3566 justis
747 3494 875 3551 limitibus
891 3489 1104 3567 contrahereti).
1131 3494 1185 3550 Nec
1200 3494 1260 3568 quis
1275 3493 1337 3548 inde
1353 3492 1408 3547 cxi·

123 3581 237 3644 stimet,
251 3578 360 3634 eumad
375 3587 464 3637 cetera
479 3578 612 3636 Ecclesiae
627 3582 737 3655 negotia
753 3598 869 3655 unquam
886 3582 974 3636 minus
989 3582 1123 3637 intentum
1140 3581 1282 3653 minusque
1294 3577 1408 3633 liberum

125 3673 175 3722 aut
189 3662 353 3739 expeditum
368 3665 453 3721 visum
469 3665 563 3721 inisse.
593 3663 658 3736 Ejus
674 3667 781 3722 litterae
802 3675 829 3722 et
850 3674 893 3722 tot
914 3668 1059 3740 rescriptae
1082 3666 1250 3722 diversorum
1271 3662 1408 3718 corrsulta·

126 3752 232 3812 tinnea.
248 3765 365 3823 quarum
379 3749 505 3824 reliquias
521 3758 549 3806 et
564 3750 714 3825 fragmenta
730 3749 868 3808 hincinde
883 3767 989 3825 sparsas
1006 3752 1135 3825 colligere
1151 3768 1206 3806 non
1222 3749 1319 3823 piguit,
1343 3748 1408 3802 satis

125 3843 309 3898 attestantur,
333 3852 411 3908 quam
431 3835 505 3892 laute
521 3842 548 3891 et
563 3836 682 3909 perfecte
704 3838 792 3894 omnia
809 3835 909 3910 ubique
925 3838 1014 3891 munia
1036 3837 1133 3892 obierit
1156 3836 1273 3910 pastoris
1295 3831 1408 3906 vigilan·

126 3920 239 3978 tissimi.
270 3918 303 3974 ln
317 3918 414 3994 quibus
431 3937 512 3978 uuum
534 3937 598 3995 prae
615 3921 736 3978 omnibus
753 3922 861 3977 laudare
883 3922 969 3984 liceat,
986 3921 1190 3978 celeberrimum
1211 3918 1277 3975 illud
1293 3917 1326 3972 de
1341 3918 1408 3972 reci·

125 4006 236 4082 piendis
251 4013 282 4062 et
298 4022 354 4061 non
368 4006 528 4080 recipiendis
549 4004 624 4062 libris
639 4006 777 4064 decretum
795 4007 885 4081 (epist.
902 4006 964 4079 42).
1008 4007 1168 4063 Sanctorum
1190 4020 1322 4061 canonum
1344 4019 1424 4083 con-V

187 4225 219 4288 .¹)
237 4219 335 4286 Quum
358 4218 509 4272 secundum
529 4219 632 4274 librum
655 4219 842 4289 pontificalem
861 4222 890 4273 el
907 4222 1015 4273 veteres
1034 4218 1177 4287 catalogos
1196 4217 1273 4270 Felix
1291 4215 1317 4270 ΙΙ
1335 4233 1359 4269 a.
1380 4214 1405 4269 d.

122 4288 160 4346 VI
179 4290 246 4345 Kal.
266 4285 389 4342 Martias
407 4288 472 4342 anni
489 4294 540 4342 492
558 4288 680 4361 obiisset,
705 4291 734 4342 ei
751 4300 877 4343 cessasset
894 4294 1058 4357 episcopatus
1077 4293 1131 4341 dies
1149 4285 1330 4364 quidquam&
1349 4284 1407 4351 qui·

117 4359 190 4414 dem
210 4374 305 4412 annua
323 4358 356 4411 ei
372 4354 432 4409 dies
450 4355 574 4411 efficitur.
612 4355 662 4410 Cui
680 4356 802 4410 concinit
813 4356 909 4410 Victor
927 4355 1101 4409 'l'nnnnensis
1120 4355 1224 4408 Gelnsu
1241 4354 1322 4407 iniec
1335 4360 1406 4407 Ann-

120 4439 206 4484 stnsio
223 4438 253 4483 et
271 4429 346 4491 Iinso
363 4428 506 4478 comnibus
522 4440 636 4494 ponens.
681 4424 857 4478 Marcellinus
876 4441 967 4478 cornea
987 4424 1085 4477 eadem
1104 4428 1209 4477 Asterie
1228 4434 1254 4477 et
1269 4427 1408 4475 Praesidio
1483 4436 1488 4445 ·

120 4501 273 4552 canonibus
292 4493 324 4561 (i.
338 4509 363 4546 e.
383 4507 456 4546 anno
473 4499 534 4560 494)
557 4493 714 4561 assignans,
736 4493 798 4560 jam
820 4493 956 4546 refellitur
978 4492 1063 4561 ipsius
1086 4490 1224 4560 pontificis
1248 4489 1372 4560 epistolis
1390 4497 1406 4543 6

120 4568 151 4621 a
169 4573 211 4701 ¹3)
221 4570 299 4687 1lirlc
317 4626 465 4706 pertinent
481 4627 615 4706 epistolare
633 4635 657 4695 3,
677 4635 777 4706 t-ta„
788 4635 827 4690 18,
847 4635 888 4695 26,
907 4635 947 4694 2¹1,
965 4635 1006 4694 43,
1023 4627 1161 4680 tractatus
1180 4628 1213 4695 ΙΙ,
1232 4627 1279 4694 111,
1297 4626 1342 4680 IV.

188 4706 211 4772 ἵ)
231 4699 318 4755 Conf.
339 4713 448 4767 passam
466 4698 545 4767 epesi.
565 4699 668 4751 orbatae
686 4699 716 4751 ci
734 4700 813 4766 epist.
827 4703 868 4764 ⁶28,
887 4703 929 4763 29,
947 4703 988 4750 42.
