3204 5506
599 367 769 418 nrrs'ronu
795 359 824 417 6.
1283 353 1347 419 329

133 528 209 610 orion,
232 525 392 613 supposita
414 523 579 591 canalibus
607 524 763 590 varietate
786 523 960 610 virgarum,
990 522 1065 588 dum
1087 527 1189 610 potat,
1222 524 1347 591 illectus
1361 540 1455 589 asse.

131 629 273 697 adoriendi
300 627 514 694 delectatione
545 628 709 713 concepit,
744 626 827 711 quod
854 648 920 690 non
947 625 1061 691 habuit
1086 626 1122 691 in
1148 630 1281 713 natura,
1316 632 1348 693 et

129 733 274 816 inolitunw)
302 731 450 798 sensibus
472 729 656 824 pransfudit
681 730 716 795 in
744 729 881 815 prolem,
917 729 1000 814 quod
1027 729 1062 794 in
1090 730 1253 796 creatione
1280 753 1347 798 non

128 835 226 922 sumpsit.
266 833 358 912 Quod
378 838 458 900 tunc
480 833 591 918 utique
613 831 793 919 figuraliter
820 834 963 917 gestum,
1000 837 1033 896 et
1059 832 1094 898 in
1122 832 1347 900 ecclesiasticis

126 938 274 1025 nrifiurit
295 937 450 1024 gregibus
471 935 532 1001 hoe
553 935 708 1019 inimum,
732 937 766 1000 et
787 934 1036 1021 Pelagianorum
1051 935 1138 1001 Deus
1155 925 1347 1022 praevidens

126 1039 254 1106 elmuino
274 1043 309 1106 et
329 1038 517 1106 excitandas
544 1038 691 1103 fidelibus
720 1038 785 1102 suis
814 1038 1064 1123 decertationes,
1095 1039 1347 1126 intelligentiam

124 1144 290 1231 peperunt.

175 1247 198 1314 5.
229 1245 356 1312 Dooent
382 1245 491 1310 divina
523 1244 708 1309 testimonia
736 1248 769 1309 et
795 1244 866 1329 ipsa
892 1243 1117 1330 {ecclesiastica
1145 1254 1348 1312 sacramenta

121 1350 183 1414 etab
198 1350 263 1436 ipso
277 1347 418 1414 Domino
437 1346 601 1414 Salvatore
624 1346 854 1412 catholicorum
875 1347 1006 1412 traditio
1029 1348 1266 1433 magistrorum,
1290 1349 1346 1414 hu·

120 1471 197 1517 nnec
219 1450 438 1539 generationis
466 1449 647 1515 decolorata
674 1450 857 1534 primordia.
903 1449 990 1516 Hinc
1018 1454 1083 1534 est,
1118 1452 1201 1537 quod
1230 1452 1349 1518 clamat

120 1553 255 1639 propheta.-
280 1559 355 1632 Qais
373 1558 559 1635 ploriobitur
580 1563 695 1618 castum
717 1558 883 1618 scitabere
904 1575 966 1632 cor,
998 1566 1053 1618 aut
1079 1561 1221 1620 mundum
1244 1577 1307 1621 esse
1329 1578 1348 1620 u
1360 1546 1473 1669 J⁰b1t¹¹t

116 1664 232 1738 mettii
267 1662 332 1724 Nec
360 1660 482 1736 inserts,
511 1661 602 1736 cujas
623 1666 667 1721 est
692 1663 784 1745 anius
808 1662 871 1720 diei
895 1664 957 1722 vita
978 1661 1071 1736 saper
1092 1669 1217 1721 terrem.
1262 1657 1349 1723 Hinc
1379 1621 1419 1670 4⁶
1442 1621 1466 1670 δ’
1562 1710 1565 1716 .

119 1759 237 1845 atquod
250 1760 424 1832 itemdicit
438 1757 619 1843 Scriptum:
645 1763 716 1836 Quis
732 1768 834 1838 potest
852 1762 965 1835 secere
987 1766 1130 1825 mundum
1146 1766 1184 1825 de
1199 1766 1500 1835 immundolobnas.

118 1874 253 1944 receptum
273 1870 409 1928 semine?
442 1872 595 1928 nonnette
617 1868 770 1942 puteolus
791 1868 844 1926 cs?
881 1865 913 1926 et
941 1861 1033 1927 alibi:
1064 1866 1142 1938 Ouia
1163 1885 1276 1942 semen,
1302 1863 1349 1928 in-
1363 1835 1449 1972 1⁸3,

69 1952 74 2049 ξ
118 1963 173 2048 pit,
195 1978 260 2031 eret
279 1972 491 2038 meledictum
524 1986 585 2030 nec
612 1986 678 2030 non
701 1964 800 2029 etiarn
821 1963 927 2030 David
948 1965 1106 2049 propheta
1126 1968 1282 2031 testatur:
1309 1971 1481 2042 InPssoa.

69 2060 72 2081 ¹
118 2071 283 2147 durem
304 2079 465 2151 conceptas
485 2089 559 2147 swa,
584 2080 613 2133 et
635 2075 665 2133 in
688 2073 806 2134 delictis
822 2073 944 2148 peperit
967 2089 1013 2133 mc
1027 2078 1125 2132 meter
1140 2090 1216 2133 mea.
1255 2068 1347 2133 Etsi

117 2162 154 2233 loc
173 2169 220 2236 ille
245 2171 342 2254 dicit,
376 2155 448 2257 duis
476 2170 569 2236 aliter
598 2192 631 2236 se
659 2174 781 2235 asserat
808 2171 1035 2255 procreatum?
1077 2168 1197 2236 Beatus
1224 2192 1348 2257 quoque

118 2273 240 2354 spostolus
261 2273 383 2342 Paulus
410 2274 538 2339 asserit:
573 2278 614 2338 Et
639 2294 693 2339 nos
720 2279 887 2354 aliquando
914 2295 1034 2338 eamus
1061 2284 1177 2339 nature
1195 2281 1256 2352 filii
1282 2281 1489 2405 irucffphep.

116 2379 205 2442 dedet
223 2384 326 2444 ceteri.
362 2376 411 2441 De
432 2399 496 2462 qua
515 2377 564 2440 ira
578 2375 612 2441 in
629 2374 797 2461 evangelio
819 2376 913 2440 dicit:
944 2380 1001 2452 Oui
1021 2382 1187 2442 crediderit
1208 2389 1238 2442 et
1252 2383 1348 2458 bapti·
1363 2357 1500 2475 ,fflssfif

68 2538 71 2545 .
117 2485 175 2543 ttius
187 2482 300 2558 suerit,
329 2484 449 2545 hebebit
470 2486 561 2544 vitam
583 2489 756 2552 aeternam
787 2487 840 2559 qui
866 2491 963 2545 cutem
994 2502 1054 2545 non
1076 2486 1258 2564 crediderit,
1279 2486 1499 2561 jematsetss.
1544 2471 1547 2481 ’

68 2660 70 2677 Ι
113 2581 232 2654 idaeas
252 2594 307 2661 est,
332 2593 362 2647 ct
384 2589 433 2647 ire
461 2586 514 2647 lici
532 2572 635 2646 menet
656 2602 748 2662 super
770 2603 852 2647 eurr:
873 2581 931 2646 illa
952 2583 1073 2667 utique,
1097 2583 1135 2648 de
1151 2605 1214 2670 qua
1229 2582 1350 2649 dictum

68 2680 75 2751 l.
118 2681 157 2747 al:
172 2689 266 2751 Morte
287 2692 435 2751 moriens.
479 2683 553 2771 Ipse
575 2684 732 2750 Dominus
747 2684 842 2750 lesus
858 2683 1005 2752 Christus
1028 2685 1157 2751 coelesti
1179 2708 1257 2752 voce
1279 2707 1500 2778 lim-(tenent.

68 2804 70 2873 ξ
116 2785 224 2852 mist:
248 2790 309 2864 Qui
328 2808 389 2853 ron
410 2793 642 2855 manducaverit
663 2809 787 2854 curnem
802 2793 879 2854 Filii
899 2794 1027 2855 bominis
1048 2801 1077 2853 ct
1099 2795 1207 2855 bremt
1226 2796 1349 2870 scruput-
1362 2814 1500 2881 ΜΨ,

68 2904 70 2911 ·
117 2902 159 2951 tar
174 2895 244 2970 ejus,
266 2911 328 2956 non
350 2895 471 2955 babebit
491 2899 584 2957 vitem
608 2899 638 2955 in
660 2899 832 2972 semetipso:
861 2891 917 2956 ubi
945 2891 1054 2977 utique
1081 2892 1244 2958 neminem
1266 2892 1350 2956 vide-

75 3036 83 3049 .
118 3001 163 3054 ars
181 2995 363 3077 exceptum,
401 3014 461 3058 nec
490 3016 584 3059 ausus
613 2994 662 3058 est
690 2992 804 3078 aliquis
838 2993 958 3077 dicere,
996 2995 1164 3079 parvulum
1192 2994 1262 3060 sine
1289 2993 1351 3058 hoc

118 3096 280 3161 umento
301 3094 485 3181 salutari¹¹)
514 3096 553 3160 ad
582 3098 746 3161 aeternam
774 3096 875 3162 vitam
895 3118 988 3182 posse
1015 3097 1163 3181 perduci3
1196 3096 1267 3162 sine
1294 3096 1350 3161 illa

119 3191 190 3260 nitu
210 3195 275 3262 sita
296 3197 333 3262 in
354 3202 511 3283 perpetua
532 3197 677 3264 futurum
698 3201 800 3263 rnorte
823 3220 889 3263 non
911 3198 1042 3263 dubium
1064 3201 1121 3263 est.
1164 3197 1228 3264 Gur
1249 3198 1351 3283 igitur

120 3286 193 3362 bins
215 3296 277 3364 hac
304 3302 391 3365 sorte
420 3300 635 3383 concluditur,
670 3300 697 3364 si
725 3299 847 3365 nullam
874 3300 973 3365 habet
1000 3301 1130 3365 omnino
1158 3300 1351 3385 peccatum?

120 3386 248 3487 fflp'sqrn
277 3400 453 3486 ridebitur,
488 3402 572 3487 quod
605 3402 705 3485 absit,
739 3403 880 3486 injustus
902 3402 1006 3486 Deus,
1041 3403 1068 3467 si
1095 3402 1163 3468 illic
1184 3401 1351 3489 infligatur

165 3670 188 3740 ¹¹)
201 3671 273 3731 editt
289 3681 412 3738 motum,
433 3677 510 3745 quod
530 3675 630 3733 eodem
652 3676 735 3732 modo
757 3676 787 3730 in
809 3675 950 3732 veteribus
972 3676 1113 3733 codicibus
1136 3677 1221 3746 atque
1240 3683 1352 3733 inolitas

123 3744 254 3891 &utet
290 3758 358 3815 Mox
375 3758 444 3816 editi
460 3760 618 3830 iraitsfandit
640 3762 669 3816 et
691 3759 791 3817 deinde
810 3759 843 3816 G¹
859 3766 978 3829 fidelibus
994 3768 1047 3816 cair
1065 3768 1184 3818 &cuncti
1207 3769 1352 3819 crcwieres

172 3849 279 3908 pacm.

125 3996 128 4005 Ι
166 3924 189 3994 ”l
203 3923 259 3994 Quo
276 3929 384 3988 saliret
400 3931 524 4002 corporis
543 3949 576 3988 ac
593 3933 735 4002 sanguiris
752 3931 903 4004 participes
920 3932 1009 3989 fimus.
1042 3930 1177 3998 Quocirca
1188 3932 1352 4004 Fulgentius

122 4003 190 4066 Rhe
203 4013 280 4086 epist
291 4021 324 4073 12
341 4015 378 4074 ad
396 4016 567 4074 Ferrandum
585 4016 697 4085 asserit,
720 4037 767 4073 nec
788 4011 903 4088 cuiquem
920 4037 977 4074 stae
995 4025 1154 4088 eliquatcw
1172 4023 1350 4089 ametpendrar.

123 4093 350 4174 ¹¹¹‘usurpaturque
369 4108 480 4171 fidelium
502 4109 620 4172 corporis
641 4109 820 4174 aenpainisque
839 4108 965 4159 Dominici
983 4109 1137 4173 participem
1155 4110 1227 4171 fieri,
1250 4109 1352 4175 quando

123 4175 274 4248 *livium
291 4191 423 4243 morum
440 4193 558 4258 corporis
576 4192 672 4244 croire
688 4195 806 4257 efficitur,
830 4209 876 4245 nec
898 4194 1009 4243 alienari
1030 4192 1123 4244 abillo
1139 4194 1217 4258 partis
1235 4193 1351 4246 calicisve

124 4271 219 4333 mdo,
236 4277 335 4328 stimi
351 4284 486 4344 antequam
501 4292 594 4344 panem
611 4281 677 4329 ilium
694 4280 809 4330 comedat
825 4284 851 4328 et
869 4280 972 4328 calicem
989 4278 1065 4335 libet.
1093 4279 1125 4329 ds
1141 4278 1189 4328 ltoc
1206 4278 1307 4329 tundo
1325 4280 1351 4329 in

123 4347 187 4406 dut«
199 4363 312 4427 corporis
332 4362 427 4413 carad
443 4364 592 4415 constitutus
610 4363 740 4415 abscedat.
771 4359 812 4414 Ea
828 4374 904 4426 vero,
923 4375 995 4427 quae
1012 4376 1084 4415 nuno
1103 4357 1228 4414 Gelanos
1245 4357 1351 4426 scribit,

124 4437 267 4500 ililittteras
283 4444 349 4499 sunt
367 4443 416 4510 eis,
435 4460 507 4514 quae
524 4444 622 4514 Agust.
641 4443 720 4515 epist.
736 4450 784 4500 186
802 4463 829 4499 n.
841 4450 873 4500 28
886 4445 914 4499 et
927 4450 959 4499 29
978 4445 1063 4513 atque
1081 4444 1174 4500 Innoc.
1193 4461 1237 4516 ep.
1247 4449 1281 4500 ³0
1297 4450 1352 4501 no

124 4506 212 4582 Mers
243 4528 331 4598 scqn
347 4528 512 4599 Fulgentius
529 4529 591 4585 loco
611 4528 695 4587 citato
714 4530 793 4598 sequi
810 4546 840 4584 se
857 4529 1005 4600 profitetur
1022 4527 1178 4591 doctrinam
1195 4528 1351 4600 Augustini,

124 4607 146 4652 ¹⁰
155 4618 177 4661 ἢ
189 4608 242 4682 ipsa
256 4613 425 4671 maneam
443 4631 522 4671 suam
538 4614 611 4670 illius
628 4614 720 4671 verbis
737 4613 860 4671 illustrat
877 4630 910 4670 ac
928 4613 1080 4670 confirmat.
1108 4614 1152 4670 Ita
1170 4613 1256 4678 etiarn
1272 4613 1352 4672 Inno-

125 4685 197 4750 flllu
210 4712 241 4754 cr
256 4698 350 4755 verbis
366 4699 502 4755 iohannis
520 4706 569 4754 riri
585 4706 797 4756 mondwaveritir
810 4700 862 4756 etc.
881 4715 937 4755 non
950 4699 1133 4760 eucharistiae
1146 4699 1352 4773 percipiendae,

123 4766 157 4825 ”i
170 4774 285 4853 baptimi
307 4784 476 4858 suscipiendi
499 4785 609 4842 confidt
630 4785 833 4842 necessitatem.
869 4784 1069 4856 Intelligendus
1092 4787 1135 4842 est
1156 4785 1245 4865 igitur
1266 4785 1353 4844 etiarn
1384 4831 1392 4840 ,ι

124 4844 211 4951 iffi,
226 4868 270 4927 bic
287 4869 388 4927 eodem
405 4886 487 4927 sensu
505 4870 590 4942 loqui.
620 4872 723 4928 Postea
739 4878 795 4927 ne
815 4872 901 4927 etiam
919 4869 1002 4928 eliam
1021 4887 1133 4927 causam
1150 4872 1266 4945 profert,
1285 4871 1352 4941 quia

123 4936 195 5006 Q
206 4961 257 5012 slas
273 4959 428 5029 baptismate
444 4976 539 5028 corpur
556 4969 583 5011 ct
598 4963 744 5027 raspidum
762 4960 859 5013 Oiristi
876 4975 922 5012 nec
939 4963 1016 5013 cdere
1033 4965 1117 5014 orent
1135 4975 1181 5012 nec
1197 4967 1299 5029 potore.
