3224 5506
133 92 196 166 iao
592 120 620 167 s.
637 119 771 168 rsuram
795 119 821 166 11
843 118 957 167 ranna

28 285 113 334 1481
133 271 233 335 Basse
255 271 466 354 Ferentinati,
495 271 600 336 Felice
623 272 852 356 Antiatine¹⁰l,
882 272 1072 336 Innocentio
1094 271 1272 354 Mevauati,
1301 249 1461 337 Feli&

20 350 118 404 Μ·
134 373 327 459 Anagnino,
358 373 507 459 Benigno
535 374 787 458 Aquaerivensi,
818 375 949 437 Andrea
972 373 1144 452 Gabinati,
1172 371 1273 437 Decio
1296 340 1461 511 ’111111ιῆ

133 475 370 559 Tabcruarum,
411 475 571 560 Cypriane
599 474 821 551 Numentane,
861 475 1041 539 Athanasio
1070 474 1266 555 Albauensi,
1306 472 1402 537 Vitalr

132 577 298 657 Fundano,
328 577 424 641 Petro
446 577 588 657 Lorensi,
626 577 815 641 Constantio
838 576 978 658 Sutrino,
1001 575 1199 641 Felicissimo
1222 575 1398 656 Sabineusi,

134 680 315 744 Gaudentio
327 679 562 744 Fereclodiensi
575 679 623 763 ¹¹),
649 678 817 743 Bonifacie
831 678 1008 762 Veliterno,
1033 678 1161 742 Asterie
1184 677 1397 758 Ferenevano,

132 780 268 845 Remulo
295 781 522 864 Praenestino,
559 780 706 862 Victore,
745 780 884 862 Donate,
913 780 1047 844 Rustico
1074 785 1107 843 et
1134 779 1288 843 Pardulie
1319 779 1401 842 Afris

131 884 303 968 episcopis,
334 887 365 946 et
387 883 581 967 presbyteris
604 882 747 965 Rustice,
778 882 956 966 Urbico¹³),
990 881 1144 961 Firmino,
1173 880 1325 962 Pauline,
1350 879 1404 945 Ca·

131 986 226 1063 stine,
245 984 351 1065 Petro,
370 983 544 1069 Simplicio,
558 984 706 1068 Valente,
724 984 908 1067 Laurentio,
925 984 1032 1067 Petro,
1049 983 1198 1066 Canusio,
1215 981 1407 1065 Valentino,

124 1086 257 1169 -Cassie,
287 1086 475 1169 Paschasie,
507 1087 619 1171 Petro,
649 1086 856 1169 Vincomalo,
886 1087 1025 1170 Asterie,
1054 1085 1240 1168 Laurentio,
1270 1083 1409 1167 Sorano,

131 1189 280 1270 Canusio,
297 1188 483 1271 Valentino,
509 1189 628 1271 Cassie,
647 1187 829 1272 Paschasie,
847 1189 953 1270 Petro,
971 1188 1111 1269 Asterie,
1128 1186 1245 1269 leone,
1262 1186 1412 1268 Asterie,

1 1282 118 1403 Usaf-
130 1290 375 1373 ¹‘Euchenim
393 1291 512 1373 Asello,
530 1291 551 1355 J
553 1292 695 1381 anuarie,
713 1290 893 1373 Beuifacie,
911 1291 1087 1372 Marciana,
1104 1288 1210 1371 Petro,
1228 1288 1413 1373 Gordiano,

7 1367 118 1473 :iiiito
131 1393 319 1479 Smaragde,
348 1393 455 1475 Petro,
486 1392 665 1475 Bonifacie,
695 1392 825 1476 Lepide,
855 1392 968 1477 Xysto,
995 1391 1171 1473 Maxentio,
1195 1390 1307 1472 Petro,
1332 1390 1415 1474 Epi-

131 1496 261 1580 phanio,
286 1494 470 1569 Paschasie‚
495 1494 690 1579 Epiphanio,
716 1494 831 1575 Felice,
856 1494 995 1577 Asterie,
1019 1492 1182 1574 Petronio,
1199 1491 1312 1574 Petro,
1329 1490 1417 1556 Lau-

130 1599 245 1679 rentio,
267 1598 408 1680 iustine,
432 1597 615 1681 Fulgentie,
639 1597 755 1678 Felice,
781 1595 924 1677 Calliste,
949 1595 1145 1676 Alexandro,
1167 1593 1330 1679 Romano,
1348 1593 1417 1659 Re·

130 1701 247 1781 demte,
270 1700 431 1782 Jehauue,
456 1698 654 1781 Projectitie,
678 1698 864 1780 Valentino,
892 1696 1072 1778 Bonifacie‚
1097 1694 1303 1777 Sebastiano,
1328 1694 1417 1761 Lau-

129 1803 244 1884 rentio,
274 1801 482 1883 Martiniano,
511 1800 645 1882 Jebino,
675 1799 869 1883 Epiphanie,
899 1798 1100 1882 Epiphanio,
1129 1796 1275 1879 Andrea,
1305 1795 1415 1882 Bone,

129 1903 236 1985 Petro,
267 1902 363 1967 Serve
386 1902 462 1986 Dei,
488 1901 647 1985 Opilieuc,
671 1902 779 1982 Petro,
810 1900 1010 1983 Sebastiano,
1041 1899 1214 1982 Servande,
1243 1898 1415 1983 Romano,

130 2005 329 2087 Marcelline,
358 2004 531 2086 Domuino,
560 2003 667 2085 Petro,
699 2003 852 2087 Agapito,
882 2002 1014 2066 Juliane
1039 2005 1072 2066 et
1094 2001 1329 2084 Abundanti03
1359 2001 1417 2066 ad-

130 2107 290 2171 stantibus
313 2128 436 2190 queque
459 2106 655 2188 diaconibus,
680 2106 769 2168 Felix
793 2105 960 2189 episcopus
984 2103 1159 2168 catholicae
1176 2102 1268 2167 urbis
1286 2102 1417 2181 Minae

130 2208 316 2291 praesidens
339 2208 460 2291 synode
483 2208 579 2272 dixit:

215 2310 245 2372 2.
293 2315 461 2374 Cemmanis
487 2317 576 2374 dolor
597 2322 627 2374 et
647 2317 800 2389 petieratis
822 2322 866 2374 est
885 2317 1021 2389 penitas,
1052 2315 1134 2388 qued
1155 2316 1240 2374 intra
1264 2313 1416 2388 Afri'carn

131 2418 336 2492 rebaptizatos
357 2419 448 2476 ctiam
471 2419 635 2492 episcopos,
656 2419 847 2494 presbyteres
869 2419 1070 2492 diaconosque
1089 2402 1296 2490 coenavimus.
1329 2416 1417 2488 Quas

131 2535 180 2577 res
201 2520 265 2577 sine
287 2520 377 2578 dabie
400 2521 443 2577 aci
464 2525 592 2578 uestram
617 2535 733 2593 queque
749 2522 890 2594 peruenit
912 2521 1048 2579 notitiam
1070 2519 1258 2578 sanctitatis:
1290 2520 1332 2578 de
1354 2535 1417 2594 quo

131 2622 206 2694 qaia
227 2622 383 2680 obseruari
403 2621 518 2686 debeat,
546 2623 693 2680 ordinare
715 2637 767 2679 nes
788 2623 934 2680 convenii.
975 2621 1107 2680 Proinde
1128 2627 1161 2680 ut
1182 2619 1355 2693 manifesta
1378 2624 1419 2682 sit

104 2722 224 2797 ‘saper
245 2723 300 2782 lieo
323 2730 428 2782 nostra
450 2725 607 2796 sententia,
632 2740 711 2795 quae
733 2724 816 2782 nobis
837 2732 906 2782 sunt
927 2725 1000 2790 uisa,
1024 2723 1200 2782 recitentur.

216 2820 408 2883 Anastasius
429 2820 582 2883 diaconas
606 2819 768 2883 recitarit:
792 2819 1001 2905 Sanctitas¹¹)
1025 2822 1131 2884 vestra
1152 2819 1319 2885 universis
1348 2822 1417 2906 epi-

132 2922 236 3005 scopis
259 2943 316 3004 per
338 2922 481 2986 diversas
503 2922 685 3004 provincias
709 2922 900 2985 constituta.

176 3011 182 3028 ¹
216 3024 246 3087 3.
292 3022 436 3098 Qualiter
465 3025 499 3087 in
522 3023 686 3087 Africanis
709 3023 893 3108 regionibus
916 3024 1035 3087 astutia
1057 3022 1176 3086 diaboli
1199 3024 1360 3089 saevierit
1381 3025 1416 3090 in

131 3124 284 3208 populum
307 3124 535 3208 Christianum,
565 3130 659 3210 atque
687 3127 721 3189 in
748 3127 780 3189 id
808 3125 977 3209 multiplici
1001 3125 1188 3208 deceptione
1210 3127 1414 3212 proruperit,

131 3413 195 3449 iuss.
231 3396 318 3450 Perre
337 3401 489 3458 Ferentium,
509 3403 670 3453 Ferentinum
689 3399 899 3452 etFerentanum
918 3397 1093 3467 distinguunt
1109 3397 1279 3467 geographi,
1304 3416 1339 3454 ac
1357 3399 1415 3470 pri·

131 3472 206 3533 mim
225 3481 253 3533 et
271 3481 419 3535 secundam
437 3483 520 3537 urbes
540 3481 712 3551 episcopales
730 3482 812 3537 fuisse
832 3483 989 3547 observant,
1007 3498 1063 3535 uon
1080 3483 1264 3551 postremam.

202 3566 231 3633 ¹⁰)
249 3566 281 3617 ln
298 3565 399 3634 plurib.
419 3585 482 3620 mss.
498 3571 636 3622 Anteatine
655 3569 684 3620 et
701 3584 764 3621 mex
777 3572 906 3622 Mivanntr'
922 3567 966 3622 vel
979 3572 1107 3621 Mibanati
1124 3565 1195 3635 (H¹);
1220 3570 1338 3624 o'o¹c¹⁰
1357 3574 1416 3625 Me·

132 3657 265 3704 concatenat
281 3653 311 3704 et
328 3668 393 3704 mox
409 3655 647 3715 ¹Triamtubernensi
722 3659 921 3707 Nomentanensi
993 3657 1130 3706 Laterensi.

201 3735 231 3801 ¹¹)
250 3734 287 3787 Η8
305 3740 506 3803 Fierepodiensi,
524 3737 562 3789 H¹¹
580 3741 800 3792 Foreclaadiensi.

200 3821 231 3886 ¹¹)
249 3820 281 3872 In
303 3819 424 3888 vulgatis
447 3837 480 3874 ex
498 3826 529 3875 st
557 3822 728 3890 presbyteris
754 3822 828 3876 infra
849 3820 1000 3875 nominatis
1026 3821 1205 3875 recensentur
1230 3822 1348 3876 tantum
1374 3826 1415 3887 76,

132 3903 238 3958 caussis
257 3904 387 3973 quinque,
405 3921 523 3974 querum
541 3906 654 3960 uomina
672 3924 705 3961 ex
722 3924 785 3960 mss.
800 3908 972 3961 revocantur.
1004 3904 1178 3973 Quamquam
1197 3905 1324 3976 suspicio
1343 3906 1414 3962 mihi

131 3989 206 4043 haud
224 4007 320 4059 parva,
338 3991 397 4044 sela
414 3990 521 4044 incuria
542 3992 664 4058 quadam
680 3991 788 4046 librarii
807 3993 928 4061 quinque
947 3989 1060 4045 uomina
1078 3989 1145 4058 (scil.
1166 3994 1291 4052 Canusio,
1314 3997 1415 4048 Veien-

132 4081 193 4137 iine,
214 4080 309 4136 Cassio,
328 4080 477 4137 Pascissie,
497 4080 587 4143 Petro)
611 4076 752 4145 duplicata
774 4094 840 4132 esse.
887 4076 967 4130 Certe
990 4073 1113 4145 vulgatis
1132 4075 1229 4129 favent
1247 4075 1299 4130 Ηιο
1312 4076 1351 4132 0⁸
1374 4078 1415 4133 iu

133 4158 202 4212 haee
223 4159 455 4229 perstringentes:
482 4165 652 4215 residentibus
675 4168 750 4215 etiam
771 4166 929 4230 presbyteris
943 4164 1074 4214 LXXVI.
1120 4157 1253 4214 Ceterum
1282 4161 1414 4218 ordinem

132 4243 172 4296 ibi
189 4261 290 4311 sequor
308 4248 344 4310 al,
363 4262 446 4314 quem
464 4244 549 4299 ctiam
566 4245 603 4298 Ης
620 4247 747 4316 praebet,
766 4246 832 4300 dum
851 4245 918 4301 editi
937 4244 1023 4299 alium
1041 4244 1181 4298 exhibent.

202 4332 233 4395 ¹³)
251 4330 288 4382 Ηθ
302 4333 406 4385 Urbine.
443 4330 549 4384 Deinde
568 4333 632 4400 post
650 4335 798 4386 diaconibus
815 4330 864 4383 ΗΙο
882 4329 961 4383 addit
978 4336 1018 4384 aet
1035 4340 1124 4384 cuncte
1143 4336 1223 4385 ciero.

202 4415 232 4480 ¹¹)
251 4414 294 4467 lta
311 4431 384 4477 mss,
402 4414 430 4467 in
448 4415 548 4482 quibus
567 4419 647 4484 gesta
663 4416 788 4486 praelixa
805 4417 877 4469 sunt.
902 4415 934 4468 ln
947 4415 1054 4481 ceteris,
1072 4413 1215 4482 inquibus
1227 4415 1412 4486 omittuntur,

132 4496 277 4565 inscriptio
295 4499 418 4567 ponitur:
439 4504 614 4554 Dilectissimis
629 4505 757 4568 frutribus
774 4506 899 4554 uniuersis
917 4505 1045 4568 episeopis
1060 4518 1112 4567 per
1129 4501 1244 4553 Siciliam
1263 4508 1415 4559 cemimus

133 4586 211 4635 Felix
228 4589 253 4634 in
266 4587 371 4637 liciniae
389 4591 503 4638 salutern.
531 4586 563 4637 lu
581 4585 701 4655 vulgatis
720 4587 827 4639 autem:
847 4590 1024 4638 Dilectissimis
1041 4590 1067 4638 in
1079 4587 1182 4638 Christe
1197 4586 1262 4639 Jesu
1278 4589 1414 4653 fratribus

112 4673 256 4755 ,anirrersis
274 4674 402 4736 episcopis
418 4689 468 4736 per
484 4675 630 4737 prouincias
647 4677 800 4727 constitutis.
