3204 5506
504 338 773 388 mmmm
1208 334 1272 399 π

98 491 257 568 sanctum,
290 490 316 553 si
344 491 535 574 resipiscant
568 495 600 555 et
629 494 803 579 corrigant,
839 499 871 559 ct
898 497 950 561 hic
978 499 1023 562 eis
1046 503 1079 564 et
1101 501 1133 565 in
1162 502 1270 568 futuro

98 592 127 658 lo
140 592 340 675 remittatur,
363 615 423 657 nec
445 593 519 657 indo
534 595 636 678 possit
651 595 781 661 Domini
805 598 967 684 nutarem)
990 603 1163 686 sententia,
1188 627 1269 688 quae

108 694 189 761 tales
211 694 321 779 ntique
351 700 577 778 permanentes
599 718 788 780 permanere
810 699 896 764 dicta
919 704 977 784 est,
1008 725 1072 768 nou
1096 705 1181 768 cirea
1203 729 1268 770 non

102 797 243 861 effectos.
282 797 438 872 Quamdiu
467 801 574 862 autem
596 800 629 862 in
653 799 713 864 hoc
735 805 880 884 manent,
904 804 985 866 tales
1013 809 1099 887 suut,
1123 808 1269 891 qualibus

98 899 313 964 ’emittendum
330 921 398 963 esse
413 902 589 985 praefixum
613 906 670 966 cst.
695 901 797 977 Quum
814 907 920 968 auteur
936 905 977 968 ab
990 906 1049 970 hoc
1066 909 1267 992 recesserint,

99 1002 168 1068 ales
190 1002 384 1086 efficimrtur,
409 1002 556 1086 qualibus
579 1027 644 1068 non
664 1004 892 1069 remittendum
908 1028 976 1070 esse
991 1008 1191 1091 praedictum
1208 1015 1266 1095 cst,

99 1125 123 1168 a)
143 1126 210 1168 non
232 1104 352 1168 talibus
375 1104 496 1169 effectis
518 1108 678 1189 potestat
700 1106 801 1171 hicet
823 1108 857 1171 in
872 1108 981 1173 futuro
1003 1111 1180 1198 saeculo⁵⁰)
1199 1113 1269 1196 jam

99 1205 129 1270 ti.
155 1205 319 1290 Alioquin,
344 1208 427 1291 quod
443 1208 537 1290 absit,
560 1208 680 1271 frustra
696 1208 858 1274 rideretur
872 1210 1017 1274 Ecclesia
1041 1211 1221 1296 hujusmodi
1229 1216 1268 1298 51)

99 1306 337 1373 aconciliatione
360 1309 531 1392 suscipere.
576 1307 658 1384 Quia
681 1313 787 1374 autem
809 1312 957 1376 frustrari
980 1335 1045 1377 uon
1067 1317 1184 1399 potest,
1208 1316 1268 1380 hoc

99 1412 163 1474 actu
184 1409 287 1474 modis
302 1409 461 1495 omnibus,
485 1412 574 1475 salva
591 1411 722 1476 Domini
739 1415 911 1498 sententia,
935 1415 1184 1498 praedicandum
1207 1420 1266 1500 est,

99 1534 151 1576 um
174 1512 213 1575 ad
237 1534 295 1576 nos
317 1513 468 1595 pertinet,
493 1512 623 1576 omnino
646 1537 712 1578 non
733 1536 836 1599 posse.

99 1621 112 1677 l.
149 1612 238 1678 Talis
260 1615 361 1698 igitur
383 1615 488 1679 dictus
510 1617 559 1679 est
582 1616 732 1698 Aeacius,
755 1616 859 1701 qualis
882 1618 1001 1704 ligatus
1024 1622 1083 1701 cst,
1114 1641 1267 1701 nunquam

99 1722 245 1782 eluendas.
290 1716 378 1780 Talis
406 1739 504 1800 usque
527 1717 561 1780 in
584 1718 681 1782 finem
702 1740 771 1783 csse
793 1720 981 1802 permansit,
1013 1720 1088 1784 talis
1111 1744 1267 1786 essenon

99 1818 136 1900 it3
157 1819 253 1904 itam)
276 1818 351 1882 talis
374 1819 422 1881 est
444 1818 537 1883 hodie
553 1819 656 1903 qualis
672 1822 768 1884 estet
791 1821 905 1903 dietus,
931 1844 995 1885 uon
1020 1821 1094 1885 talis
1118 1845 1186 1886 csse
1198 1823 1266 1905 jani
1323 1817 1338 1831 ‘

99 1922 207 2002 potest.
254 1920 426 2004 Nunquam
454 1920 554 2005 igitur
582 1922 657 1985 talis
684 1923 902 2005 permanendo
928 1923 1096 1987 solvendus
1119 1927 1184 2006 est,
1213 1926 1267 2008 qui

99 2023 121 2086 is
143 2045 212 2086 esse
235 2023 403 2089 desisteret
412 2023 464 2107 ⁵³),
497 2044 557 2086 nec
581 2023 614 2086 in
637 2046 703 2088 nou
726 2024 784 2088 tali
806 2024 1036 2107 permansisset
1063 2037 1092 2088 at
1113 2048 1266 2104 tracquata

99 2131 264 2189 eluendum:
293 2124 453 2207 quianon
484 2123 574 2206 talia,
605 2126 708 2209 qualis
736 2127 840 2190 dictus
871 2128 920 2189 est
947 2149 1101 2205 nunquam
1124 2149 1188 2191 csse
1209 2134 1266 2192 sol·

99 2250 117 2311 a,
140 2230 250 2312 posset
271 2225 402 2308 absolvi,
427 2229 459 2290 et
475 2228 588 2311 non-¹¹⁴)
604 2227 662 2290 tali
685 2251 850 2312 uunquam
864 2235 940 2293 solui
953 2227 1124 2310 recederet,
1149 2230 1182 2291 ct
1198 2228 1267 2293 ideo

100 2336 125 2393 ai
139 2341 242 2409 posset
267 2329 442 2393 accederet.
467 2368 507 2375 —-
536 2328 675 2412 Quadi-⁵)
695 2330 785 2393 sedes
806 2329 982 2413 apostolica
1002 2352 1068 2393 nou
1091 2332 1265 2414 consensit,

100 2434 250 2514 operator
272 2431 434 2516 imposuit,
465 2452 524 2495 nec
548 2430 718 2494 Anatolius
750 2432 925 2516 usurpavit,
955 2435 1130 2516 totumque,
1163 2437 1199 2494 nt
1221 2433 1266 2497 di-

117 2536 166 2596 est
188 2532 223 2596 in
246 2532 329 2597 sedis
352 2533 547 2617 apostolieae
569 2533 709 2616 positrun
731 2536 902 2616 potestate.
948 2533 999 2596 lta
1021 2536 1103 2616 qnod
1127 2536 1267 2598 limravit

100 2634 171 2698 rodo
187 2636 277 2698 sedes
294 2634 480 2717 apostoliea,
504 2635 564 2698 hoc
580 2635 675 2697 robur
691 2634 841 2717 obtinuit,
866 2637 949 2719 qnod
965 2636 1129 2719 refutavit,
1147 2635 1265 2699 habere

100 2736 194 2800 ›otuit
215 2736 417 2801 firmitatem:
446 2736 526 2822 etti)
557 2735 624 2798 sola
654 2736 818 2819 rescindit,
849 2736 931 2820 quod
966 2741 1093 2820 practer
1121 2738 1266 2801 ordinem

112 2940 149 2993 D'
160 2941 181 2994 F
184 2951 201 2975 ω
214 2941 242 2993 d¹
261 2946 362 3002 araturi,
381 2941 415 2992 Ι)1
436 2946 528 2993 arctari.

113 3025 140 3079 d'
159 3024 248 3079 omitt.
261 3034 361 3079 sacerdo
374 3030 446 3092 jam:
465 3028 490 3077 a'
505 3028 531 3078 cl
549 3042 605 3093 seq.
624 3031 726 3077 sacerdo
745 3045 793 3078 non
812 3024 910 3077 eontra
922 3041 985 3076 mss.
1006 3022 1101 3089 (etiarn
1114 3024 1151 3076 D²
1164 3024 1203 3076 ΡΜ
1217 3025 1264 3093 N³)

100 3115 112 3163 ².
147 3110 212 3163 Mox
229 3109 306 3162 D¹d¹
325 3116 450 3164 videatur.
595 3157 599 3167 ,

113 3195 140 3248 d¹
159 3194 239 3249 addit
256 3199 366 3248 dorainec
383 3200 417 3246 in.
454 3193 518 3247 Mox
536 3194 573 3246 Df'
586 3200 700 3259 sciaena,
717 3194 752 3246 D¹
766 3194 802 3246 D²
818 3197 958 3258 [radicare.
994 3191 1102 3245 Deinde
1120 3195 1146 3245 a'
1162 3196 1188 3244 (⁶²
1206 3212 1263 3261 seq.

111 3299 198 3347 parce,
221 3285 334 3348 praeter
351 3278 434 3332 fidem
453 3277 624 3331 curteriorunr
642 3278 707 3331 edit.
728 3279 836 3329 otinas.
857 3294 908 3329 uec
925 3295 981 3329 nou
999 3276 1166 3330 seutentiam
1185 3278 1264 3332 Gela-

101 3366 112 3416 i
134 3364 246 3432 quidem
269 3363 351 3416 docet
374 3363 631 3431 blasphemantibus
650 3362 679 3414 in
691 3361 825 3430 Spiritum
843 3361 969 3414 sanctum
987 3361 1134 3429 peccatum
1153 3361 1264 3416 omniuo

101 3467 140 3502 ion
163 3465 256 3520 posse,
279 3460 395 3518 quantam
419 3454 454 3500 acl
476 3469 522 3501 nos
545 3448 609 3513 (hoc
632 3448 674 3500 cst
697 3448 831 3515 quantum
855 3444 890 3498 ad
909 3444 1027 3513 judices)
1048 3452 1174 3512 pertinet.
1199 3445 1263 3498 licet

101 3537 221 3590 amantes
244 3532 297 3602 ipsi
318 3531 427 3601 possint
449 3533 553 3598 faeere,
576 3534 607 3584 ut
631 3531 800 3596 dimittatru,
823 3531 845 3583 si
868 3529 1061 3598 blasphemare
1085 3529 1215 3584 desinant
1232 3550 1265 3584 aa

101 3621 232 3688 irogent.

116 3704 255 3774 d¹,11aqae
272 3709 331 3757 talis
401 3704 449 3757 aeli
468 3722 517 3756 noa
536 3709 603 3756 talis.
639 3703 667 3754 a¹
680 3718 711 3755 cc
728 3698 833 3754 ibidem
852 3698 941 3753 omitt.
961 3710 994 3753 et.

114 3789 148 3841 D*
160 3789 188 3842 d¹
208 3775 346 3843 destitisset
418 3786 691 3855 pcmrrauctcscl,tu1u
710 3802 772 3837 cum
791 3804 809 3837 a
828 3805 951 3853 autequam
964 3796 1031 3839 essct
1043 3791 1186 3852 calcandas,
1206 3804 1264 3838 eor·

123 3872 167 3927 Sic
189 3874 263 3927 enim
285 3873 355 3927 haee
377 3870 514 3926 sententia
535 3869 729 3938 intelligenda,
754 3867 832 3937 quasi
854 3869 1007 3939 legaretur:
1036 3889 1081 3923 nec
1104 3876 1129 3922 in
1152 3890 1200 3924 aare
1219 3876 1265 3922 aad

101 3965 176 4013 ancer
194 3955 225 4013 τὸ
245 3979 369 4028 antiquam
387 3961 615 4017 enecabantur,
639 3954 692 4007 hoc
710 3955 764 4007 est:
788 3953 811 4005 si
833 3952 897 4006 talis
916 3971 974 4008 esse
993 3953 1132 4008 desineret
1150 3953 1177 4007 in
1199 3971 1264 4021 qua·

102 4045 144 4097 cta
160 4045 204 4098 est
220 4040 370 4108 sententia,
389 4040 528 4094 desineret
546 4039 631 4093 etiam
649 4040 678 4092 et
694 4039 722 4091 in
741 4055 803 4091 cum
821 4055 877 4092 uon
896 4038 1009 4091 caderet
1022 4038 1145 4091 clausula
1156 4040 1263 4092 seut-en·

101 4148 193 4197 taquam
211 4149 265 4180 enm
283 4146 338 4180 esce
356 4131 508 4180 scrivendum.

116 4212 220 4267 Clarius
244 4211 393 4266 diceretur:
418 4212 446 4264 ct
469 4228 486 4262 a
504 4226 558 4262 non
582 4208 632 4263 tali
654 4204 685 4263 τὸ
710 4229 832 4278 nunqnam
854 4213 917 4261 salai
938 4205 1087 4260 recederet.
1129 4205 1264 4269 Quocirca

101 4297 165 4352 ectio
183 4298 211 4350 d'
231 4309 257 4350 el
275 4318 323 4351 noa
342 4302 400 4350 talia
418 4317 540 4364 aaaanna
560 4301 655 4348 solidas
673 4297 822 4347 abscederet
834 4289 979 4345 (ielasinae
991 4290 1077 4343 luenti
1095 4308 1207 4359 prorsus
1220 4292 1263 4343 est

101 4381 144 4436 n'a

120 4465 220 4521 Totam
242 4467 315 4520 hane
336 4465 481 4535 periodum
504 4482 589 4533 nsque
613 4464 648 4518 ad
671 4464 752 4515 finem
776 4468 791 4515 9
813 4461 858 4514 hie
880 4476 1028 4529 perperam
1050 4457 1181 4512 insertum
1205 4477 1261 4513 mo·

101 4549 150 4605 [aff.
165 4553 194 4606 et
205 4550 285 4618 Ball,
305 4551 452 4619 aptiusque
471 4550 534 4618 post
552 4548 599 4602 illa
611 4555 666 4601 Η
686 4566 749 4616 qaaere
767 4556 873 4599 noceant
887 4551 1002 4612 refutare
1021 4541 1179 4609 adjicienda
1191 4559 1259 4597 esser.

117 4635 143 4689 d'
162 4640 247 4691 Solum
265 4655 327 4703 erpo
345 4641 464 4689 reccidit:
482 4633 667 4687 renitentibus
686 4630 746 4684 aliis
764 4629 842 4684 libris
861 4629 907 4696 (θ’
924 4632 1018 4682 tamen
1036 4631 1159 4694 reccidit).
1191 4628 1262 4692 Quo·

102 4721 225 4775 actionem
242 4720 382 4774 illustrant
400 4720 468 4773 haec
487 4719 565 4788 epist.
586 4724 618 4770 26
636 4736 661 4770 n.
679 4725 721 4770 ld:
739 4722 819 4784 ipsum
836 4721 933 4769 beatum
954 4734 1047 4782 papan
1069 4717 1176 4767 Leonem
1193 4719 1263 4767 redte

102 4812 153 4861 icae
173 4813 328 4876 praesulem,
355 4813 428 4874 cujas·
450 4811 560 4872 synodus
586 4807 796 4856 Calchedoueusab
817 4806 970 4855 auctoritate
988 4807 1092 4866 firmana
1114 4807 1164 4860 eet,
1190 4802 1261 4867 qaid-

102 4896 153 4954 ἵνα,
172 4912 246 4962 quara
264 4894 296 4943 ab
315 4896 400 4945 eodem
417 4910 466 4957 pro
482 4896 534 4956 fide
552 4901 577 4941 ct
595 4893 761 4941 comuumr'oue
774 4892 915 4954 apostoliea
933 4891 983 4939 illic
999 4888 1122 4953 apeadam
1133 4893 1263 4937 coactaret
