<?xml version="1.0" encoding="UTF-8"?>
<!DOCTYPE html PUBLIC "-//W3C//DTD XHTML 1.0 Transitional//EN"
    "http://www.w3.org/TR/xhtml1/DTD/xhtml1-transitional.dtd">
<html xmlns="http://www.w3.org/1999/xhtml" xml:lang="en" lang="en">
 <head>
  <title>
</title>
<meta http-equiv="Content-Type" content="text/html;charset=utf-8" />
  <meta name='ocr-system' content='tesseract 3.04.00' />
  <meta name='ocr-capabilities' content='ocr_page ocr_carea ocr_par ocr_line ocrx_word'/>
</head>
<body>
  <div class='ocr_page' id='page_1' title='image "./epistolaeromano00thiegoog/epistolaeromano00thiegoog_0217.png"; bbox 0 0 3204 5506; ppageno 0'>
   <div class='ocr_carea' id='block_1_1' title="bbox 188 313 1026 378">
    <p class='ocr_par' dir='ltr' id='par_1_1' title="bbox 188 313 1026 378">
     <span class='ocr_line' id='line_1_1' title="bbox 188 313 1026 378; baseline -0.004 0"><span class='ocrx_word' id='word_1_1' title='bbox 188 313 250 378; x_wconf 85' lang='grc'><strong>168</strong></span> <span class='ocrx_word' id='word_1_2' title='bbox 672 329 699 376; x_wconf 78' lang='lat' dir='ltr'><strong>a.</strong></span> <span class='ocrx_word' id='word_1_3' title='bbox 718 327 840 376; x_wconf 78' lang='lat' dir='ltr'><strong>umam</strong></span> <span class='ocrx_word' id='word_1_4' title='bbox 862 327 976 375; x_wconf 74' lang='lat' dir='ltr'><strong>parsu</strong></span> <span class='ocrx_word' id='word_1_5' title='bbox 1022 332 1026 340; x_wconf 88' lang='grc'><em>·</em></span> 
     </span>
    </p>
   </div>
   <div class='ocr_carea' id='block_1_2' title="bbox 80 482 1470 774">
    <p class='ocr_par' dir='ltr' id='par_1_2' title="bbox 80 482 1470 774">
     <span class='ocr_line' id='line_1_2' title="bbox 80 482 1470 568; baseline 0.001 -21"><span class='ocrx_word' id='word_1_6' title='bbox 80 498 174 547; x_wconf 78' lang='lat' dir='ltr'><strong>a.465.</strong></span> <span class='ocrx_word' id='word_1_7' title='bbox 187 484 329 568; x_wconf 88' lang='lat' dir='ltr'><strong>provecti</strong></span> <span class='ocrx_word' id='word_1_8' title='bbox 353 488 437 565; x_wconf 82' lang='lat' dir='ltr'><strong>smrt,</strong></span> <span class='ocrx_word' id='word_1_9' title='bbox 463 505 532 547; x_wconf 70' lang='lat' dir='ltr'><strong>cim]</strong></span> <span class='ocrx_word' id='word_1_10' title='bbox 556 482 620 546; x_wconf 87' lang='lat' dir='ltr'><strong>suis</strong></span> <span class='ocrx_word' id='word_1_11' title='bbox 643 482 825 547; x_wconf 86' lang='lat' dir='ltr'><strong>auctoribus</strong></span> <span class='ocrx_word' id='word_1_12' title='bbox 846 482 1022 547; x_wconf 77' lang='lat' dir='ltr'>meruerint</span> <span class='ocrx_word' id='word_1_13' title='bbox 1043 482 1233 565; x_wconf 85' lang='lat' dir='ltr'><strong>submoveri,</strong></span> <span class='ocrx_word' id='word_1_14' title='bbox 1256 482 1321 548; x_wconf 85' lang='lat' dir='ltr'><strong>hac</strong></span> <span class='ocrx_word' id='word_1_15' title='bbox 1335 484 1470 548; x_wconf 86' lang='lat' dir='ltr'><strong>ratione</strong></span> 
     </span>
     <span class='ocr_line' id='line_1_3' title="bbox 112 584 1470 683; baseline 0 -33"><span class='ocrx_word' id='word_1_16' title='bbox 112 664 117 683; x_wconf 50' lang='lat'><strong>,</strong></span> <span class='ocrx_word' id='word_1_17' title='bbox 187 587 361 669; x_wconf 75' lang='lat' dir='ltr'><strong>firmanam,</strong></span> <span class='ocrx_word' id='word_1_18' title='bbox 385 586 412 649; x_wconf 89' lang='lat' dir='ltr'><strong>si</strong></span> <span class='ocrx_word' id='word_1_19' title='bbox 434 607 494 649; x_wconf 90' lang='lat' dir='ltr'><strong>nec</strong></span> <span class='ocrx_word' id='word_1_20' title='bbox 509 585 622 648; x_wconf 86' lang='lat' dir='ltr'><strong>viduae</strong></span> <span class='ocrx_word' id='word_1_21' title='bbox 644 585 777 648; x_wconf 86' lang='lat' dir='ltr'><strong>maritus</strong></span> <span class='ocrx_word' id='word_1_22' title='bbox 800 584 897 649; x_wconf 88' lang='lat' dir='ltr'><strong>fuerit</strong></span> <span class='ocrx_word' id='word_1_23' title='bbox 919 585 1096 670; x_wconf 71' lang='lat' dir='ltr'><strong>(piusquam,</strong></span> <span class='ocrx_word' id='word_1_24' title='bbox 1120 584 1200 672; x_wconf 79' lang='lat' dir='ltr'><strong>et¹²)</strong></span> <span class='ocrx_word' id='word_1_25' title='bbox 1222 585 1258 650; x_wconf 90' lang='lat' dir='ltr'><strong>in</strong></span> <span class='ocrx_word' id='word_1_26' title='bbox 1279 586 1380 650; x_wconf 89' lang='lat' dir='ltr'><strong>unius</strong></span> <span class='ocrx_word' id='word_1_27' title='bbox 1404 586 1470 650; x_wconf 72' lang='lat' dir='ltr'><strong>vir·</strong></span> 
     </span>
     <span class='ocr_line' id='line_1_4' title="bbox 187 686 1469 774; baseline 0.002 -23"><span class='ocrx_word' id='word_1_28' title='bbox 187 688 274 774; x_wconf 78' lang='lat' dir='ltr'><strong>ginis</strong></span> <span class='ocrx_word' id='word_1_29' title='bbox 295 687 426 771; x_wconf 75' lang='lat' dir='ltr'><strong>nuptias</strong></span> <span class='ocrx_word' id='word_1_30' title='bbox 454 709 491 751; x_wconf 87' lang='lat' dir='ltr'><strong>ac</strong></span> <span class='ocrx_word' id='word_1_31' title='bbox 512 691 587 750; x_wconf 87' lang='lat' dir='ltr'><strong>vota</strong></span> <span class='ocrx_word' id='word_1_32' title='bbox 609 686 805 769; x_wconf 87' lang='lat' dir='ltr'><strong>convenerit,</strong></span> <span class='ocrx_word' id='word_1_33' title='bbox 829 687 913 750; x_wconf 87' lang='lat' dir='ltr'><strong>sicut</strong></span> <span class='ocrx_word' id='word_1_34' title='bbox 940 692 973 751; x_wconf 92' lang='lat' dir='ltr'><strong>et</strong></span> <span class='ocrx_word' id='word_1_35' title='bbox 998 687 1118 772; x_wconf 81' lang='lat' dir='ltr'><strong>legalia</strong></span> <span class='ocrx_word' id='word_1_36' title='bbox 1141 687 1318 752; x_wconf 85' lang='lat' dir='ltr'><strong>constituta</strong></span> <span class='ocrx_word' id='word_1_37' title='bbox 1340 687 1469 772; x_wconf 82' lang='lat' dir='ltr'><strong>praeci·</strong></span> 
     </span>
    </p>
   </div>
   <div class='ocr_carea' id='block_1_3' title="bbox 35 784 1470 986">
    <p class='ocr_par' dir='ltr' id='par_1_3' title="bbox 35 784 1470 986">
     <span class='ocr_line' id='line_1_5' title="bbox 92 784 1469 876; baseline 0.001 -22"><span class='ocrx_word' id='word_1_38' title='bbox 92 784 157 837; x_wconf 85' lang='lat' dir='ltr'><strong>Lev.</strong></span> <span class='ocrx_word' id='word_1_39' title='bbox 187 790 281 876; x_wconf 80' lang='lat' dir='ltr'><strong>pirmt</strong></span> <span class='ocrx_word' id='word_1_40' title='bbox 303 789 453 854; x_wconf 89' lang='lat' dir='ltr'><strong>dicende:</strong></span> <span class='ocrx_word' id='word_1_41' title='bbox 498 793 650 855; x_wconf 78' lang='lat' dir='ltr'><strong><em>Sacerdos</em></strong></span> <span class='ocrx_word' id='word_1_42' title='bbox 671 795 816 868; x_wconf 66' lang='lat' dir='ltr'><strong>accirem</strong></span> <span class='ocrx_word' id='word_1_43' title='bbox 839 810 966 854; x_wconf 77' lang='lat' dir='ltr'><strong>oaorem</strong></span> <span class='ocrx_word' id='word_1_44' title='bbox 987 796 1131 870; x_wconf 70' lang='lat' dir='ltr'><strong>accepia,</strong></span> <span class='ocrx_word' id='word_1_45' title='bbox 1162 811 1222 854; x_wconf 79' lang='lat' dir='ltr'><strong>aon</strong></span> <span class='ocrx_word' id='word_1_46' title='bbox 1243 795 1379 869; x_wconf 80' lang='lat' dir='ltr'><strong>viduam,</strong></span> <span class='ocrx_word' id='word_1_47' title='bbox 1406 811 1469 855; x_wconf 75' lang='lat' dir='ltr'><strong>non</strong></span> 
     </span>
     <span class='ocr_line' id='line_1_6' title="bbox 35 857 1470 986; baseline -0.001 -27"><span class='ocrx_word' id='word_1_48' title='bbox 35 857 396 986; x_wconf 51' lang='lat' dir='ltr'><strong>Ez‚i4i4‘‚¹2{]repadiatam;</strong></span> <span class='ocrx_word' id='word_1_49' title='bbox 419 891 592 956; x_wconf 86' lang='lat' dir='ltr'><strong>secundum</strong></span> <span class='ocrx_word' id='word_1_50' title='bbox 614 891 697 975; x_wconf 90' lang='lat' dir='ltr'><strong>quod</strong></span> <span class='ocrx_word' id='word_1_51' title='bbox 721 890 819 955; x_wconf 89' lang='lat' dir='ltr'><strong>etiam</strong></span> <span class='ocrx_word' id='word_1_52' title='bbox 840 891 953 955; x_wconf 87' lang='lat' dir='ltr'><strong>beatus</strong></span> <span class='ocrx_word' id='word_1_53' title='bbox 976 892 1138 976; x_wconf 88' lang='lat' dir='ltr'><strong>apostolus</strong></span> <span class='ocrx_word' id='word_1_54' title='bbox 1163 890 1283 956; x_wconf 86' lang='lat' dir='ltr'><strong>Paulus</strong></span> <span class='ocrx_word' id='word_1_55' title='bbox 1305 891 1470 977; x_wconf 78' lang='lat' dir='ltr'><strong>magister</strong></span> 
     </span>
    </p>
   </div>
   <div class='ocr_carea' id='block_1_4' title="bbox 83 992 1471 2199">
    <p class='ocr_par' dir='ltr' id='par_1_4' title="bbox 83 992 1471 2199">
     <span class='ocr_line' id='line_1_7' title="bbox 130 992 1469 1081; baseline 0.001 -23"><span class='ocrx_word' id='word_1_56' title='bbox 130 1070 136 1081; x_wconf 29' lang='grc' dir='ltr'>ι</span> <span class='ocrx_word' id='word_1_57' title='bbox 188 994 333 1078; x_wconf 82' lang='lat' dir='ltr'><strong>gentium</strong></span> <span class='ocrx_word' id='word_1_58' title='bbox 360 994 399 1057; x_wconf 90' lang='lat' dir='ltr'><strong>de</strong></span> <span class='ocrx_word' id='word_1_59' title='bbox 421 993 481 1077; x_wconf 88' lang='lat' dir='ltr'><strong>bis,</strong></span> <span class='ocrx_word' id='word_1_60' title='bbox 506 994 559 1077; x_wconf 91' lang='lat' dir='ltr'><strong>qui</strong></span> <span class='ocrx_word' id='word_1_61' title='bbox 581 993 649 1057; x_wconf 89' lang='lat' dir='ltr'><strong>fieri</strong></span> <span class='ocrx_word' id='word_1_62' title='bbox 673 992 856 1057; x_wconf 87' lang='lat' dir='ltr'><strong>desiderant</strong></span> <span class='ocrx_word' id='word_1_63' title='bbox 878 994 1070 1077; x_wconf 80' lang='lat' dir='ltr'>sacerdotes,</span> <span class='ocrx_word' id='word_1_64' title='bbox 1099 993 1228 1078; x_wconf 85' lang='lat' dir='ltr'><strong>propria</strong></span> <span class='ocrx_word' id='word_1_65' title='bbox 1255 992 1469 1059; x_wconf 86' lang='lat' dir='ltr'><strong>institutione</strong></span> 
     </span>
     <span class='ocr_line' id='line_1_8' title="bbox 83 1071 1469 1194; baseline -0.001 -33"><span class='ocrx_word' id='word_1_66' title='bbox 83 1071 174 1194; x_wconf 50' lang='grc' dir='ltr'><strong>Ἦ·</strong></span> <span class='ocrx_word' id='word_1_67' title='bbox 187 1119 253 1161; x_wconf 92' lang='lat' dir='ltr'><strong>non</strong></span> <span class='ocrx_word' id='word_1_68' title='bbox 276 1097 386 1173; x_wconf 83' lang='lat' dir='ltr'><strong>tacuit,</strong></span> <span class='ocrx_word' id='word_1_69' title='bbox 409 1095 533 1159; x_wconf 77' lang='lat' dir='ltr'><strong>ebosus:</strong></span> <span class='ocrx_word' id='word_1_70' title='bbox 573 1100 667 1160; x_wconf 77' lang='lat' dir='ltr'><strong>Unice</strong></span> <span class='ocrx_word' id='word_1_71' title='bbox 693 1102 800 1159; x_wconf 70' lang='lat' dir='ltr'><strong>risoris</strong></span> <span class='ocrx_word' id='word_1_72' title='bbox 821 1101 929 1160; x_wconf 73' lang='lat' dir='ltr'><strong>odram.</strong></span> <span class='ocrx_word' id='word_1_73' title='bbox 975 1095 1123 1181; x_wconf 61' lang='lat' dir='ltr'><strong>Cujusffi)</strong></span> <span class='ocrx_word' id='word_1_74' title='bbox 1145 1098 1257 1160; x_wconf 89' lang='lat' dir='ltr'><strong>tenore</strong></span> <span class='ocrx_word' id='word_1_75' title='bbox 1279 1097 1469 1161; x_wconf 85' lang='lat' dir='ltr'><strong>sententiae</strong></span> 
     </span>
     <span class='ocr_line' id='line_1_9' title="bbox 121 1181 1469 1283; baseline 0.001 -21"><span class='ocrx_word' id='word_1_76' title='bbox 121 1181 128 1206; x_wconf 81' lang='grc'><strong>’</strong></span> <span class='ocrx_word' id='word_1_77' title='bbox 157 1183 162 1193; x_wconf 58' lang='grc'><em>’</em></span> <span class='ocrx_word' id='word_1_78' title='bbox 188 1198 235 1262; x_wconf 88' lang='lat' dir='ltr'><strong>ita</strong></span> <span class='ocrx_word' id='word_1_79' title='bbox 257 1197 422 1262; x_wconf 89' lang='lat' dir='ltr'><strong>informati</strong></span> <span class='ocrx_word' id='word_1_80' title='bbox 452 1219 520 1260; x_wconf 90' lang='lat' dir='ltr'><strong>esse</strong></span> <span class='ocrx_word' id='word_1_81' title='bbox 548 1196 681 1278; x_wconf 87' lang='lat' dir='ltr'><strong>debetis,</strong></span> <span class='ocrx_word' id='word_1_82' title='bbox 711 1196 828 1260; x_wconf 88' lang='lat' dir='ltr'><strong>fratres</strong></span> <span class='ocrx_word' id='word_1_83' title='bbox 856 1197 1023 1280; x_wconf 82' lang='lat' dir='ltr'><strong>carissimi,</strong></span> <span class='ocrx_word' id='word_1_84' title='bbox 1055 1202 1090 1262; x_wconf 92' lang='lat' dir='ltr'><strong>ut</strong></span> <span class='ocrx_word' id='word_1_85' title='bbox 1117 1198 1203 1263; x_wconf 91' lang='lat' dir='ltr'><strong>inter</strong></span> <span class='ocrx_word' id='word_1_86' title='bbox 1230 1200 1350 1282; x_wconf 83' lang='lat' dir='ltr'><strong>cetera,</strong></span> <span class='ocrx_word' id='word_1_87' title='bbox 1384 1220 1469 1283; x_wconf 86' lang='lat' dir='ltr'><strong>quae</strong></span> 
     </span>
     <span class='ocr_line' id='line_1_10' title="bbox 189 1298 1469 1385; baseline 0.001 -21"><span class='ocrx_word' id='word_1_88' title='bbox 189 1299 331 1364; x_wconf 82' lang='lat' dir='ltr'><strong>carenda</strong></span> <span class='ocrx_word' id='word_1_89' title='bbox 360 1303 446 1381; x_wconf 89' lang='lat' dir='ltr'><strong>sunt,</strong></span> <span class='ocrx_word' id='word_1_90' title='bbox 475 1300 554 1362; x_wconf 88' lang='lat' dir='ltr'><strong>haec</strong></span> <span class='ocrx_word' id='word_1_91' title='bbox 583 1298 738 1362; x_wconf 77' lang='lat' dir='ltr'><strong>studeatis</strong></span> <span class='ocrx_word' id='word_1_92' title='bbox 765 1300 937 1383; x_wconf 82' lang='lat' dir='ltr'>praecipue</span> <span class='ocrx_word' id='word_1_93' title='bbox 967 1299 1130 1383; x_wconf 87' lang='lat' dir='ltr'><strong>custodiri,</strong></span> <span class='ocrx_word' id='word_1_94' title='bbox 1161 1321 1242 1384; x_wconf 88' lang='lat' dir='ltr'><strong>quae</strong></span> <span class='ocrx_word' id='word_1_95' title='bbox 1265 1300 1469 1385; x_wconf 83' lang='lat' dir='ltr'><strong>cognoscitis</strong></span> 
     </span>
     <span class='ocr_line' id='line_1_11' title="bbox 188 1400 1468 1486; baseline 0.001 -20"><span class='ocrx_word' id='word_1_96' title='bbox 188 1405 264 1466; x_wconf 90' lang='lat' dir='ltr'><strong>ante</strong></span> <span class='ocrx_word' id='word_1_97' title='bbox 286 1403 435 1466; x_wconf 80' lang='lat' dir='ltr'><strong>universa</strong></span> <span class='ocrx_word' id='word_1_98' title='bbox 457 1400 614 1465; x_wconf 85' lang='lat' dir='ltr'><strong>mandari.</strong></span> <span class='ocrx_word' id='word_1_99' title='bbox 659 1400 699 1464; x_wconf 90' lang='lat' dir='ltr'><strong>In</strong></span> <span class='ocrx_word' id='word_1_100' title='bbox 721 1401 835 1484; x_wconf 88' lang='lat' dir='ltr'><strong>quibus</strong></span> <span class='ocrx_word' id='word_1_101' title='bbox 858 1402 956 1465; x_wconf 89' lang='lat' dir='ltr'><strong>etiam</strong></span> <span class='ocrx_word' id='word_1_102' title='bbox 978 1401 1237 1486; x_wconf 89' lang='lat' dir='ltr'><strong>prospiciendum</strong></span> <span class='ocrx_word' id='word_1_103' title='bbox 1258 1405 1319 1485; x_wconf 88' lang='lat' dir='ltr'><strong>est,</strong></span> <span class='ocrx_word' id='word_1_104' title='bbox 1343 1423 1389 1467; x_wconf 88' lang='lat' dir='ltr'><strong>ne</strong></span> <span class='ocrx_word' id='word_1_105' title='bbox 1404 1401 1468 1467; x_wconf 88' lang='lat' dir='ltr'><strong>duo</strong></span> 
     </span>
     <span class='ocr_line' id='line_1_12' title="bbox 188 1502 1469 1589; baseline 0.002 -22"><span class='ocrx_word' id='word_1_106' title='bbox 188 1502 282 1567; x_wconf 88' lang='lat' dir='ltr'><strong>simul</strong></span> <span class='ocrx_word' id='word_1_107' title='bbox 305 1503 371 1567; x_wconf 89' lang='lat' dir='ltr'><strong>sint</strong></span> <span class='ocrx_word' id='word_1_108' title='bbox 393 1504 428 1567; x_wconf 93' lang='lat' dir='ltr'><strong>in</strong></span> <span class='ocrx_word' id='word_1_109' title='bbox 439 1505 486 1588; x_wconf 77' lang='grc'><strong>19).</strong></span> <span class='ocrx_word' id='word_1_110' title='bbox 498 1525 563 1567; x_wconf 89' lang='lat' dir='ltr'><strong>una</strong></span> <span class='ocrx_word' id='word_1_111' title='bbox 584 1502 719 1567; x_wconf 88' lang='lat' dir='ltr'><strong>ecclesia</strong></span> <span class='ocrx_word' id='word_1_112' title='bbox 735 1503 926 1586; x_wconf 69' lang='lat' dir='ltr'><strong>sacerdotes,</strong></span> <span class='ocrx_word' id='word_1_113' title='bbox 950 1525 1010 1568; x_wconf 90' lang='lat' dir='ltr'><strong>nec</strong></span> <span class='ocrx_word' id='word_1_114' title='bbox 1032 1503 1212 1568; x_wconf 88' lang='lat' dir='ltr'><strong>litterarum</strong></span> <span class='ocrx_word' id='word_1_115' title='bbox 1234 1503 1385 1589; x_wconf 77' lang='lat' dir='ltr'><strong>ignauis,</strong></span> <span class='ocrx_word' id='word_1_116' title='bbox 1410 1508 1469 1569; x_wconf 84' lang='lat' dir='ltr'><strong>aut</strong></span> 
     </span>
     <span class='ocr_line' id='line_1_13' title="bbox 189 1604 1470 1697; baseline 0.002 -28"><span class='ocrx_word' id='word_1_117' title='bbox 189 1627 302 1669; x_wconf 87' lang='lat' dir='ltr'><strong>carens</strong></span> <span class='ocrx_word' id='word_1_118' title='bbox 325 1604 433 1689; x_wconf 88' lang='lat' dir='ltr'><strong>aliqua</strong></span> <span class='ocrx_word' id='word_1_119' title='bbox 455 1610 547 1689; x_wconf 88' lang='lat' dir='ltr'><strong>parte</strong></span> <span class='ocrx_word' id='word_1_120' title='bbox 569 1606 799 1686; x_wconf 87' lang='lat' dir='ltr'><strong>membronun,</strong></span> <span class='ocrx_word' id='word_1_121' title='bbox 827 1606 875 1668; x_wconf 87' lang='lat' dir='ltr'><strong>vel</strong></span> <span class='ocrx_word' id='word_1_122' title='bbox 900 1604 998 1669; x_wconf 84' lang='lat' dir='ltr'><strong>etiarn</strong></span> <span class='ocrx_word' id='word_1_123' title='bbox 1020 1605 1107 1690; x_wconf 80' lang='lat' dir='ltr'><strong>ex²⁰)</strong></span> <span class='ocrx_word' id='word_1_124' title='bbox 1136 1604 1381 1689; x_wconf 86' lang='lat' dir='ltr'><strong>poenitentibus</strong></span> <span class='ocrx_word' id='word_1_125' title='bbox 1398 1605 1470 1697; x_wconf 65' lang='lat' dir='ltr'><strong>ali·</strong></span> 
     </span>
     <span class='ocr_line' id='line_1_14' title="bbox 188 1705 1471 1791; baseline 0.002 -21"><span class='ocrx_word' id='word_1_126' title='bbox 188 1707 259 1790; x_wconf 90' lang='lat' dir='ltr'><strong>quis</strong></span> <span class='ocrx_word' id='word_1_127' title='bbox 288 1706 326 1770; x_wconf 89' lang='lat' dir='ltr'><strong>ad</strong></span> <span class='ocrx_word' id='word_1_128' title='bbox 351 1729 477 1770; x_wconf 88' lang='lat' dir='ltr'><strong>sacrum</strong></span> <span class='ocrx_word' id='word_1_129' title='bbox 499 1707 711 1771; x_wconf 88' lang='lat' dir='ltr'><strong>ministerium</strong></span> <span class='ocrx_word' id='word_1_130' title='bbox 736 1727 865 1791; x_wconf 87' lang='lat' dir='ltr'><strong>prorsus</strong></span> <span class='ocrx_word' id='word_1_131' title='bbox 888 1707 1013 1771; x_wconf 88' lang='lat' dir='ltr'><strong>sinatur</strong></span> <span class='ocrx_word' id='word_1_132' title='bbox 1036 1706 1197 1772; x_wconf 88' lang='lat' dir='ltr'><strong>accedere.</strong></span> <span class='ocrx_word' id='word_1_133' title='bbox 1241 1705 1313 1773; x_wconf 91' lang='lat' dir='ltr'><strong>Nec</strong></span> <span class='ocrx_word' id='word_1_134' title='bbox 1335 1709 1471 1773; x_wconf 76' lang='lat' dir='ltr'><strong>tantm</strong></span> 
     </span>
     <span class='ocr_line' id='line_1_15' title="bbox 188 1807 1468 1896; baseline 0.003 -25"><span class='ocrx_word' id='word_1_135' title='bbox 188 1807 308 1892; x_wconf 88' lang='lat' dir='ltr'><strong>putetis</strong></span> <span class='ocrx_word' id='word_1_136' title='bbox 331 1809 503 1892; x_wconf 77' lang='lat' dir='ltr'><strong>petitiones</strong></span> <span class='ocrx_word' id='word_1_137' title='bbox 526 1809 631 1873; x_wconf 84' lang='lat' dir='ltr'><strong>valere</strong></span> <span class='ocrx_word' id='word_1_138' title='bbox 653 1808 856 1894; x_wconf 90' lang='lat' dir='ltr'><strong>populorum,</strong></span> <span class='ocrx_word' id='word_1_139' title='bbox 891 1812 927 1872; x_wconf 90' lang='lat' dir='ltr'><strong>ut</strong></span> <span class='ocrx_word' id='word_1_140' title='bbox 948 1831 1045 1893; x_wconf 83' lang='lat' dir='ltr'><strong>qumn</strong></span> <span class='ocrx_word' id='word_1_141' title='bbox 1066 1808 1116 1873; x_wconf 86' lang='lat' dir='ltr'><strong>bis</strong></span> <span class='ocrx_word' id='word_1_142' title='bbox 1139 1808 1304 1896; x_wconf 80' lang='lat' dir='ltr'><strong>parere²¹)</strong></span> <span class='ocrx_word' id='word_1_143' title='bbox 1332 1810 1468 1895; x_wconf 86' lang='lat' dir='ltr'><strong>cupitis,</strong></span> 
     </span>
     <span class='ocr_line' id='line_1_16' title="bbox 143 1900 1471 1997; baseline 0.005 -24"><span class='ocrx_word' id='word_1_144' title='bbox 143 1900 146 1905; x_wconf 55' lang='grc'><strong>’</strong></span> <span class='ocrx_word' id='word_1_145' title='bbox 189 1909 388 1974; x_wconf 84' lang='lat' dir='ltr'><strong>voluntatem</strong></span> <span class='ocrx_word' id='word_1_146' title='bbox 410 1911 470 1974; x_wconf 91' lang='lat' dir='ltr'><strong>Dei</strong></span> <span class='ocrx_word' id='word_1_147' title='bbox 493 1911 606 1994; x_wconf 85' lang='lat' dir='ltr'><strong>nostri,</strong></span> <span class='ocrx_word' id='word_1_148' title='bbox 635 1911 688 1995; x_wconf 83' lang='lat' dir='ltr'><strong>qui</strong></span> <span class='ocrx_word' id='word_1_149' title='bbox 716 1932 775 1974; x_wconf 90' lang='lat' dir='ltr'><strong>nos</strong></span> <span class='ocrx_word' id='word_1_150' title='bbox 801 1932 934 1994; x_wconf 88' lang='lat' dir='ltr'><strong>peccare</strong></span> <span class='ocrx_word' id='word_1_151' title='bbox 956 1910 1120 1995; x_wconf 84' lang='lat' dir='ltr'><strong>prohibet,</strong></span> <span class='ocrx_word' id='word_1_152' title='bbox 1150 1910 1317 1976; x_wconf 74' lang='lat' dir='ltr'><strong>deseratis</strong></span> <span class='ocrx_word' id='word_1_153' title='bbox 1363 1910 1471 1997; x_wconf 79' lang='lat' dir='ltr'><strong>Cujus</strong></span> 
     </span>
     <span class='ocr_line' id='line_1_17' title="bbox 189 2004 1471 2098; baseline 0.004 -24"><span class='ocrx_word' id='word_1_154' title='bbox 189 2010 372 2097; x_wconf 84' lang='lat' dir='ltr'><strong>indignatio</strong></span> <span class='ocrx_word' id='word_1_155' title='bbox 400 2035 438 2076; x_wconf 86' lang='lat' dir='ltr'><strong>ex</strong></span> <span class='ocrx_word' id='word_1_156' title='bbox 466 2012 526 2076; x_wconf 90' lang='lat' dir='ltr'><strong>hoc</strong></span> <span class='ocrx_word' id='word_1_157' title='bbox 554 2013 684 2097; x_wconf 84' lang='lat' dir='ltr'><strong>gravius</strong></span> <span class='ocrx_word' id='word_1_158' title='bbox 718 2015 943 2096; x_wconf 84' lang='lat' dir='ltr'><strong>commoretur,</strong></span> <span class='ocrx_word' id='word_1_159' title='bbox 972 2013 1047 2096; x_wconf 87' lang='lat' dir='ltr'><strong>quia</strong></span> <span class='ocrx_word' id='word_1_160' title='bbox 1069 2012 1254 2098; x_wconf 80' lang='lat' dir='ltr'><strong>benignitas</strong></span> <span class='ocrx_word' id='word_1_161' title='bbox 1276 2004 1359 2097; x_wconf 78' lang='lat' dir='ltr'><strong>ejus,</strong></span> <span class='ocrx_word' id='word_1_162' title='bbox 1391 2012 1471 2079; x_wconf 88' lang='lat' dir='ltr'><strong>dum</strong></span> 
     </span>
     <span class='ocr_line' id='line_1_18' title="bbox 190 2113 1387 2199; baseline 0.003 -22"><span class='ocrx_word' id='word_1_163' title='bbox 190 2114 272 2178; x_wconf 91' lang='lat' dir='ltr'><strong>fiunt</strong></span> <span class='ocrx_word' id='word_1_164' title='bbox 293 2114 407 2179; x_wconf 86' lang='lat' dir='ltr'><strong>illicita</strong></span> <span class='ocrx_word' id='word_1_165' title='bbox 430 2137 487 2199; x_wconf 88' lang='lat' dir='ltr'><strong>per</strong></span> <span class='ocrx_word' id='word_1_166' title='bbox 510 2137 563 2179; x_wconf 88' lang='lat' dir='ltr'><strong>eos</strong></span> <span class='ocrx_word' id='word_1_167' title='bbox 585 2115 639 2199; x_wconf 91' lang='lat' dir='ltr'><strong>qui</strong></span> <span class='ocrx_word' id='word_1_168' title='bbox 661 2118 737 2178; x_wconf 89' lang='lat' dir='ltr'><strong>sunt</strong></span> <span class='ocrx_word' id='word_1_169' title='bbox 759 2114 951 2199; x_wconf 90' lang='lat' dir='ltr'><strong>interpretes</strong></span> <span class='ocrx_word' id='word_1_170' title='bbox 974 2115 1176 2199; x_wconf 84' lang='lat' dir='ltr'><strong>placationis,</strong></span> <span class='ocrx_word' id='word_1_171' title='bbox 1200 2113 1387 2186; x_wconf 86' lang='lat' dir='ltr'><strong>offenditur.</strong></span> 
     </span>
    </p>
   </div>
   <div class='ocr_carea' id='block_1_5' title="bbox 806 2268 846 2332">
    <p class='ocr_par' dir='ltr' id='par_1_5' title="bbox 806 2268 846 2332">
     <span class='ocr_line' id='line_1_19' title="bbox 806 2268 846 2332; baseline 0.025 -1"><span class='ocrx_word' id='word_1_172' title='bbox 806 2268 846 2332; x_wconf 90' lang='lat' dir='ltr'><strong>V.</strong></span> 
     </span>
    </p>
   </div>
   <div class='ocr_carea' id='block_1_6' title="bbox 189 2385 1474 2980">
    <p class='ocr_par' dir='ltr' id='par_1_6' title="bbox 189 2385 1474 2980">
     <span class='ocr_line' id='line_1_20' title="bbox 272 2385 1472 2472; baseline 0.002 -21"><span class='ocrx_word' id='word_1_173' title='bbox 272 2387 304 2450; x_wconf 78' lang='lat'><strong>6.</strong></span> <span class='ocrx_word' id='word_1_174' title='bbox 350 2385 396 2451; x_wconf 91' lang='lat' dir='ltr'><strong>Ut</strong></span> <span class='ocrx_word' id='word_1_175' title='bbox 424 2389 530 2450; x_wconf 70' lang='lat' dir='ltr'><strong>aretem</strong></span> <span class='ocrx_word' id='word_1_176' title='bbox 560 2386 669 2450; x_wconf 82' lang='lat' dir='ltr'><strong>omnia</strong></span> <span class='ocrx_word' id='word_1_177' title='bbox 702 2386 878 2450; x_wconf 88' lang='lat' dir='ltr'><strong>secundum</strong></span> <span class='ocrx_word' id='word_1_178' title='bbox 907 2387 997 2470; x_wconf 89' lang='lat' dir='ltr'><strong>haec,</strong></span> <span class='ocrx_word' id='word_1_179' title='bbox 1028 2408 1109 2471; x_wconf 89' lang='lat' dir='ltr'><strong>quae</strong></span> <span class='ocrx_word' id='word_1_180' title='bbox 1137 2386 1334 2472; x_wconf 84' lang='lat' dir='ltr'><strong>scripsimus,</strong></span> <span class='ocrx_word' id='word_1_181' title='bbox 1369 2389 1472 2454; x_wconf 82' lang='lat' dir='ltr'><strong>corri-</strong></span> 
     </span>
     <span class='ocr_line' id='line_1_21' title="bbox 189 2487 1473 2573; baseline 0.003 -20"><span class='ocrx_word' id='word_1_182' title='bbox 189 2491 319 2573; x_wconf 83' lang='lat' dir='ltr'><strong>gantur,</strong></span> <span class='ocrx_word' id='word_1_183' title='bbox 343 2492 528 2572; x_wconf 84' lang='lat' dir='ltr'><strong>praesentes</strong></span> <span class='ocrx_word' id='word_1_184' title='bbox 551 2488 675 2551; x_wconf 88' lang='lat' dir='ltr'><strong>litteras</strong></span> <span class='ocrx_word' id='word_1_185' title='bbox 697 2487 838 2570; x_wconf 86' lang='lat' dir='ltr'><strong>Trajano</strong></span> <span class='ocrx_word' id='word_1_186' title='bbox 860 2489 1055 2554; x_wconf 85' lang='lat' dir='ltr'><strong>subdiacono</strong></span> <span class='ocrx_word' id='word_1_187' title='bbox 1077 2490 1188 2569; x_wconf 84' lang='lat' dir='ltr'><strong>nostro</strong></span> <span class='ocrx_word' id='word_1_188' title='bbox 1210 2488 1364 2554; x_wconf 84' lang='lat' dir='ltr'><strong>veniente</strong></span> <span class='ocrx_word' id='word_1_189' title='bbox 1385 2489 1473 2557; x_wconf 88' lang='lat' dir='ltr'><strong>dire·</strong></span> 
     </span>
     <span class='ocr_line' id='line_1_22' title="bbox 190 2589 1472 2674; baseline 0.003 -21"><span class='ocrx_word' id='word_1_190' title='bbox 190 2591 304 2654; x_wconf 86' lang='lat' dir='ltr'><strong>ximus.</strong></span> <span class='ocrx_word' id='word_1_191' title='bbox 349 2589 438 2665; x_wconf 74' lang='lat' dir='ltr'><strong>Quod</strong></span> <span class='ocrx_word' id='word_1_192' title='bbox 461 2591 487 2653; x_wconf 90' lang='lat' dir='ltr'><strong>si</strong></span> <span class='ocrx_word' id='word_1_193' title='bbox 511 2591 661 2653; x_wconf 89' lang='lat' dir='ltr'><strong>Irenaeus</strong></span> <span class='ocrx_word' id='word_1_194' title='bbox 684 2589 849 2672; x_wconf 88' lang='lat' dir='ltr'><strong>episcopus</strong></span> <span class='ocrx_word' id='word_1_195' title='bbox 873 2591 912 2655; x_wconf 88' lang='lat' dir='ltr'><strong>ad</strong></span> <span class='ocrx_word' id='word_1_196' title='bbox 936 2591 1103 2655; x_wconf 88' lang='lat' dir='ltr'><strong>ecclesiam</strong></span> <span class='ocrx_word' id='word_1_197' title='bbox 1125 2613 1216 2656; x_wconf 86' lang='lat' dir='ltr'><strong>suam</strong></span> <span class='ocrx_word' id='word_1_198' title='bbox 1238 2589 1389 2674; x_wconf 89' lang='lat' dir='ltr'><strong>deposito</strong></span> <span class='ocrx_word' id='word_1_199' title='bbox 1412 2592 1472 2657; x_wconf 92' lang='lat' dir='ltr'><strong>im-</strong></span> 
     </span>
     <span class='ocr_line' id='line_1_23' title="bbox 190 2679 1472 2777; baseline 0.002 -21"><span class='ocrx_word' id='word_1_200' title='bbox 190 2692 361 2776; x_wconf 84' lang='lat' dir='ltr'><strong>probitatis</strong></span> <span class='ocrx_word' id='word_1_201' title='bbox 390 2691 514 2755; x_wconf 88' lang='lat' dir='ltr'><strong>ambitu</strong></span> <span class='ocrx_word' id='word_1_202' title='bbox 542 2692 645 2756; x_wconf 87' lang='lat' dir='ltr'><strong>redire</strong></span> <span class='ocrx_word' id='word_1_203' title='bbox 668 2679 856 2776; x_wconf 79' lang='lat' dir='ltr'><strong>neglexerit,</strong></span> <span class='ocrx_word' id='word_1_204' title='bbox 886 2692 970 2777; x_wconf 84' lang='lat' dir='ltr'><strong>qnod</strong></span> <span class='ocrx_word' id='word_1_205' title='bbox 992 2693 1021 2757; x_wconf 90' lang='lat' dir='ltr'><strong>ei</strong></span> <span class='ocrx_word' id='word_1_206' title='bbox 1043 2715 1108 2757; x_wconf 90' lang='lat' dir='ltr'><strong>nen</strong></span> <span class='ocrx_word' id='word_1_207' title='bbox 1127 2692 1249 2777; x_wconf 88' lang='lat' dir='ltr'><strong>judicio</strong></span> <span class='ocrx_word' id='word_1_208' title='bbox 1270 2691 1328 2757; x_wconf 82' lang='lat' dir='ltr'><strong>sed</strong></span> <span class='ocrx_word' id='word_1_209' title='bbox 1353 2691 1472 2760; x_wconf 84' lang='lat' dir='ltr'><strong>huma·</strong></span> 
     </span>
     <span class='ocr_line' id='line_1_24' title="bbox 190 2792 1473 2879; baseline 0.005 -22"><span class='ocrx_word' id='word_1_210' title='bbox 190 2792 341 2877; x_wconf 84' lang='lat' dir='ltr'><strong>nitate²²)</strong></span> <span class='ocrx_word' id='word_1_211' title='bbox 364 2794 596 2878; x_wconf 79' lang='lat' dir='ltr'><strong>praestabitur,</strong></span> <span class='ocrx_word' id='word_1_212' title='bbox 633 2792 858 2857; x_wconf 87' lang='lat' dir='ltr'><strong>removendum</strong></span> <span class='ocrx_word' id='word_1_213' title='bbox 885 2816 918 2858; x_wconf 86' lang='lat' dir='ltr'><strong>se</strong></span> <span class='ocrx_word' id='word_1_214' title='bbox 946 2796 987 2858; x_wconf 87' lang='lat' dir='ltr'><strong>ab</strong></span> <span class='ocrx_word' id='word_1_215' title='bbox 1003 2794 1176 2879; x_wconf 86' lang='lat' dir='ltr'><strong>episcopali</strong></span> <span class='ocrx_word' id='word_1_216' title='bbox 1206 2795 1370 2860; x_wconf 84' lang='lat' dir='ltr'><strong>consortio</strong></span> <span class='ocrx_word' id='word_1_217' title='bbox 1400 2818 1473 2863; x_wconf 83' lang='lat' dir='ltr'><strong>esse</strong></span> 
     </span>
     <span class='ocr_line' id='line_1_25' title="bbox 192 2895 1474 2980; baseline 0.005 -21"><span class='ocrx_word' id='word_1_218' title='bbox 192 2897 377 2980; x_wconf 86' lang='lat' dir='ltr'><strong>cognoscat.</strong></span> <span class='ocrx_word' id='word_1_219' title='bbox 421 2895 507 2959; x_wconf 89' lang='lat' dir='ltr'><strong>Deus</strong></span> <span class='ocrx_word' id='word_1_220' title='bbox 538 2917 594 2961; x_wconf 89' lang='lat' dir='ltr'><strong>vos</strong></span> <span class='ocrx_word' id='word_1_221' title='bbox 621 2895 795 2960; x_wconf 84' lang='lat' dir='ltr'><strong>incolumes</strong></span> <span class='ocrx_word' id='word_1_222' title='bbox 819 2896 987 2979; x_wconf 88' lang='lat' dir='ltr'><strong>custodiat,</strong></span> <span class='ocrx_word' id='word_1_223' title='bbox 1016 2896 1134 2960; x_wconf 89' lang='lat' dir='ltr'><strong>fratres</strong></span> <span class='ocrx_word' id='word_1_224' title='bbox 1152 2895 1332 2961; x_wconf 80' lang='lat' dir='ltr'><strong>-carissimil</strong></span> <span class='ocrx_word' id='word_1_225' title='bbox 1381 2897 1474 2965; x_wconf 73' lang='lat' dir='ltr'><strong>Data</strong></span> 
     </span>
    </p>
   </div>
   <div class='ocr_carea' id='block_1_7' title="bbox 191 3036 494 3045">
    <p class='ocr_par' dir='ltr' id='par_1_7' title="bbox 191 3036 494 3045">
     <span class='ocr_line' id='line_1_26' title="bbox 191 3036 494 3045; baseline 0 0"><span class='ocrx_word' id='word_1_226' title='bbox 191 3036 469 3045; x_wconf 60' lang='lat' dir='ltr'><strong>-.-.·——-.—a...-</strong></span> <span class='ocrx_word' id='word_1_227' title='bbox 476 3040 494 3045; x_wconf 84' lang='lat'><strong>..-</strong></span> 
     </span>
    </p>
   </div>
   <div class='ocr_carea' id='block_1_8' title="bbox 121 3098 1511 4952">
    <p class='ocr_par' dir='ltr' id='par_1_8' title="bbox 121 3098 1475 3509">
     <span class='ocr_line' id='line_1_27' title="bbox 191 3098 1474 3181; baseline 0.004 -29"><span class='ocrx_word' id='word_1_228' title='bbox 191 3099 356 3169; x_wconf 86' lang='lat' dir='ltr'><strong>Hujusmodi</strong></span> <span class='ocrx_word' id='word_1_229' title='bbox 376 3099 498 3170; x_wconf 89' lang='lat' dir='ltr'><strong>episcopi</strong></span> <span class='ocrx_word' id='word_1_230' title='bbox 515 3099 629 3168; x_wconf 88' lang='lat' dir='ltr'><strong>praeter</strong></span> <span class='ocrx_word' id='word_1_231' title='bbox 647 3099 855 3168; x_wconf 83' lang='lat' dir='ltr'><strong>metropolitani</strong></span> <span class='ocrx_word' id='word_1_232' title='bbox 874 3098 1070 3154; x_wconf 87' lang='lat' dir='ltr'><strong>conscientiam</strong></span> <span class='ocrx_word' id='word_1_233' title='bbox 1092 3099 1213 3155; x_wconf 88' lang='lat' dir='ltr'><strong>ordinati</strong></span> <span class='ocrx_word' id='word_1_234' title='bbox 1230 3099 1474 3181; x_wconf 56' lang='lat' dir='ltr'><strong>submoverime·</strong></span> 
     </span>
     <span class='ocr_line' id='line_1_28' title="bbox 191 3183 1474 3255; baseline 0.003 -17"><span class='ocrx_word' id='word_1_235' title='bbox 191 3187 307 3239; x_wconf 84' lang='lat' dir='ltr'><strong>ruenmt</strong></span> <span class='ocrx_word' id='word_1_236' title='bbox 325 3204 358 3240; x_wconf 86' lang='lat' dir='ltr'><strong>ex</strong></span> <span class='ocrx_word' id='word_1_237' title='bbox 376 3185 549 3255; x_wconf 89' lang='lat' dir='ltr'><strong>praescripto</strong></span> <span class='ocrx_word' id='word_1_238' title='bbox 567 3183 753 3238; x_wconf 84' lang='lat' dir='ltr'><strong>Nicaenorurn</strong></span> <span class='ocrx_word' id='word_1_239' title='bbox 775 3185 888 3253; x_wconf 86' lang='lat' dir='ltr'><strong>patrum</strong></span> <span class='ocrx_word' id='word_1_240' title='bbox 906 3200 965 3238; x_wconf 85' lang='lat' dir='ltr'><strong>can.</strong></span> <span class='ocrx_word' id='word_1_241' title='bbox 979 3189 1008 3238; x_wconf 84' lang='lat'><strong>6:</strong></span> <span class='ocrx_word' id='word_1_242' title='bbox 1031 3188 1105 3250; x_wconf 78' lang='lat' dir='ltr'><strong>Quod</strong></span> <span class='ocrx_word' id='word_1_243' title='bbox 1119 3190 1143 3238; x_wconf 78' lang='lat' dir='ltr'><strong>st</strong></span> <span class='ocrx_word' id='word_1_244' title='bbox 1160 3190 1216 3254; x_wconf 75' lang='lat' dir='ltr'><strong>qais</strong></span> <span class='ocrx_word' id='word_1_245' title='bbox 1235 3194 1349 3254; x_wconf 72' lang='lat' dir='ltr'><strong>praem</strong></span> <span class='ocrx_word' id='word_1_246' title='bbox 1365 3197 1474 3242; x_wconf 69' lang='lat' dir='ltr'><strong>mu·</strong></span> 
     </span>
     <span class='ocr_line' id='line_1_29' title="bbox 191 3263 1475 3342; baseline 0 -17"><span class='ocrx_word' id='word_1_247' title='bbox 191 3277 250 3325; x_wconf 81' lang='lat' dir='ltr'><strong>dam</strong></span> <span class='ocrx_word' id='word_1_248' title='bbox 267 3276 458 3339; x_wconf 76' lang='lat' dir='ltr'><strong>metropolitani</strong></span> <span class='ocrx_word' id='word_1_249' title='bbox 474 3275 556 3335; x_wconf 81' lang='lat' dir='ltr'><strong>faerit</strong></span> <span class='ocrx_word' id='word_1_250' title='bbox 570 3273 657 3335; x_wconf 78' lang='lat' dir='ltr'><strong>soclus</strong></span> <span class='ocrx_word' id='word_1_251' title='bbox 675 3277 822 3338; x_wconf 77' lang='lat' dir='ltr'><strong>episcopas,</strong></span> <span class='ocrx_word' id='word_1_252' title='bbox 851 3273 916 3323; x_wconf 82' lang='lat' dir='ltr'><strong>dunc</strong></span> <span class='ocrx_word' id='word_1_253' title='bbox 937 3288 1029 3338; x_wconf 68' lang='lat' dir='ltr'><strong>maora</strong></span> <span class='ocrx_word' id='word_1_254' title='bbox 1049 3274 1162 3339; x_wconf 66' lang='lat' dir='ltr'><strong>synodus</strong></span> <span class='ocrx_word' id='word_1_255' title='bbox 1183 3263 1296 3336; x_wconf 73' lang='lat' dir='ltr'><strong>dellrrs‘or&#39;t</strong></span> <span class='ocrx_word' id='word_1_256' title='bbox 1319 3275 1475 3342; x_wconf 64' lang='lat' dir='ltr'><strong>episcopm</strong></span> 
     </span>
     <span class='ocr_line' id='line_1_30' title="bbox 191 3352 1474 3423; baseline 0.002 -13"><span class='ocrx_word' id='word_1_257' title='bbox 191 3372 247 3410; x_wconf 82' lang='lat' dir='ltr'><strong>esse</strong></span> <span class='ocrx_word' id='word_1_258' title='bbox 266 3375 316 3409; x_wconf 74' lang='lat' dir='ltr'><strong>rios</strong></span> <span class='ocrx_word' id='word_1_259' title='bbox 333 3365 463 3423; x_wconf 80' lang='lat' dir='ltr'><strong>oportere.</strong></span> <span class='ocrx_word' id='word_1_260' title='bbox 504 3352 609 3418; x_wconf 86' lang='lat' dir='ltr'><strong>Quibus</strong></span> <span class='ocrx_word' id='word_1_261' title='bbox 632 3353 748 3408; x_wconf 87' lang='lat' dir='ltr'><strong>concilia</strong></span> <span class='ocrx_word' id='word_1_262' title='bbox 771 3352 941 3408; x_wconf 82' lang='lat' dir='ltr'><strong>Taurinenso</strong></span> <span class='ocrx_word' id='word_1_263' title='bbox 959 3360 1010 3408; x_wconf 82' lang='lat' dir='ltr'><strong>c.3</strong></span> <span class='ocrx_word' id='word_1_264' title='bbox 1033 3360 1063 3408; x_wconf 88' lang='lat' dir='ltr'><strong>ot</strong></span> <span class='ocrx_word' id='word_1_265' title='bbox 1083 3353 1221 3423; x_wconf 81' lang='lat' dir='ltr'><strong>Regiense</strong></span> <span class='ocrx_word' id='word_1_266' title='bbox 1239 3361 1293 3409; x_wconf 69' lang='lat' dir='ltr'><strong>ab</strong></span> <span class='ocrx_word' id='word_1_267' title='bbox 1316 3355 1474 3412; x_wconf 72' lang='lat' dir='ltr'><strong>conemunt</strong></span> 
     </span>
     <span class='ocr_line' id='line_1_31' title="bbox 121 3437 1474 3509; baseline 0.002 -15"><span class='ocrx_word' id='word_1_268' title='bbox 121 3447 128 3455; x_wconf 89' lang='lat'>&#39;</span> <span class='ocrx_word' id='word_1_269' title='bbox 191 3440 288 3508; x_wconf 85' lang='lat' dir='ltr'><strong>(Hard.</strong></span> <span class='ocrx_word' id='word_1_270' title='bbox 301 3441 322 3506; x_wconf 93' lang='lat' dir='ltr'><strong>l,</strong></span> <span class='ocrx_word' id='word_1_271' title='bbox 336 3446 386 3495; x_wconf 79' lang='grc'><strong>958</strong></span> <span class='ocrx_word' id='word_1_272' title='bbox 405 3442 433 3494; x_wconf 92' lang='lat' dir='ltr'><strong>et</strong></span> <span class='ocrx_word' id='word_1_273' title='bbox 452 3441 536 3505; x_wconf 82' lang='grc'>1749),</span> <span class='ocrx_word' id='word_1_274' title='bbox 559 3441 588 3491; x_wconf 88' lang='lat' dir='ltr'><strong>et</strong></span> <span class='ocrx_word' id='word_1_275' title='bbox 610 3439 647 3492; x_wconf 88' lang='lat' dir='ltr'><strong>ad</strong></span> <span class='ocrx_word' id='word_1_276' title='bbox 668 3438 767 3492; x_wconf 90' lang='lat' dir='ltr'><strong>horum</strong></span> <span class='ocrx_word' id='word_1_277' title='bbox 791 3438 903 3505; x_wconf 87' lang='lat' dir='ltr'><strong>quidem</strong></span> <span class='ocrx_word' id='word_1_278' title='bbox 931 3456 1069 3493; x_wconf 85' lang='lat' dir='ltr'><strong>canonum</strong></span> <span class='ocrx_word' id='word_1_279' title='bbox 1090 3437 1294 3509; x_wconf 85' lang='lat' dir='ltr'><strong>praescriptum</strong></span> <span class='ocrx_word' id='word_1_280' title='bbox 1316 3456 1403 3496; x_wconf 76' lang='lat' dir='ltr'><strong>snam</strong></span> <span class='ocrx_word' id='word_1_281' title='bbox 1424 3439 1474 3497; x_wconf 67' lang='lat' dir='ltr'><strong>ut</strong></span> 
     </span>
    </p>

    <p class='ocr_par' dir='ltr' id='par_1_9' title="bbox 192 3522 1475 3847">
     <span class='ocr_line' id='line_1_32' title="bbox 193 3522 1472 3594; baseline 0.003 -16"><span class='ocrx_word' id='word_1_282' title='bbox 193 3542 285 3579; x_wconf 83' lang='lat' dir='ltr'><strong>versus</strong></span> <span class='ocrx_word' id='word_1_283' title='bbox 303 3523 461 3592; x_wconf 87' lang='lat' dir='ltr'><strong>hujusmodi</strong></span> <span class='ocrx_word' id='word_1_284' title='bbox 480 3523 622 3576; x_wconf 86' lang='lat' dir='ltr'><strong>ordinatos</strong></span> <span class='ocrx_word' id='word_1_285' title='bbox 644 3523 809 3577; x_wconf 88' lang='lat' dir='ltr'><strong>senteutiam</strong></span> <span class='ocrx_word' id='word_1_286' title='bbox 827 3522 915 3576; x_wconf 84' lang='lat' dir='ltr'><strong>Hilari</strong></span> <span class='ocrx_word' id='word_1_287' title='bbox 942 3539 1081 3577; x_wconf 87' lang='lat' dir='ltr'><strong>successor</strong></span> <span class='ocrx_word' id='word_1_288' title='bbox 1104 3522 1260 3593; x_wconf 85' lang='lat' dir='ltr'><strong>Simplicius</strong></span> <span class='ocrx_word' id='word_1_289' title='bbox 1278 3522 1363 3594; x_wconf 76' lang='lat' dir='ltr'><strong>epist</strong></span> <span class='ocrx_word' id='word_1_290' title='bbox 1379 3530 1395 3580; x_wconf 92' lang='lat' dir='ltr'><strong>l</strong></span> <span class='ocrx_word' id='word_1_291' title='bbox 1413 3542 1442 3581; x_wconf 88' lang='lat' dir='ltr'><strong>n.</strong></span> <span class='ocrx_word' id='word_1_292' title='bbox 1458 3533 1472 3581; x_wconf 90' lang='lat'>1</span> 
     </span>
     <span class='ocr_line' id='line_1_33' title="bbox 192 3605 1475 3676; baseline 0.002 -12"><span class='ocrx_word' id='word_1_293' title='bbox 192 3608 364 3664; x_wconf 84' lang='lat' dir='ltr'><strong>accomodat.</strong></span> <span class='ocrx_word' id='word_1_294' title='bbox 400 3609 505 3662; x_wconf 88' lang='lat' dir='ltr'><strong>Eorum</strong></span> <span class='ocrx_word' id='word_1_295' title='bbox 523 3607 607 3661; x_wconf 84' lang='lat' dir='ltr'><strong>etium</strong></span> <span class='ocrx_word' id='word_1_296' title='bbox 626 3609 753 3662; x_wconf 85' lang='lat' dir='ltr'><strong>auctores</strong></span> <span class='ocrx_word' id='word_1_297' title='bbox 771 3625 819 3661; x_wconf 89' lang='lat' dir='ltr'><strong>seu</strong></span> <span class='ocrx_word' id='word_1_298' title='bbox 837 3607 1012 3661; x_wconf 83' lang='lat' dir='ltr'><strong>ordinatores</strong></span> <span class='ocrx_word' id='word_1_299' title='bbox 1039 3625 1102 3661; x_wconf 89' lang='lat' dir='ltr'><strong>oum</strong></span> <span class='ocrx_word' id='word_1_300' title='bbox 1123 3605 1178 3661; x_wconf 84' lang='lat' dir='ltr'><strong>illis</strong></span> <span class='ocrx_word' id='word_1_301' title='bbox 1199 3606 1283 3676; x_wconf 87' lang='lat' dir='ltr'><strong>dejici</strong></span> <span class='ocrx_word' id='word_1_302' title='bbox 1301 3613 1475 3667; x_wconf 83' lang='lat' dir='ltr'><strong>meruerunt</strong></span> 
     </span>
     <span class='ocr_line' id='line_1_34' title="bbox 192 3690 1474 3764; baseline 0.003 -17"><span class='ocrx_word' id='word_1_303' title='bbox 192 3711 226 3748; x_wconf 85' lang='lat' dir='ltr'><strong>ex</strong></span> <span class='ocrx_word' id='word_1_304' title='bbox 249 3692 368 3747; x_wconf 87' lang='lat' dir='ltr'><strong>decretis</strong></span> <span class='ocrx_word' id='word_1_305' title='bbox 393 3693 494 3747; x_wconf 90' lang='lat' dir='ltr'><strong>Zosimi</strong></span> <span class='ocrx_word' id='word_1_306' title='bbox 518 3709 610 3762; x_wconf 84' lang='lat' dir='ltr'><strong>papae</strong></span> <span class='ocrx_word' id='word_1_307' title='bbox 634 3693 712 3763; x_wconf 88' lang='lat' dir='ltr'><strong>epist.</strong></span> <span class='ocrx_word' id='word_1_308' title='bbox 727 3699 743 3746; x_wconf 82' lang='lat'>6</span> <span class='ocrx_word' id='word_1_309' title='bbox 760 3698 816 3745; x_wconf 67' lang='lat' dir='ltr'><strong>nt</strong></span> <span class='ocrx_word' id='word_1_310' title='bbox 840 3693 869 3746; x_wconf 91' lang='lat' dir='ltr'><strong>et</strong></span> <span class='ocrx_word' id='word_1_311' title='bbox 886 3691 966 3760; x_wconf 85' lang='lat' dir='ltr'><strong>epist.</strong></span> <span class='ocrx_word' id='word_1_312' title='bbox 980 3700 996 3746; x_wconf 84' lang='grc'><strong>9</strong></span> <span class='ocrx_word' id='word_1_313' title='bbox 1013 3710 1039 3745; x_wconf 93' lang='lat' dir='ltr'><strong>n.</strong></span> <span class='ocrx_word' id='word_1_314' title='bbox 1055 3697 1077 3745; x_wconf 93' lang='lat' dir='ltr'><strong>l.</strong></span> <span class='ocrx_word' id='word_1_315' title='bbox 1115 3690 1194 3757; x_wconf 83' lang='lat' dir='ltr'><strong>Quod</strong></span> <span class='ocrx_word' id='word_1_316' title='bbox 1215 3709 1268 3748; x_wconf 88' lang='lat' dir='ltr'><strong>nec</strong></span> <span class='ocrx_word' id='word_1_317' title='bbox 1285 3709 1317 3748; x_wconf 81' lang='lat' dir='ltr'><strong>se</strong></span> <span class='ocrx_word' id='word_1_318' title='bbox 1333 3691 1474 3764; x_wconf 76' lang='lat' dir='ltr'><strong>ignorare</strong></span> 
     </span>
     <span class='ocr_line' id='line_1_35' title="bbox 192 3770 1473 3847; baseline 0.003 -14"><span class='ocrx_word' id='word_1_319' title='bbox 192 3778 312 3833; x_wconf 83' lang='lat' dir='ltr'><strong>testatur</strong></span> <span class='ocrx_word' id='word_1_320' title='bbox 330 3777 440 3832; x_wconf 88' lang='lat' dir='ltr'><strong>Hilarus</strong></span> <span class='ocrx_word' id='word_1_321' title='bbox 459 3777 537 3847; x_wconf 89' lang='lat' dir='ltr'><strong>epist.</strong></span> <span class='ocrx_word' id='word_1_322' title='bbox 554 3785 585 3832; x_wconf 90' lang='lat'><strong>10</strong></span> <span class='ocrx_word' id='word_1_323' title='bbox 603 3796 628 3830; x_wconf 89' lang='lat' dir='ltr'><strong>n.</strong></span> <span class='ocrx_word' id='word_1_324' title='bbox 641 3786 665 3843; x_wconf 91' lang='lat'><strong>3,</strong></span> <span class='ocrx_word' id='word_1_325' title='bbox 683 3776 731 3832; x_wconf 87' lang='lat' dir='ltr'><strong>scd</strong></span> <span class='ocrx_word' id='word_1_326' title='bbox 749 3776 847 3831; x_wconf 78' lang='lat' dir='ltr'><strong>salem</strong></span> <span class='ocrx_word' id='word_1_327' title='bbox 865 3792 934 3844; x_wconf 81' lang='lat' dir='ltr'><strong>erga</strong></span> <span class='ocrx_word' id='word_1_328' title='bbox 951 3776 1013 3830; x_wconf 90' lang='lat' dir='ltr'><strong>illos</strong></span> <span class='ocrx_word' id='word_1_329' title='bbox 1030 3770 1363 3847; x_wconf 65' lang='lat' dir='ltr'><strong>indulgentia&#39;utendum</strong></span> <span class='ocrx_word' id='word_1_330' title='bbox 1381 3780 1473 3837; x_wconf 81' lang='lat' dir='ltr'><strong>duxit</strong></span> 
     </span>
    </p>

    <p class='ocr_par' dir='ltr' id='par_1_10' title="bbox 192 3863 1477 4003">
     <span class='ocr_line' id='line_1_36' title="bbox 262 3863 1477 3936; baseline 0.005 -20"><span class='ocrx_word' id='word_1_331' title='bbox 262 3865 292 3930; x_wconf 77' lang='lat'><strong>¹²)</strong></span> <span class='ocrx_word' id='word_1_332' title='bbox 310 3863 373 3916; x_wconf 84' lang='lat' dir='ltr'><strong>Mes.</strong></span> <span class='ocrx_word' id='word_1_333' title='bbox 392 3863 468 3918; x_wconf 86' lang='lat' dir='ltr'><strong>10i²</strong></span> <span class='ocrx_word' id='word_1_334' title='bbox 487 3883 533 3917; x_wconf 82' lang='lat' dir='ltr'><strong>aec</strong></span> <span class='ocrx_word' id='word_1_335' title='bbox 551 3867 576 3917; x_wconf 82' lang='lat' dir='ltr'><strong>ia</strong></span> <span class='ocrx_word' id='word_1_336' title='bbox 593 3868 720 3917; x_wconf 74' lang='lat' dir='ltr'><strong>semndoe</strong></span> <span class='ocrx_word' id='word_1_337' title='bbox 738 3867 855 3931; x_wconf 68' lang='lat' dir='ltr'><strong>corpoeis</strong></span> <span class='ocrx_word' id='word_1_338' title='bbox 873 3867 989 3930; x_wconf 80' lang='lat' dir='ltr'><strong>nuptias,</strong></span> <span class='ocrx_word' id='word_1_339' title='bbox 1007 3863 1057 3917; x_wconf 65' lang='grc' dir='ltr'><strong>Η10</strong></span> <span class='ocrx_word' id='word_1_340' title='bbox 1075 3882 1121 3917; x_wconf 82' lang='lat' dir='ltr'><strong>nee</strong></span> <span class='ocrx_word' id='word_1_341' title='bbox 1137 3868 1265 3917; x_wconf 79' lang='lat' dir='ltr'><strong>secandae</strong></span> <span class='ocrx_word' id='word_1_342' title='bbox 1282 3869 1409 3936; x_wconf 60' lang='lat' dir='ltr'><strong>cavania</strong></span> <span class='ocrx_word' id='word_1_343' title='bbox 1426 3872 1477 3922; x_wconf 75' lang='lat' dir='ltr'><strong>recl</strong></span> 
     </span>
     <span class='ocr_line' id='line_1_37' title="bbox 192 3968 318 4003; baseline -0.008 0"><span class='ocrx_word' id='word_1_344' title='bbox 192 3970 219 4003; x_wconf 74' lang='lat' dir='ltr'><strong>m</strong></span> <span class='ocrx_word' id='word_1_345' title='bbox 237 3968 318 4002; x_wconf 69' lang='lat' dir='ltr'><strong>ultim.</strong></span> 
     </span>
    </p>

    <p class='ocr_par' dir='ltr' id='par_1_11' title="bbox 192 4032 1477 4189">
     <span class='ocr_line' id='line_1_38' title="bbox 261 4032 1477 4107; baseline 0.005 -20"><span class='ocrx_word' id='word_1_346' title='bbox 261 4036 292 4101; x_wconf 73' lang='lat'><strong>¹⁸)</strong></span> <span class='ocrx_word' id='word_1_347' title='bbox 311 4032 386 4088; x_wconf 75' lang='lat' dir='ltr'><strong>uuiti</strong></span> <span class='ocrx_word' id='word_1_348' title='bbox 403 4040 477 4102; x_wconf 70' lang='lat' dir='ltr'><strong>cajeta</strong></span> <span class='ocrx_word' id='word_1_349' title='bbox 493 4053 557 4088; x_wconf 84' lang='lat' dir='ltr'><strong>sane</strong></span> <span class='ocrx_word' id='word_1_350' title='bbox 574 4044 662 4088; x_wconf 78' lang='lat' dir='ltr'><strong>tenore</strong></span> <span class='ocrx_word' id='word_1_351' title='bbox 681 4033 719 4099; x_wconf 83' lang='lat' dir='ltr'><strong>(a¹</strong></span> <span class='ocrx_word' id='word_1_352' title='bbox 739 4044 838 4088; x_wconf 70' lang='lat' dir='ltr'><strong>terere</strong></span> <span class='ocrx_word' id='word_1_353' title='bbox 898 4037 1013 4102; x_wconf 73' lang='lat' dir='ltr'><strong>samsari)</strong></span> <span class='ocrx_word' id='word_1_354' title='bbox 1087 4037 1225 4089; x_wconf 78' lang='lat' dir='ltr'><strong>cratodire.</strong></span> <span class='ocrx_word' id='word_1_355' title='bbox 1255 4032 1322 4088; x_wconf 75' lang='lat' dir='ltr'><strong>Mes.</strong></span> <span class='ocrx_word' id='word_1_356' title='bbox 1335 4036 1477 4107; x_wconf 60' lang='lat' dir='ltr'><strong>oumb&#39;?</strong></span> 
     </span>
     <span class='ocr_line' id='line_1_39' title="bbox 192 4118 341 4189; baseline 0.007 -16"><span class='ocrx_word' id='word_1_357' title='bbox 192 4118 341 4189; x_wconf 88' lang='lat' dir='ltr'><strong>sequimur.</strong></span> 
     </span>
    </p>

    <p class='ocr_par' dir='ltr' id='par_1_12' title="bbox 192 4201 1479 4611">
     <span class='ocr_line' id='line_1_40' title="bbox 263 4201 1477 4272; baseline 0.003 -15"><span class='ocrx_word' id='word_1_358' title='bbox 263 4207 292 4272; x_wconf 73' lang='lat'><strong>¹²)</strong></span> <span class='ocrx_word' id='word_1_359' title='bbox 310 4205 373 4258; x_wconf 88' lang='lat' dir='ltr'><strong>Mss.</strong></span> <span class='ocrx_word' id='word_1_360' title='bbox 386 4203 426 4257; x_wconf 87' lang='lat'><strong>10</strong></span> <span class='ocrx_word' id='word_1_361' title='bbox 437 4203 457 4255; x_wconf 82' lang='lat' dir='ltr'><strong>i²</strong></span> <span class='ocrx_word' id='word_1_362' title='bbox 476 4207 549 4255; x_wconf 80' lang='lat' dir='ltr'><strong>auios</strong></span> <span class='ocrx_word' id='word_1_363' title='bbox 566 4208 689 4256; x_wconf 75' lang='lat' dir='ltr'><strong>ccclesiae</strong></span> <span class='ocrx_word' id='word_1_364' title='bbox 706 4209 862 4258; x_wconf 75' lang='lat' dir='ltr'><strong>sacerdotes.</strong></span> <span class='ocrx_word' id='word_1_365' title='bbox 892 4203 1011 4257; x_wconf 81' lang='lat' dir='ltr'><strong>Rursum</strong></span> <span class='ocrx_word' id='word_1_366' title='bbox 1029 4203 1123 4256; x_wconf 87' lang='lat' dir='ltr'><strong>tuetur</strong></span> <span class='ocrx_word' id='word_1_367' title='bbox 1140 4201 1252 4257; x_wconf 82' lang='lat' dir='ltr'><strong>Hilarus</strong></span> <span class='ocrx_word' id='word_1_368' title='bbox 1267 4202 1393 4261; x_wconf 80' lang='lat' dir='ltr'><strong>Nicaeni</strong></span> <span class='ocrx_word' id='word_1_369' title='bbox 1410 4224 1477 4265; x_wconf 81' lang='lat' dir='ltr'><strong>eon·</strong></span> 
     </span>
     <span class='ocr_line' id='line_1_41' title="bbox 192 4278 1477 4357; baseline 0.001 -13"><span class='ocrx_word' id='word_1_370' title='bbox 192 4289 248 4344; x_wconf 88' lang='lat' dir='ltr'><strong>cilii</strong></span> <span class='ocrx_word' id='word_1_371' title='bbox 266 4290 408 4344; x_wconf 88' lang='lat' dir='ltr'><strong>decretum</strong></span> <span class='ocrx_word' id='word_1_372' title='bbox 426 4306 486 4342; x_wconf 82' lang='lat' dir='ltr'><strong>cam</strong></span> <span class='ocrx_word' id='word_1_373' title='bbox 497 4293 525 4351; x_wconf 87' lang='lat'><strong>8,</strong></span> <span class='ocrx_word' id='word_1_374' title='bbox 548 4302 603 4355; x_wconf 91' lang='lat' dir='ltr'><strong>quo</strong></span> <span class='ocrx_word' id='word_1_375' title='bbox 626 4278 751 4354; x_wconf 84' lang='lat' dir='ltr'><strong>cavetur,</strong></span> <span class='ocrx_word' id='word_1_376' title='bbox 774 4309 805 4341; x_wconf 87' lang='lat' dir='ltr'><strong>ne</strong></span> <span class='ocrx_word' id='word_1_377' title='bbox 823 4295 849 4341; x_wconf 78' lang='lat' dir='ltr'><strong>ln</strong></span> <span class='ocrx_word' id='word_1_378' title='bbox 872 4309 922 4341; x_wconf 72' lang='lat' dir='ltr'><strong>rana</strong></span> <span class='ocrx_word' id='word_1_379' title='bbox 940 4294 1041 4342; x_wconf 80' lang='lat' dir='ltr'><strong>ciuitate</strong></span> <span class='ocrx_word' id='word_1_380' title='bbox 1059 4293 1109 4342; x_wconf 82' lang='lat' dir='ltr'><strong>duo</strong></span> <span class='ocrx_word' id='word_1_381' title='bbox 1127 4292 1244 4357; x_wconf 75' lang='lat' dir='ltr'><strong>episcopt</strong></span> <span class='ocrx_word' id='word_1_382' title='bbox 1259 4294 1412 4357; x_wconf 67' lang='lat' dir='ltr'><strong>metensi·</strong></span> <span class='ocrx_word' id='word_1_383' title='bbox 1427 4315 1477 4350; x_wconf 59' lang='lat' dir='ltr'><strong>ess</strong></span> 
     </span>
     <span class='ocr_line' id='line_1_42' title="bbox 192 4362 1478 4442; baseline 0.003 -13"><span class='ocrx_word' id='word_1_384' title='bbox 192 4381 292 4429; x_wconf 65' lang='lat' dir='ltr'><strong>escere.</strong></span> <span class='ocrx_word' id='word_1_385' title='bbox 324 4373 404 4438; x_wconf 85' lang='lat' dir='ltr'><strong>Quod</strong></span> <span class='ocrx_word' id='word_1_386' title='bbox 421 4373 450 4426; x_wconf 89' lang='lat' dir='ltr'><strong>in</strong></span> <span class='ocrx_word' id='word_1_387' title='bbox 467 4389 496 4426; x_wconf 86' lang='lat' dir='ltr'><strong>se</strong></span> <span class='ocrx_word' id='word_1_388' title='bbox 515 4362 618 4429; x_wconf 85' lang='lat' dir='ltr'><strong>lactum</strong></span> <span class='ocrx_word' id='word_1_389' title='bbox 636 4388 688 4426; x_wconf 89' lang='lat' dir='ltr'><strong>nec</strong></span> <span class='ocrx_word' id='word_1_390' title='bbox 705 4371 863 4426; x_wconf 70' lang='lat' dir='ltr'><strong>sanandum</strong></span> <span class='ocrx_word' id='word_1_391' title='bbox 875 4372 958 4427; x_wconf 76' lang='lat' dir='ltr'><strong>scissa</strong></span> <span class='ocrx_word' id='word_1_392' title='bbox 971 4372 1142 4441; x_wconf 82' lang='lat' dir='ltr'><strong>Augustinus</strong></span> <span class='ocrx_word' id='word_1_393' title='bbox 1160 4372 1239 4442; x_wconf 70' lang='lat' dir='ltr'><strong>eprist.</strong></span> <span class='ocrx_word' id='word_1_394' title='bbox 1254 4379 1307 4429; x_wconf 78' lang='lat'><strong>213</strong></span> <span class='ocrx_word' id='word_1_395' title='bbox 1325 4383 1388 4433; x_wconf 65' lang='lat' dir='ltr'><strong>nl</strong></span> <span class='ocrx_word' id='word_1_396' title='bbox 1405 4380 1478 4436; x_wconf 61' lang='lat' dir='ltr'><strong>fab-</strong></span> 
     </span>
     <span class='ocr_line' id='line_1_43' title="bbox 192 4457 1479 4532; baseline 0.003 -20"><span class='ocrx_word' id='word_1_397' title='bbox 192 4462 250 4525; x_wconf 89' lang='lat' dir='ltr'><strong>tur,</strong></span> <span class='ocrx_word' id='word_1_398' title='bbox 279 4458 398 4527; x_wconf 86' lang='lat' dir='ltr'><strong>ideoque</strong></span> <span class='ocrx_word' id='word_1_399' title='bbox 421 4457 497 4527; x_wconf 87' lang='lat' dir='ltr'><strong>qued</strong></span> <span class='ocrx_word' id='word_1_400' title='bbox 519 4457 629 4526; x_wconf 91' lang='lat' dir='ltr'><strong>inipso</strong></span> <span class='ocrx_word' id='word_1_401' title='bbox 651 4458 848 4527; x_wconf 88' lang='lat' dir='ltr'><strong>reprehensum</strong></span> <span class='ocrx_word' id='word_1_402' title='bbox 871 4464 925 4523; x_wconf 89' lang='lat' dir='ltr'><strong>est,</strong></span> <span class='ocrx_word' id='word_1_403' title='bbox 954 4457 983 4510; x_wconf 90' lang='lat' dir='ltr'><strong>in</strong></span> <span class='ocrx_word' id='word_1_404' title='bbox 1005 4473 1161 4512; x_wconf 87' lang='lat' dir='ltr'><strong>successore</strong></span> <span class='ocrx_word' id='word_1_405' title='bbox 1183 4474 1232 4512; x_wconf 89' lang='lat' dir='ltr'><strong>suo</strong></span> <span class='ocrx_word' id='word_1_406' title='bbox 1251 4475 1281 4513; x_wconf 86' lang='lat' dir='ltr'><strong>se</strong></span> <span class='ocrx_word' id='word_1_407' title='bbox 1301 4463 1479 4532; x_wconf 81' lang='lat' dir='ltr'><strong>reprebendi</strong></span> 
     </span>
     <span class='ocr_line' id='line_1_44' title="bbox 192 4543 422 4611; baseline -0.009 -14"><span class='ocrx_word' id='word_1_408' title='bbox 192 4544 266 4598; x_wconf 89' lang='lat' dir='ltr'><strong>nolle</strong></span> <span class='ocrx_word' id='word_1_409' title='bbox 284 4543 422 4611; x_wconf 81' lang='lat' dir='ltr'><strong>adjungit.</strong></span> 
     </span>
    </p>

    <p class='ocr_par' dir='ltr' id='par_1_13' title="bbox 194 4626 1511 4781">
     <span class='ocr_line' id='line_1_45' title="bbox 261 4626 1511 4697; baseline 0.006 -17"><span class='ocrx_word' id='word_1_410' title='bbox 261 4630 294 4694; x_wconf 79' lang='lat'><strong>²⁰)</strong></span> <span class='ocrx_word' id='word_1_411' title='bbox 312 4627 339 4680; x_wconf 94' lang='lat' dir='ltr'><strong>h.</strong></span> <span class='ocrx_word' id='word_1_412' title='bbox 354 4644 377 4681; x_wconf 90' lang='lat' dir='ltr'><strong>e.</strong></span> <span class='ocrx_word' id='word_1_413' title='bbox 397 4643 430 4680; x_wconf 83' lang='lat' dir='ltr'><strong>ex</strong></span> <span class='ocrx_word' id='word_1_414' title='bbox 448 4626 488 4693; x_wconf 89' lang='lat' dir='ltr'><strong>iis,</strong></span> <span class='ocrx_word' id='word_1_415' title='bbox 507 4627 555 4695; x_wconf 86' lang='lat' dir='ltr'><strong>qui</strong></span> <span class='ocrx_word' id='word_1_416' title='bbox 572 4627 746 4697; x_wconf 87' lang='lat' dir='ltr'><strong>poenitentia</strong></span> <span class='ocrx_word' id='word_1_417' title='bbox 764 4627 914 4695; x_wconf 86' lang='lat' dir='ltr'><strong>aliquando</strong></span> <span class='ocrx_word' id='word_1_418' title='bbox 933 4627 1020 4682; x_wconf 81' lang='lat' dir='ltr'><strong>functi</strong></span> <span class='ocrx_word' id='word_1_419' title='bbox 1038 4631 1109 4693; x_wconf 86' lang='lat' dir='ltr'><strong>sunt,</strong></span> <span class='ocrx_word' id='word_1_420' title='bbox 1128 4627 1232 4697; x_wconf 86' lang='lat' dir='ltr'><strong>quique</strong></span> <span class='ocrx_word' id='word_1_421' title='bbox 1250 4627 1402 4690; x_wconf 87' lang='lat' dir='ltr'><strong>interdum</strong></span> <span class='ocrx_word' id='word_1_422' title='bbox 1419 4652 1479 4691; x_wconf 85' lang='lat' dir='ltr'><strong>uno</strong></span> <span class='ocrx_word' id='word_1_423' title='bbox 1500 4672 1511 4687; x_wconf 82' lang='lat'><strong>.</strong></span> 
     </span>
     <span class='ocr_line' id='line_1_46' title="bbox 194 4713 931 4781; baseline -0.003 -13"><span class='ocrx_word' id='word_1_424' title='bbox 194 4714 281 4768; x_wconf 84' lang='lat' dir='ltr'><strong>verbo</strong></span> <span class='ocrx_word' id='word_1_425' title='bbox 300 4717 494 4781; x_wconf 80' lang='lat' dir='ltr'><strong>expoenitentes</strong></span> <span class='ocrx_word' id='word_1_426' title='bbox 511 4714 647 4766; x_wconf 80' lang='lat' dir='ltr'><strong>vocantur</strong></span> <span class='ocrx_word' id='word_1_427' title='bbox 665 4713 745 4779; x_wconf 82' lang='lat' dir='ltr'><strong>(sicut</strong></span> <span class='ocrx_word' id='word_1_428' title='bbox 762 4716 931 4777; x_wconf 76' lang='lat' dir='ltr'><strong>exconsules).</strong></span> 
     </span>
    </p>

    <p class='ocr_par' dir='ltr' id='par_1_14' title="bbox 262 4796 1071 4867">
     <span class='ocr_line' id='line_1_47' title="bbox 262 4796 1071 4867; baseline 0 -16"><span class='ocrx_word' id='word_1_429' title='bbox 262 4801 295 4867; x_wconf 83' lang='lat'><strong>²¹)</strong></span> <span class='ocrx_word' id='word_1_430' title='bbox 313 4799 349 4851; x_wconf 72' lang='lat' dir='ltr'><strong>H⁶</strong></span> <span class='ocrx_word' id='word_1_431' title='bbox 366 4817 477 4867; x_wconf 82' lang='lat' dir='ltr'><strong>parcere</strong></span> <span class='ocrx_word' id='word_1_432' title='bbox 496 4803 595 4866; x_wconf 80' lang='lat' dir='ltr'><strong>capitis.</strong></span> <span class='ocrx_word' id='word_1_433' title='bbox 626 4796 733 4851; x_wconf 90' lang='lat' dir='ltr'><strong>Deinde</strong></span> <span class='ocrx_word' id='word_1_434' title='bbox 751 4798 788 4850; x_wconf 61' lang='lat' dir='ltr'><strong>H⁸</strong></span> <span class='ocrx_word' id='word_1_435' title='bbox 806 4798 911 4851; x_wconf 85' lang='lat' dir='ltr'><strong>omittit</strong></span> <span class='ocrx_word' id='word_1_436' title='bbox 928 4803 1071 4852; x_wconf 82' lang='lat' dir='ltr'><strong>secandam.</strong></span> 
     </span>
    </p>

    <p class='ocr_par' dir='ltr' id='par_1_15' title="bbox 261 4882 1259 4952">
     <span class='ocr_line' id='line_1_48' title="bbox 261 4882 1259 4952; baseline 0.001 -15"><span class='ocrx_word' id='word_1_437' title='bbox 261 4885 294 4952; x_wconf 80' lang='lat'><strong>²²)</strong></span> <span class='ocrx_word' id='word_1_438' title='bbox 312 4883 349 4937; x_wconf 79' lang='grc' dir='ltr'><strong>Η7</strong></span> <span class='ocrx_word' id='word_1_439' title='bbox 360 4883 397 4937; x_wconf 62' lang='grc' dir='ltr'><strong>Η8</strong></span> <span class='ocrx_word' id='word_1_440' title='bbox 413 4886 559 4940; x_wconf 76' lang='lat' dir='ltr'><strong>borddace.</strong></span> <span class='ocrx_word' id='word_1_441' title='bbox 595 4882 715 4950; x_wconf 86' lang='lat' dir='ltr'><strong>Moxque</strong></span> <span class='ocrx_word' id='word_1_442' title='bbox 733 4883 769 4936; x_wconf 70' lang='lat' dir='ltr'><strong>Hl</strong></span> <span class='ocrx_word' id='word_1_443' title='bbox 787 4889 857 4939; x_wconf 79' lang='lat' dir='ltr'><strong>Daca</strong></span> <span class='ocrx_word' id='word_1_444' title='bbox 876 4888 1052 4938; x_wconf 79' lang='lat' dir='ltr'><strong>Kalendarum</strong></span> <span class='ocrx_word' id='word_1_445' title='bbox 1068 4887 1259 4939; x_wconf 78' lang='lat' dir='ltr'><strong>donuartarasr.</strong></span> 
     </span>
    </p>
   </div>
   <div class='ocr_carea' id='block_1_9' title="bbox 0 0 1615 5506">
    <p class='ocr_par' dir='ltr' id='par_1_16' title="bbox 0 0 1615 5506">
     <span class='ocr_line' id='line_1_49' title="bbox 0 0 1615 5506; baseline 0 0"><span class='ocrx_word' id='word_1_446' title='bbox 0 0 1615 5506; x_wconf 95' lang='lat' dir='ltr'><strong> </strong></span> 
     </span>
    </p>
   </div>
  </div>
 </body>
</html>
