3204 5506
580 358 750 407 sersrous
775 347 845 407 149.
1287 343 1350 408 969

165 513 195 577 4.
233 512 302 577 Νο0
324 535 379 577 vos
402 489 580 597 aliquorum
607 512 782 576 obstinatio
810 512 923 577 reddat
951 535 970 577 a
998 513 1159 597 proposito
1182 512 1349 598 pigriores.
1366 547 1390 585 a.
1401 535 1459 585 521.

83 616 206 680 Durum
235 619 299 698 cst,
326 618 363 679 ut
384 614 545 679 efficacior
572 614 615 678 sit
643 636 752 678 eorum
777 615 956 699 pertinacia
984 615 1038 700 qui
1060 615 1207 679 dividunt
1227 637 1350 700 paoem,

54 733 176 802 *quam
199 739 306 781 eorum
328 716 384 801 qui
405 719 553 781 asserunt
578 716 746 781 unitatem.
791 717 951 781 Amentur
978 717 1126 800 vulnera,
1156 738 1254 802 quum
1280 741 1352 803 pro·

80 821 251 884 rideantur
272 841 330 903 pro
352 819 456 884 salute
479 818 628 902 remedia,
652 823 684 883 et
698 818 981 905 praeoptabilius7)
1005 840 1073 883 esse
1092 820 1223 903 putetur
1238 819 1351 885 sociari

82 944 156 986 cum
177 920 328 1003 mortuis,
358 943 453 1005 quam
475 921 643 986 inhaerere
665 942 736 985 cum
758 920 849 984 vivis.
894 921 949 984 An
970 942 1037 985 non
1059 942 1195 1005 aequum
1217 925 1282 1004 est,
1317 926 1353 987 ut

80 1024 224 1109 religiosi
245 1023 401 1107 principis
423 1021 603 1087 subdantur
623 1022 772 1107 imperia,
810 1021 865 1106 qui
890 1044 957 1087 non
985 1025 1154 1087 moventur
1184 1023 1353 1108 exemplo?

80 1126 158 1191 Non
180 1126 284 1190 omnis
307 1125 435 1210 aeger⁸)
459 1118 639 1188 salubribus
662 1124 851 1209 acquiescit,
875 1128 907 1189 et
927 1125 1075 1189 medendi
1096 1124 1236 1189 studium
1258 1147 1352 1210 saepe

81 1227 162 1312 ipsis
190 1227 304 1312 quibus
333 1226 502 1291 adhibetur
529 1227 694 1311 ingratum
728 1229 793 1291 est:
830 1231 863 1290 et
889 1228 999 1291 tamen
1027 1229 1121 1312 grata
1148 1230 1198 1291 est
1225 1227 1352 1292 admota

81 1351 141 1413 pro
163 1329 266 1393 salute
293 1328 486 1411 necessitaS,
515 1349 575 1392 nec
603 1327 666 1412 ipsi
693 1331 766 1411 post
793 1329 1035 1412 respirationem
1062 1351 1129 1393 non
1156 1333 1231 1394 sunt
1258 1330 1353 1395 bene·

82 1431 164 1496 ficiis
187 1429 333 1513 obnoxii,
363 1431 418 1515 qui
446 1432 600 1494 curantur
628 1429 732 1494 inviti.
782 1428 933 1495 Cavenda
962 1434 1011 1495 est
1040 1431 1205 1495 subtilium
1233 1454 1353 1516 magna

83 1531 368 1617 circumspectione
391 1531 560 1615 calliditas,
583 1531 639 1616 qui
659 1532 814 1616 ingerunt
836 1531 991 1616 difficilia,
1015 1533 1090 1597 dum
1104 1532 1253 1597 nituntur
1267 1533 1354 1597 labe·
1442 1560 1444 1565 ⁴

81 1635 206 1699 factare
235 1635 421 1719 composita.
471 1633 516 1697 Et
543 1633 614 1718 quis
646 1632 707 1697 1100
734 1634 836 1717 possit
863 1633 1047 1718 admittere,
1081 1638 1118 1699 ut
1144 1634 1184 1698 ad
1211 1634 1268 1698 illa
1296 1657 1354 1719 per

82 1758 195 1822 pacem
219 1737 384 1801 credamur
406 1735 536 1818 adduci,
567 1735 606 1798 ad
633 1757 714 1820 quae
743 1758 807 1819 non
835 1736 996 1820 potuimus
1019 1736 1195 1802 discordiae
1216 1737 1352 1801 necessi·

82 1843 151 1903 tate
173 1838 335 1923 compelli,
367 1840 400 1903 et
420 1840 551 1921 putetur
573 1859 724 1922 aequum,
752 1840 788 1901 ut
810 1840 922 1901 contra
950 1838 1086 1903 salutem
1107 1838 1257 1923 princeps
1279 1839 1353 1903 sub-

79 1942 239 2025 jectorum
261 1940 460 2004 voluntatem
481 1940 676 2024 sequatur9),
700 1961 796 2024 quam
817 1961 875 2023 pro
898 1962 955 2004 sua
977 1940 1079 2005 salute
1100 1940 1237 2025 subjecti
1267 1942 1354 2026 prin·

83 2043 164 2127 cipis
185 2065 273 2123 non,
286 2041 485 2106 famulentur
507 2041 666 2126 imperio?

168 2144 199 2209 5.
237 2143 345 2228 Ipsam
367 2143 428 2207 tibi
448 2165 588 2227 mecum,
611 2143 804 2208 venerabilis
818 2144 880 2227 fili,
906 2144 997 2209 crede
1011 2143 1190 2210 Ecclesiam
1205 2145 1265 2210 Dei
1281 2169 1353 2231 sup·

80 2247 219 2332 plicare,
249 2248 286 2309 ut
312 2267 382 2309 eam
410 2244 479 2309 sine
506 2245 631 2309 macula
660 2248 692 2309 et
718 2267 799 2330 ruga
807 2296 815 2329 ,
851 2246 934 2310 sicut
960 2247 1022 2310 scis
1050 2245 1188 2312 Domino
1215 2248 1352 2333 placere,
1367 2237 1436 2341 BP}-

83 2348 254 2431 custodias,
279 2347 395 2411 necin
418 2368 455 2410 ea
477 2347 586 2411 oculus
608 2347 673 2430 ille,
697 2347 751 2432 qui
773 2348 910 2433 pervigil
921 2349 958 2434 ¹⁰)
975 2350 1033 2431 est,
1056 2369 1194 2412 naevum
1216 2351 1354 2435 aliquem
1376 2312 1445 2372 Μ’

83 2472 179 2536 quem
203 2451 366 2515 aversetur
387 2448 554 2533 adspiciat.
589 2450 673 2513 Arna
695 2450 779 2534 quod
802 2449 904 2514 aDeo
927 2453 1139 2534 cumpunctus
1162 2452 1299 2537 elegisti,
1323 2457 1356 2518 et

82 2554 310 2617 intemeratum
333 2573 424 2615 serva
446 2549 525 2614 illud
548 2552 638 2636 cujus
664 2574 739 2636 pars
768 2573 836 2615 esse
859 2551 997 2616 voluisti.
1042 2552 1153 2617 Fuerit
1174 2558 1249 2618 ante
1272 2554 1356 2618 solli-

87 2654 195 2719 citudo
221 2656 349 2718 tanturn
376 2675 462 2717 mea:
496 2675 583 2717 nunc
610 2676 708 2718 unam
735 2653 829 2718 nobis
857 2675 986 2717 causam
1015 2657 1071 2718 tua
1098 2655 1177 2719 fecit
1205 2655 1356 2721 0100010-

82 2755 215 2820 mentia.
253 2755 322 2820 Nec
345 2755 553 2819 austeriorem
574 2777 625 2819 me
647 2756 815 2840 quisquam
837 2756 924 2820 dicat
946 2777 1014 2820 esse
1033 2755 1204 2841 prioribus,
1227 2780 1288 2823 nec
1303 2758 1356 2822 ad-

85 2858 225 2922 hortatio
248 2857 383 2941 alicujus
405 2879 463 2941 pro
486 2858 666 2921 sententiae
693 2857 884 2923 auctoritate
907 2861 1066 2922 teneatur.
1108 2857 1356 2943 Diligentiorem

83 2982 135 3023 110
157 2982 223 3023 101
246 2959 443 3044 pertinaciae
465 2958 620 3042 studium,
656 2958 710 3023 sed
739 2959 891 3025 scandala
921 2964 1030 3024 secuta
1057 2960 1213 3024 fecerunt.
1258 2961 1353 3026 Forte

81 3062 169 3125 inter
184 3062 278 3126 initia
299 3060 462 3147 locus¹¹)
479 3082 547 3124 esse
568 3061 701 3144 potuit
722 3061 865 3125 lenitati:
887 3062 981 3144 male,
998 3062 1081 3125 sicut
1096 3065 1208 3126 notum
1223 3065 1282 3145 est,
1299 3084 1357 3145 per

85 3176 324 3185 ——--—-
338 3173 391 3180 ..—

151 3213 241 3281 olid,
259 3217 490 3282 praeoptabile
509 3222 613 3281 putetur
630 3217 706 3266 se'...
718 3218 830 3270 mortuis.
865 3212 897 3267 In
916 3213 951 3266 G¹
969 3213 1069 3267 lacuna
1086 3213 1257 3282 hujusmodi:
1275 3235 1355 3283 prae-

83 3303 174 3367 optati
243 3309 349 3367 putetur
365 3318 395 3352 so
468 3317 521 3350 cura
539 3303 650 3353 mortuis.
688 3296 777 3362 Quam
794 3297 979 3368 supplendum
996 3299 1091 3353 nostro
1110 3299 1193 3354 modo
1213 3315 1246 3352 ex
1263 3299 1355 3369 spatio

82 3399 171 3438 vacuo
190 3383 287 3438 relicto
311 3381 530 3448 aestimavimus,
553 3399 637 3449 quum
655 3381 782 3437 similiter
797 3381 922 3436 Norisius
945 3382 978 3437 de
997 3399 1052 3436 uno
1071 3401 1105 3437 ex
1118 3383 1255 3438 Trinitatc
1273 3401 1354 3454 passo

83 3474 193 3537 11113.Ίὲ
211 3468 368 3538 supplesset
384 3471 562 3536 praeoptabile
581 3486 636 3520 ease
646 3479 752 3536 putetur
763 3472 859 3522 sociari
870 3488 923 3520 ram
936 3474 1047 3526 mortuis.
1070 3469 1225 3538 Responsio
1236 3469 1306 3524 haec
1319 3470 1355 3524 ad

83 3551 154 3606 illud
171 3553 284 3618 attinet,
307 3551 381 3621 quod
399 3552 522 3606 Justinus
541 3551 619 3621 epist.
641 3558 733 3606 12911.
753 3559 768 3605 2
786 3551 1022 3621 interrogaverat:
1050 3557 1116 3618 Quid
1138 3559 1215 3621 ipitar
1229 3559 1355 3620 faciamus
1396 3568 1398 3572 '

82 3642 228 3704 hujusmodi
242 3643 416 3707 pertinaciae,
435 3657 500 3707 qaae
518 3656 563 3690 nec
581 3642 650 3691 dicto
668 3643 775 3692 audiena
793 3644 907 3704 arsatii,
928 3649 953 3691 et
970 3648 1095 3692 tormenta
1113 3644 1139 3692 ia
1157 3648 1252 3692 tantam
1270 3645 1354 3707 despi-

83 3729 131 3785 cit,
150 3733 176 3776 ut
189 3724 240 3777 eto.

153 3810 173 3875 8)
191 3807 241 3860 Ed.
262 3805 325 3862 add.
346 3811 470 3861 remediis.
506 3806 571 3860 Mox
588 3807 647 3861 a¹b
667 3823 723 3874 seq.
745 3821 826 3862 tamen
844 3810 881 3875 (a¹
902 3810 1006 3875 tautum)
1025 3810 1053 3862 et
1071 3807 1160 3862 omitt.
1180 3814 1290 3867 admota.

152 3894 175 3961 9)
192 3891 245 3945 Η10
267 3890 452 3960 supplendum
473 3898 570 3961 potira,
594 3909 627 3946 ao
649 3892 765 3947 subinde
789 3892 927 3962 particula
944 3909 1049 3961 negans
1073 3893 1265 3963 expungenda.
1308 3893 1354 3947 Ni·
1431 3906 1440 3915 ³

84 3976 125 4030 hil
142 3992 208 4030 vcro
231 3976 275 4030 vel
298 3976 483 4047 supplendum
504 3976 549 4032 vel
566 3977 765 4032 removendum
788 3980 873 4044 foret,
896 3978 918 4033 si
940 3993 991 4048 pro
1014 3979 1140 4047 proximo
1159 4000 1232 4048 qaam
1249 3978 1355 4048 legers-

85 4062 131 4115 tur
150 4072 183 4120 et.

154 4148 186 4212 ¹⁰)
204 4147 223 4199 b
237 4163 272 4200 oc
283 4153 430 4215 percipitat,
449 4149 476 4202 a¹
489 4146 555 4202 edit.
568 4155 721 4217 pcraipitem,
734 4147 876 4218 imperitia
886 4147 1002 4215 librarii,
1015 4149 1063 4217 qui
1076 4166 1161 4217 quum
1173 4149 1201 4202 in
1213 4148 1354 4203 veteribus

84 4230 162 4284 libris
184 4237 291 4299 percipit
314 4242 351 4284 est
374 4233 458 4299 atquo
479 4238 624 4301 percipiam
643 4233 741 4287 eadem
763 4233 871 4288 ratione
894 4233 972 4302 pingi
989 4233 1109 4299 videret,
1132 4234 1203 4302 puta
1223 4238 1354 4303 percipite,

85 4331 181 4369 veram
197 4314 346 4369 lectionem
364 4332 506 4371 secernere
525 4334 580 4371 non
598 4317 692 4371 valuit.

154 4403 185 4467 ¹¹)
203 4400 270 4453 boo
288 4399 352 4454 add.
371 4409 441 4455 iocus
513 4409 607 4471 patuit,
633 4402 707 4469 quod
725 4403 805 4456 abest
822 4420 840 4457 a
857 4403 891 4457 G'
906 4406 941 4458 at
979 4403 1126 4472 Objectum
1143 4402 1188 4456 hic
1205 4402 1354 4457 Hormisda

85 4482 166 4536 diluit
182 4482 285 4536 Justini
302 4485 382 4554 epist.
403 4492 450 4540 199
468 4494 522 4541 13
541 4487 698 4555 exemplum
710 4487 851 4541 Anastasii
867 4505 959 4557 papae
975 4486 1148 4558 opponentis.
1179 4487 1353 4556 Quamquam
1376 4488 1382 4499 ‘

84 4584 174 4637 neque
193 4566 216 4621 is
233 4584 308 4638 papa
326 4569 473 4624 Anastasio
492 4571 654 4640 imperatori
672 4569 767 4624 mitior
789 4572 864 4626 visus
887 4576 942 4639 est,
965 4572 1073 4642 dequo
1097 4589 1153 4625 non
1170 4589 1248 4627 secus
1267 4589 1300 4626 ac
1318 4571 1352 4626 de

84 4652 184 4708 ceteris
202 4653 367 4708 Hormisdae
385 4654 576 4710 decessoribus
594 4657 630 4710 ad
648 4655 825 4711 Hormisdam
842 4656 932 4727 ipsum
951 4658 1029 4728 epist.
1050 4664 1066 4711 9
1084 4655 1192 4712 scribit:
1224 4661 1354 4711 Antehac

83 4744 206 4807 siquidem
224 4743 321 4792 duritia
338 4760 435 4803 eorum,
454 4744 542 4809 qrribrrs
560 4747 738 4808 episcopatus,
759 4763 830 4812 quem
848 4764 913 4797 ariae
928 4747 1033 4810 peritis,
1052 4753 1109 4796 crat
1126 4747 1267 4796 sollicitudo
1285 4762 1353 4795 carn·

83 4828 172 4884 mirra,
196 4834 339 4891 temperare
361 4844 407 4879 noe
427 4829 574 4891 [arietata
592 4832 795 4880 transmittendis
816 4833 938 4896 epistolia.
979 4826 1055 4892 Quae
1078 4844 1112 4882 ea
1135 4827 1169 4881 dc
1187 4843 1217 4880 re
1239 4827 1299 4880 tum
1316 4826 1353 4880 ad

82 4906 258 4980 praedictam
277 4907 423 4977 epistolam
442 4916 490 4963 129
509 4917 568 4963 tum
586 4908 654 4965 alibi
671 4911 807 4966 annotata
824 4915 889 4967 sunt
905 4911 1004 4968 recole.
