3204 5506
457 362 651 412 aetsronnu
675 353 693 410 5
716 363 902 411 arrasum.
1253 346 1314 413 stt

100 515 189 580 n‘bus
212 516 307 580 turba
329 519 522 580 concuteret.
574 516 635 582 Sed
663 538 729 580 non
755 518 935 601 optavimus
959 518 1161 581 commissum
1183 521 1313 582 sanctae
1326 534 1419 583 ascl.

100 618 311 703 gregationis
340 619 479 682 examini
508 619 567 682 sub
593 619 655 683 hac
684 619 829 703 protrahi
859 619 1012 684 dilatione
1040 620 1222 704 negotium,
1256 642 1316 684 neo

100 720 269 784 versitatis
302 720 424 784 animos
457 720 587 804 gravius
620 721 816 804 praejudicio
849 721 987 804 pendere
1019 743 1205 806 suspensos:
1242 722 1316 806 quia

134 823 360 907 tranquillitati
384 823 470 886 urbis
493 822 688 886 definitionis
716 844 804 887 mora
811 873 820 906 ,
849 845 909 888 nec
936 823 1126 887 sacerdotali
1153 825 1316 908 proposito

100 925 212 988 bentia
234 927 341 1008 potest
364 924 533 989 convenire
556 924 741 988 discordiae.

135 1027 164 1088 2.
188 1024 356 1112 notescet)
372 1026 472 1110 igitur
488 1028 621 1110 accepta
639 1026 835 1109 confusione,
852 1048 932 1110 quae
947 1031 1025 1090 neta
1043 1030 1102 1111 est,
1127 1031 1315 1091 ceterorum-

120 1128 147 1210 5)
169 1127 320 1209 discessu,
344 1129 418 1211 quia
440 1131 571 1212 propter
592 1128 730 1211 turbam,
755 1149 834 1212 quae
858 1130 913 1190 aut·
935 1150 1011 1192 casn
1033 1131 1088 1192 aut
1105 1129 1181 1193 vitio
1196 1129 1314 1213 aliquo-

100 1253 118 1291 ι
144 1229 296 1313 contigit,
320 1229 436 1293 iterata
459 1252 539 1314 quae
563 1233 736 1314 coeperunt
756 1228 911 1313 reliquere
930 1229 1067 1313 judicia,
1103 1230 1170 1314 (qui
1192 1232 1312 1313 tamen,

100 1330 176 1415 [uid
199 1331 357 1417 deceret⁶l
381 1333 486 1415 potius
511 1331 723 1415 cogitassent,
748 1331 892 1415 exemplo
915 1334 1018 1395 vestro
1040 1332 1075 1395 in
1090 1329 1177 1395 Urbe
1199 1332 1314 1396 reside·

100 1435 141 1513 h,
175 1436 396 1517 exspectantes
425 1433 463 1496 de
490 1433 557 1515 his,
588 1456 668 1517 quae
690 1433 756 1497 illic
778 1434 882 1515 facta,
916 1433 955 1496 de
982 1436 1092 1496 nostra
1114 1435 1314 1517 providentia

100 1533 198 1598 inere
221 1535 422 1619 remedium):
446 1556 543 1618 quum
565 1534 600 1598 in
622 1535 738 1599 multas
761 1557 794 1599 se
816 1535 884 1598 vias
900 1534 1054 1618 cogitatio
1069 1538 1180 1599 nostra
1195 1535 1314 1619 disper-

100 1636 186 1721 eti),
210 1637 250 1699 ad
272 1635 358 1700 hunc
380 1658 413 1700 se
435 1637 597 1701 tramitem
620 1636 745 1700 consilii
768 1658 843 1700 cura
866 1636 1040 1717 convertit,
1069 1639 1105 1699 ut
1126 1659 1252 1701 rursum
1275 1639 1314 1702 ad

100 1736 266 1800 lendarum
301 1737 536 1823 Septembrium
569 1738 653 1801 diem
686 1739 829 1803 eumdem
863 1738 1077 1801 censuerimus
1114 1740 1314 1803 sacerdotum

100 1857 216 1901 nerum
240 1840 419 1922 convenire,
443 1839 496 1923 qui
519 1839 636 1903 dudum
657 1839 764 1903 fuerat
786 1842 925 1903 vocatus.
960 1838 1082 1924 Ergo⁸)
1104 1841 1314 1925 ingravanter

100 1939 257 2004 ,cunum
285 1944 424 2005 vestram
456 1941 649 2025 reliquorum
683 1942 897 2025 praesentiam
931 1942 1080 2004 convenit
1112 1943 1243 2025 operiri,
1279 1947 1315 2005 ut

100 2059 229 2122 tlpresso
252 2043 390 2106 tumultu
418 2047 451 2107 et
473 2043 668 2107 dissensione
696 2043 857 2126 submota,
892 2064 971 2126 quae
1000 2042 1041 2106 ab
1068 2044 1214 2107 omnibus
1243 2047 1313 2106 orta

120 2142 163 2206 ab
184 2145 330 2209 omnibus
354 2167 449 2209 causa
472 2148 655 2229 peragatur.

131 2244 163 2308 3.
200 2245 285 2309 Nam
314 2245 519 2330 Ravennam,
554 2245 817 2330 quemadmodum
851 2247 1002 2330 speratis,
1037 2269 1102 2311 uon
1132 2247 1312 2332 putavimus

100 2347 260 2410 noandum
286 2369 353 2412 esse
376 2348 561 2431 concilium,
595 2348 669 2411 dum
692 2348 825 2411 aliorum
847 2347 970 2430 labore,
996 2349 1167 2434 taliomml)
1190 2371 1312 2434 permo-

100 2461 158 2509 lur
186 2452 307 2533 aetate,
336 2451 458 2533 parati,
487 2453 523 2513 ut
544 2451 607 2514 nisi
630 2450 768 2514 secundo
798 2453 956 2513 conventu
979 2472 1091 2515 causae
1114 2452 1211 2515 finem
1229 2452 1312 2534 judi-

100 2562 124 2605 11
155 2550 308 2634 synodale
330 2553 486 2636 posuerit,
507 2552 602 2634 juxta
624 2551 816 2616 desiderium
837 2555 993 2635 vestrum,
1017 2574 1079 2637 quo
1101 2575 1159 2617 nos
1182 2554 1312 2638 poscitis

100 2667 106 2701 t
132 2656 340 2736 praesentes,
372 2654 633 2737 occupationibus
661 2655 778 2717 nostris
806 2652 927 2718 Romae
956 2655 1071 2738 quietis
1100 2656 1199 2720 amori
1227 2659 1313 2740 post-

100 2743 176 2836 itis,
201 2777 259 2818 nos
282 2754 387 2838 potius
409 2754 546 2818 Romam
567 2754 635 2818 Deo
664 2760 792 2820 auctore
814 2756 994 2820 veniamus:
1027 2759 1064 2819 ut
1090 2758 1312 2838 praesentibus

100 2869 161 2918 em
183 2857 276 2920 nobis
300 2857 380 2920 citra
403 2857 622 2921 confusionem
638 2861 733 2942 atque
748 2858 938 2921 discordiam
958 2857 1131 2921 secundum
1146 2857 1204 2922 Dei
1220 2859 1312 2922 timo-

100 3001 104 3009 ·
132 2958 230 3021 tanta
254 2980 348 3023 causa
369 2959 542 3023 terminum
564 2959 726 3041 sortiatur,
750 2962 872 3023 utnon
895 2960 1015 3023 diutius
1036 2959 1112 3022 urbs
1134 2959 1224 3043 regia
1246 2964 1311 3023 tur·

100 3071 160 3122 tun
182 3063 375 3143 tempestate
396 3060 567 3144 fatigetur,
602 3061 656 3124 sed
684 3062 780 3124 vestri
808 3061 969 3145 aequitate
992 3061 1105 3144 judicii
1133 3060 1242 3124 redeat
1271 3061 1312 3124 ud

100 3157 195 3224 stem.
235 3160 396 3226 Nemora
418 3162 506 3226 vobis
529 3163 674 3226 rideatur
696 3184 840 3246 onerosa,
863 3164 913 3226 las
936 3165 984 3225 est
1005 3164 1129 3225 vestrae
1144 3162 1311 3226 aestimare

100 3256 277 3346 vicentiae,
301 3264 328 3327 si
351 3264 594 3349 eommottumtt)
618 3265 660 3328 sit
679 3268 733 3327 aut
748 3265 806 3328 sub
821 3267 1001 3328 nostrorum
1023 3267 1200 3348 temporum
1223 3267 1312 3327 trun-

100 3353 207 3428 ·litate
240 3365 456 3448 tolerandum,
492 3366 594 3430 soluto
627 3367 696 3430 sinc
730 3366 836 3451 alique
868 3365 1053 3429 definitione
1086 3364 1220 3428 concilio
1253 3365 1312 3430 sub

104 3486 157 3501 *s
163 3497 223 3503 —-.
230 3498 243 3502 -
263 3498 352 3505 --—

104 3544 131 3610 ⁴)
153 3550 229 3604 Editi
247 3556 368 3619 Molesta,
386 3552 421 3605 tt
432 3553 480 3604 K¹²
497 3560 606 3614 moleste,
625 3552 656 3604 B'
676 3561 802 3609 atotcstae.
832 3556 924 3620 Ipr'tur.

105 3627 131 3695 ⁵)
153 3635 188 3689 Ft
200 3636 248 3690 K'²
265 3648 423 3706 ceteramque
442 3643 589 3697 discessum,
613 3643 672 3706 qttia
693 3649 803 3706 propter
823 3642 933 3697 turbam,
961 3657 1024 3706 quae
1042 3647 1085 3690 aut
1104 3657 1164 3690 casu
1183 3636 1227 3705 (F¹1
1246 3638 1309 3692 add.

110 3723 180 3775 vitio
198 3727 337 3791 aliquorum
354 3728 471 3789 comtepit
482 3722 526 3789 (F‘¹
540 3726 671 3791 rontinpit)
690 3730 784 3776 iterata
803 3743 866 3791 qliae
884 3732 1022 3789 caeperunt
1039 3728 1183 3791 relinquere
1195 3729 1311 3789 judicia:

100 3792 174 3859 liter
190 3807 223 3858 Bt
243 3812 302 3875 qrtia
319 3818 427 3874 propter
500 3820 543 3860 aut
560 3828 621 3860 rasa
639 3820 682 3861 md
700 3814 764 3861 vitio
836 3813 962 3861 interruta
985 3827 1049 3876 qnae
1072 3820 1210 3875 coeperunt
1232 3815 1308 3862 relin-

100 3899 129 3937 8.
170 3889 245 3943 Editt
264 3896 307 3960 qai
323 3902 432 3959 propter
505 3903 627 3945 autumn
646 3904 692 3948 etc.

102 3967 131 4034 ⁸)
153 3976 196 4030 ua
213 3976 305 4030 locum
323 3979 483 4045 corruptum
502 3993 535 4029 ex
553 3977 676 4046 vestigiis
687 3977 720 4030 Βι
733 3977 767 4030 Fd
780 3977 828 4030 ΚΝ
840 3976 1019 4043 restituimus,
1037 3976 1085 4045 qui
1103 3977 1131 4031 in
1150 3977 1245 4031 editis:
1265 3982 1312 4042 (lut

102 4069 122 4102 Π
146 4067 169 4113 ai
187 4066 248 4129 qaid
265 4066 362 4114 dixerit
380 4061 424 4125 (Fd
444 4067 570 4124 dissertat,
589 4062 621 4114 Β1
642 4066 763 4129 diceret),
784 4068 870 4129 potius
941 4068 1056 4116 residere
1079 4075 1261 4130 exspectantes
1277 4068 1310 4116 de

100 4152 152 4197 ”ae
167 4150 345 4212 procidentiae
363 4152 523 4201 ordinatione
542 4147 584 4214 (B'
599 4147 633 4198 pc
645 4147 692 4214 ΚΠ
710 4150 842 4213 ordinare)
860 4152 1002 4200 remedium.

104 4221 132 4289 ⁷)
153 4230 200 4283 Κ12
218 4236 373 4298 dispergerit
390 4237 472 4284 addae
488 4237 512 4284 si
529 4238 661 4293 tramitem,
679 4232 712 4284 B¹
731 4238 899 4300 dtrperperet,
920 4235 946 4284 c⁹
964 4237 1161 4299 disperserit
1179 4237 1310 4287 Katemm

100 4310 211 4369 temore.
248 4314 282 4367 F1¹
301 4337 364 4369 cara
382 4322 540 4370 constitnerit
613 4337 779 4370 censeremus.

110 4392 135 4460 s)
154 4399 200 4453 K¹²
221 4404 291 4468 Ergo
309 4406 466 4470 improbantis
483 4409 641 4455 sanctitatem
663 4408 815 4471 reliquorum
835 4407 983 4469 praesentia
1006 4407 1120 4455 conuenit
1141 4407 1260 4470 operire:
1283 4415 1310 4456 ut

115 4496 211 4543 praeeo
231 4493 332 4539 tumultu
403 4500 475 4540 certa
497 4499 543 4540 est.
592 4486 624 4539 Β1
638 4486 673 4539 tt
686 4490 711 4540 θ’
729 4493 894 4555 inprecantes
911 4488 948 4552 (0⁹
966 4489 1115 4555 immeantis)
1187 4499 1245 4540 orta
1262 4499 1310 4544 est,

100 4571 112 4608 ἶ
130 4564 164 4621 Fi
182 4575 213 4623 ab
231 4576 342 4624 omnibus
360 4583 451 4640 coeptu
469 4582 530 4646 est,

117 4648 139 4716 ⁸)
156 4653 199 4709 Sic
216 4672 279 4708 mss.
300 4657 329 4708 et
347 4660 384 4721 0⁹3
414 4656 501 4723 bseq.
523 4658 632 4724 (tienne,
652 4672 728 4709 mero
746 4656 864 4722 librarii,
884 4672 938 4723 quo
957 4656 1047 4710 Faber
1065 4674 1129 4710 usus
1148 4659 1201 4724 est,
1220 4659 1307 4727 lapsu.

100 4733 164 4789 ¹13⁶
177 4747 252 4806 linem
268 4760 366 4807 ponere
378 4747 503 4806 judicium
520 4748 640 4810 synodali
654 4749 775 4809 potuerit.

123 4819 150 4889 ¹⁰)
165 4823 209 4878 Ita
231 4824 320 4878 B¹Ft
362 4826 408 4877 ΚΙῗ
419 4827 436 4878 b
449 4842 505 4892 seq.
526 4833 665 4893 rontmodo,
697 4828 726 4880 ct
748 4844 809 4880 curn
827 4826 862 4879 Fd
883 4834 979 4882 solatus
1001 4848 1032 4880 ne
1049 4833 1075 4880 ia
1093 4834 1178 4898 attqua
1196 4830 1233 4896 ((3ο
1250 4833 1309 4883 sott-

100 4915 132 4957 me
145 4914 169 4962 im
186 4914 290 4979 aliqua).
