3204 5506
185 416 195 460 ⁸
266 344 330 407 890
709 357 1098 406 s.ncnm1sossesesa

135 525 171 591 (a.
182 528 252 592 olo.)
265 518 298 578 et
319 513 403 598 quod
424 534 490 577 mon
506 534 637 596 parvam
653 534 761 576 eorum
776 512 914 596 abjectio
929 512 1124 596 apostolicae
1139 511 1226 576 sedis
1248 510 1360 597 tangit
1372 512 1507 596 injuriam:

264 617 338 699 not)
362 614 616 681 Christianitatis
638 618 763 679 vestrae
785 615 969 697 sinceritas,
999 636 1062 698 qua
1084 616 1118 678 ct
1140 636 1300 699 nragmum
1324 614 1507 699 patrocinium

264 717 425 783 veteribus
449 717 632 782 constitutis
653 717 839 802 impenditis
861 719 895 783 et
916 717 1000 781 sedis
1020 718 1218 800 apostolicae
1232 717 1440 801 principatum
1452 721 1507 781 aeta

264 820 390 883 noviter
403 819 608 884 veneratione
622 819 766 903 sancitis
789 819 824 882 in
839 841 903 884 uno
917 818 1206 904 inexpugnabilem
1225 817 1387 904 relinquat
1399 821 1507 904 pateris

263 922 394 1007 negotio
416 921 646 1006 quaestionem.

766 1091 948 1195 epaon
974 1092 1034 1176 ci.

120 1223 212 1283 (aeto
224 1222 250 1276 d.

128 1288 241 1360 ,sem
446 1245 658 1313 Hormisdae
681 1260 791 1330 papae
813 1244 857 1310 ad
879 1244 1114 1329 Euphemiam
1136 1243 1352 1328 Augustam.

297 1386 440 1450 Perpetuus
460 1401 510 1449 pro
532 1386 591 1448 ejus
613 1392 638 1435 et
659 1389 822 1452 imperatoris
844 1389 925 1435 salute
947 1386 983 1435 ad
1004 1386 1083 1435 Deam
1104 1400 1133 1434 ss
1156 1383 1188 1435 ’et
1209 1373 1360 1436 obessem
1380 1402 1484 1452 quemque
1513 1378 1552 1440 pt!

425 1486 516 1534 preces
534 1472 676 1536 effundere.
712 1471 807 1534 Ellam,
832 1470 949 1520 Ttomeuu
967 1476 993 1520 et
1010 1471 1183 1521 Nicostratam
1200 1472 1365 1521 comendae.

414 1602 624 1668 Hormisda
646 1603 889 1688 Euphemiae
911 1603 1130 1688 Augustae.

349 1724 376 1784 1.
413 1724 513 1786 Orare
536 1744 594 1787 nos
617 1729 651 1787 et
671 1744 729 1807 pro
752 1724 858 1787 vestra
883 1720 1104 1786 incolumitate
1127 1721 1196 1787 Deo
1224 1724 1338 1787 nostro
1362 1725 1433 1786 vota
1456 1743 1510 1807 per·

261 1823 382 1887 solvere
410 1846 483 1887 eum
512 1823 741 1889 catholicorum
768 1825 867 1888 etiam
900 1828 992 1888 coetu
1018 1825 1088 1889 sime
1122 1816 1303 1890 cessatione
1332 1823 1510 1908 pontificum,

260 1948 327 1991 non
350 1929 474 1990 vestrae
496 1927 637 1991 studium
651 1926 845 1992 exorationis
859 1927 987 2011 invitat,
1011 1927 1067 1991 sed
1081 1927 1233 1992 devotum
1248 1930 1345 2012 atque
1358 1926 1511 2011 persistens

149 2022 153 2027 ’
260 2027 295 2092 in
317 2027 535 2093 ecclesiastica
556 2028 701 2094 stimulat
728 2028 989 2094 reconciliatione
1016 2028 1229 2113 propositum.
1273 2028 1352 2104 Quis
1379 2030 1459 2093 emim
1480 2028 1512 2091 ab

260 2129 422 2194 haeretica
444 2133 632 2216 segregatus
656 2131 892 2214 conspiratione
915 2152 948 2194 se
970 2133 1091 2213 teneat,
1114 2131 1185 2215 quis
1208 2130 1281 2194 aliis
1296 2131 1331 2195 im
1352 2153 1409 2195 sua
1422 2132 1513 2195 utatur

260 2231 485 2315 deprecatione
507 2233 691 2317 principiis,
722 2232 784 2296 nisi
805 2235 842 2296 ut
864 2232 954 2296 vobis
976 2232 1242 2316 serenissimoque
1264 2231 1405 2317 principi
1424 2231 1512 2318 juguli

259 2335 365 2397 vestro
387 2337 420 2397 et
440 2333 509 2398 vita
530 2334 573 2398 sit
594 2333 732 2420 longior,
757 2337 790 2398 et
811 2334 851 2398 ad
874 2335 1098 2418 prosperitatis
1120 2338 1333 2420 augmentum
1353 2334 1456 2419 grstia
1476 2333 1512 2398 ui-

258 2434 335 2498 vina
362 2434 550 2519 proximior:
577 2437 632 2521 qui
659 2437 753 2501 initia
779 2436 883 2501 felicis
911 2435 1037 2519 imperii
1065 2436 1228 2521 plectendi
1259 2436 1514 2502 exsecrationibus

260 2537 470 2602 consecrastis
493 2538 619 2622 erroris,
643 2543 675 2603 et
698 2539 834 2604 amicam
856 2537 982 2603 diabolo
1003 2539 1139 2623 pacifica
1160 2538 1330 2623 expulistis
1352 2539 1514 2604 intentione

259 2637 471 2703 discordiam?
514 2639 608 2705 Unde
630 2663 716 2705 nume
739 2641 831 2706 decet
851 2662 907 2705 vos
929 2640 1144 2705 laudabilibus
1172 2642 1295 2725 coeptis
1322 2640 1467 2707 insistere
1488 2646 1515 2705 et

259 2762 316 2824 per
337 2743 441 2805 totum
456 2743 565 2806 orbem
580 2743 757 2826 perfectam
779 2764 931 2827 spargere
953 2742 1156 2825 medicinam,
1180 2743 1257 2828 quia
1279 2742 1409 2810 Christo
1428 2743 1516 2827 major

175 2910 178 2917 ,
258 2864 409 2907 numerus
432 2844 541 2929 gregis
556 2844 682 2911 oblatus
698 2845 876 2910 mercedem
893 2844 1090 2909 confidenter
1105 2845 1208 2930 exigit
1222 2845 1408 2931 largs'crem.
1440 2845 1516 2910 Inter

258 2967 339 3029 quae
362 2967 456 3010 curae
478 2949 603 3011 uestrae
625 2947 678 3029 sit,
702 2950 739 3010 ut
760 2947 884 3012 nullmn
900 2946 1037 3012 Satanas
1056 2947 1247 3030 jamdudum
1269 2951 1448 3032 prostratus
1461 2944 1516 3011 rul-

258 3069 319 3111 nus
342 3046 514 3133 efficiam),
543 3049 598 3113 sed
622 3049 854 3114 communionis
876 3049 984 3113 unitas
1007 3070 1162 3134 magnum
1189 3050 1233 3113 sit
1256 3050 1406 3134 justitiae
1431 3052 1516 3136 impe⁴

257 3149 392 3214 trarrdae
414 3151 609 3236 suffragium.

342 3252 373 3316 2,
409 3250 605 3329 Quaesumus
628 3276 776 3338 namque,
800 3256 837 3318 ut
857 3253 988 3318 tamdem
1008 3253 1047 3318 de
1069 3253 1306 3318 venerabilibus
1321 3255 1517 3321 iratribuset

259 3353 454 3438 coepiscopis
471 3355 599 3438 nostris,
623 3355 706 3433 Elia,
731 3356 888 3420 Themate
910 3358 1006 3440 atquc
1021 3354 1220 3439 Nicostrato,
1244 3357 1330 3442 quod
1353 3357 1515 3424 saeratissi-

258 3478 381 3518 nrcrum
407 3478 566 3521 canonum
597 3457 699 3522 dictat
727 3458 917 3541 crebritas,
946 3457 1036 3522 vobis
1064 3458 1313 3524 decernentibus
1341 3461 1516 3545 impleatur:

258 3578 299 3618 ne
322 3557 491 3622 videantur
512 3564 548 3624 ut
570 3563 716 3624 auctores
739 3561 873 3646 alicujus
889 3560 976 3642 mali,
1000 3561 1084 3644 qued
1098 3560 1194 3644 primi
1213 3562 1255 3625 ad
1270 3563 1431 3627 unitatem
1444 3563 1516 3628 sedis

258 3658 450 3741 apostolieae
478 3661 691 3746 festinarunt,
720 3663 756 3726 in
783 3663 943 3727 communi
972 3662 1115 3727 omnium
1142 3663 1261 3748 gaudio
1288 3663 1350 3729 soli
1375 3666 1515 3730 meruisse

257 3760 398 3844 percelli,
423 3766 455 3826 et
476 3764 511 3827 in
526 3763 613 3828 facto
628 3765 783 3829 laudabili
803 3765 922 3830 victam
936 3765 1098 3849 personali
1113 3764 1185 3829 odio
1201 3765 1336 3831 cessisse
1353 3766 1513 3852 justitiam.

258 3859 385 3925 Nostris
411 3884 488 3948 ergo
516 3867 663 3950 precibus
692 3867 776 3951 apud
806 3867 1088 3931 clementissimum
1110 3868 1296 3952 Augustum
1323 3874 1446 3934 vestras
1468 3868 1514 3933 sd·

253 3963 394 4048 jungite,
417 3970 454 4030 ut
475 3967 632 4052 fructum,
662 3991 757 4054 quem
777 3969 842 4044 illis
864 3973 993 4053 patrum
1014 3969 1145 4054 regulae
1167 3969 1268 4034 tribui
1291 3974 1325 4035 et
1347 3969 1514 4037 conservari

256 4067 470 4151 praecipiunt,
494 4069 626 4135 inimica
648 4071 872 4157 tergiversatio
895 4072 1020 4136 auferre
1043 4094 1110 4137 non
1130 4072 1243 4157 possit.

255 4345 378 4408 cupimus,
398 4361 512 4396 morsm
524 4362 608 4397 omnes
619 4348 778 4413 relinquant,
796 4349 889 4398 nemini
905 4349 1004 4413 quidem
1019 4348 1109 4413 perire
1125 4363 1186 4398 saur
1196 4348 1279 4399 teser
1290 4348 1391 4407 debeat.
1407 4350 1509 4400 sermm

256 4431 299 4494 qui
314 4446 363 4493 pro
378 4432 431 4493 fide
448 4431 637 4490 laboraverant,
657 4448 710 4482 cutm
728 4435 794 4484 omns'
809 4435 941 4497 prtuitepu'e
958 4449 1004 4484 suo
1022 4441 1143 4498 oporteat
1159 4433 1208 4497 jus
1223 4434 1359 4499 propriam
1377 4433 1508 4497 “sormi

256 4508 324 4562 Cum
342 4509 385 4564 his
403 4512 498 4566 confer
515 4512 682 4567 Hormisdae
700 4512 776 4568 dicta
792 4513 867 4568 infra
884 4512 964 4583 epist.
983 4520 1024 4569 95.

322 4598 343 4662 ⁴)
361 4595 411 4648 Ed.
429 4617 486 4658 nec,
505 4614 624 4666 moxque
641 4604 758 4659 sancitis.
776 4621 833 4656 uuo.

255 4684 288 4732 94
324 4681 343 4746 ¹)
362 4679 396 4735 G¹
410 4683 437 4735 a¹
456 4687 566 4749 efficiat,
584 4698 704 4751 moxque
723 4683 758 4738 (ἒ1
771 4689 888 4750 junctam
902 4689 1045 4752 personali.
