3204 5506
230 359 293 423 256
670 372 851 423 ersmers
875 374 902 422 n·
923 373 1038 421 reesa

120 543 215 593 anet.
229 532 396 611 utramque
432 549 530 611 usque
563 527 604 589 ad
638 529 776 590 aetatem
813 532 956 590 nostram
989 526 1204 590 successiones
1237 502 1375 590 omues·
1388 524 1514 591 Christi

228 629 335 713 gratia
357 632 543 712 praestante
567 628 759 692 custodiunt.
797 628 887 704 Quod
903 649 980 713 ergo
995 627 1118 711 placuit
1132 631 1266 691 sanctae
1280 627 1412 712 synodo
1427 626 1513 712 apud

228 731 358 793 beatius
379 729 510 793 Petrrmr
533 730 728 812 apostolum,
758 731 840 794 sicut
862 730 1047 813 diximus¹⁷)
1072 732 1105 793 et
1125 751 1184 813 per
1206 729 1328 794 Tutum
1352 729 1513 795 eeclesiae

228 832 427 896 defensorem
459 831 660 895 beatissimus
689 833 738 896 vir
760 832 859 913 Felix,
889 836 986 917 caput
1014 834 1158 895 nostrum
1178 853 1266 916 papa
1288 835 1324 896 et
1346 831 1512 915 archiepi-

227 955 352 1017 scopus,
376 934 541 1016 indicavit,
566 934 600 997 in
623 934 759 998 subditis
783 935 975 998 continetur.

311 1038 342 1101 5.
388 1035 477 1100 Sicut
486 1037 522 1121 18)
552 1040 660 1100 autem
688 1036 826 1100 Aeacius
854 1036 1054 1118 impietatem
1082 1035 1256 1118 pestiferae
1284 1035 1515 1101 damnationis

226 1137 374 1220 tetendit,
403 1140 440 1201 ut
466 1138 564 1201 etiam
592 1136 734 1219 dejectus
756 1137 900 1220 insultet,
932 1142 968 1201 ut
989 1137 1106 1201 scissus
1129 1137 1252 1202 saevire
1273 1158 1343 1201 non
1366 1136 1512 1222 desinet,

227 1243 259 1303 et
281 1262 377 1323 quum
398 1240 529 1303 omnino
545 1243 635 1303 extra
651 1261 764 1323 eorpus
779 1240 937 1303 habeatur
951 1238 1126 1322 Ecclesiae,
1150 1239 1219 1323 ejus
1233 1242 1347 1303 tamen
1362 1239 1514 1305 membra

120 1320 213 1455 Ῑίἓῗζ
227 1340 381 1404 dilaceret
404 1344 436 1404 et
458 1342 497 1404 de
519 1363 552 1405 se
575 1342 729 1424 scriptum
752 1364 820 1406 esse
843 1345 993 1404 testetur:
1024 1346 1140 1421 Impius
1165 1361 1255 1420 quien
1274 1348 1462 1421 pervenerit
1481 1349 1513 1409 iu

221 1446 414 1523 profundum
441 1451 599 1521 mutorum,
630 1451 807 1509 contemnit:
844 1442 1000 1525 adjiciens
1028 1441 1187 1506 deteriora
1214 1441 1380 1525 prioribus
1405 1465 1513 1530 perse·

226 1544 351 1629 quendo
374 1545 444 1627 jam
472 1548 672 1631 mortu0s¹⁰),
702 1547 769 1628 ejus
797 1545 904 1609 anima
933 1545 1075 1628 graviter
1103 1543 1320 1627 delinquendo
1350 1545 1515 1611 conditio·

227 1668 301 1709 nem
335 1647 493 1710 secundae
526 1649 639 1711 mortis
671 1648 816 1711 incurrit.
868 1645 928 1721 Qui
962 1645 1158 1711 Calendione
1192 1646 1345 1730 episeopo
1383 1652 1513 1731 sancte,

229 1747 491 1831 quemadmodum
521 1750 738 1833 cognovimus,
768 1770 871 1832 nuper
898 1748 1060 1834 ejectos),
1089 1747 1220 1811 Petrum
1246 1746 1347 1812 toties
1378 1753 1416 1813 et
1437 1771 1458 1813 a
1479 1770 1515 1815 se

229 1853 305 1914 aute
328 1851 515 1914 damnatum
537 1850 570 1914 iu
595 1852 662 1934 ejus
685 1850 772 1914 misit
794 1851 972 1932 ecclesiam,
996 1850 1042 1913 ita
1058 1852 1094 1913 ut
1108 1849 1248 1933 plurimi,
1272 1848 1302 1913 si
1317 1871 1438 1915 verum
1452 1856 1513 1935 est,

298 2039 328 2102 ¹⁷)
347 2036 486 2090 Orationis
503 2036 652 2105 integritas
670 2036 811 2106 postulare
824 2036 940 2090 uidetur
957 2041 1022 2089 sicut
1041 2040 1180 2089 diremimus
1195 2055 1259 2104 per,
1283 2035 1330 2091 vel
1354 2036 1514 2107 legendum

229 2122 271 2174 est
287 2127 351 2174 siria
370 2127 479 2175 diximus
497 2132 522 2175 et
539 2142 588 2189 per
658 2127 818 2189 defensorem
836 2124 994 2178 beuthsimus
1011 2125 1050 2173 uir·
1068 2124 1143 2173 Felix
1161 2131 1239 2189 ceput
1255 2132 1376 2175 noenum
1394 2143 1472 2192 papa
1488 2134 1515 2179 et

228 2210 435 2275 archiepiscopus
453 2212 580 2263 indicarit.
609 2205 685 2258 Editi
702 2213 768 2260 sicut
785 2212 901 2269 dicimus,
919 2224 969 2274 per
985 2209 1072 2258 Tutiam
1090 2211 1151 2262 eccl.
1170 2210 1223 2271 des.
1244 2215 1271 2258 et
1288 2209 1461 2262 &alissimus

228 2294 435 2358 archiepiscopus
447 2296 584 2355 jardicnatt.
602 2321 635 2328 -—
653 2290 704 2344 Hie
723 2290 935 2354 observandrun,
952 2288 1089 2357 riusquam
1101 2289 1130 2341 in
1141 2288 1335 2358 superioribus
1348 2290 1514 2347 Romnum

227 2374 388 2442 pontificem
406 2391 424 2427 a
440 2374 547 2429 Latinis
564 2375 658 2428 vocari
675 2379 900 2444 arciepiscopatu.
942 2375 1033 2428 Antea
1051 2373 1164 2441 quidem
1181 2374 1322 2429 Damasus
1346 2374 1408 2430 hec
1430 2375 1514 2432 titula

228 2457 375 2526 insignitus
393 2458 497 2527 legitur
514 2459 543 2511 iu
560 2459 654 2513 libello
672 2460 825 2514 Marcellini
844 2462 872 2513 et
890 2458 1014 2512 Faustini
1032 2458 1068 2513 ad
1087 2457 1277 2512 Theodosium
1295 2459 1513 2530 imperatorem,

229 2543 278 2596 secl
295 2542 406 2597 ironice.
439 2542 561 2597 Subinde
580 2544 665 2598 eham
683 2544 789 2598 Latinis
807 2544 942 2598 lanriliare
962 2559 1020 2597 esse
1039 2542 1138 2612 eoepit.
1171 2542 1320 2598 Caesarius
1332 2545 1513 2601 Arelatensis

228 2626 257 2679 in
280 2642 329 2680 suo
352 2629 520 2682 testamento
543 2629 618 2696 apud
635 2629 786 2682 Baronium
810 2628 846 2683 ad
864 2647 927 2682 anm
942 2635 990 2683 508
1014 2643 1201 2682 successorem
1224 2645 1309 2682 suum
1332 2630 1453 2701 saepius
1471 2650 1513 2685 er·

229 2717 414 2780 chiepiscopum
433 2711 509 2765 dicit.

297 2799 328 2864 ιε)
346 2796 423 2850 aditi
446 2801 490 2850 Sic
512 2808 594 2851 autem
665 2819 759 2868 corpus
782 2804 905 2853 habentur
927 2803 984 2865 ejus
1064 2802 1161 2867 Impius
1183 2818 1236 2852 cum
1258 2804 1373 2854 uenam.
1408 2799 1512 2871 Sequi-

228 2898 290 2934 mur
308 2881 352 2935 (3¹.
448 2889 451 2894 '

296 2967 327 3033 ¹⁹)
347 2965 381 3020 G'
400 2980 511 3022 mortuos
533 2974 574 3021 cni
595 2989 623 3022 es
645 2976 727 3022 anime
810 2974 978 3022 conditionem
1000 2968 1085 3036 (vulg.
1104 2971 1353 3039 condemnationem)
1382 2976 1512 3027 smne«

122 3092 126 3099 .
228 3057 323 3105 ntor-tis.
360 3051 491 3105 Acacium
510 3069 564 3106 uon
581 3053 700 3121 legimus
712 3059 770 3119 jum
788 3065 898 3107 irrorans
920 3070 980 3107 esse
1002 3054 1185 3122 persecutum.
1223 3051 1281 3107 Sed
1300 3053 1374 3122 quia
1390 3054 1448 3125 ipsi
1465 3054 1511 3110 sli-

228 3152 284 3203 qua
300 3134 494 3191 intercedebat
516 3137 633 3192 societas
656 3155 718 3191 eum
736 3138 819 3191 Petro
838 3137 1039 3204 Alexandrino,
1063 3136 1111 3205 qui
1129 3136 1270 3193 Timothei
1294 3139 1434 3195 catholici
1456 3139 1511 3211 epi·

228 3221 304 3289 scopi
323 3237 422 3291 eorpus
441 3239 473 3276 ex
492 3223 607 3277 ecclesia
624 3223 653 3275 in
672 3222 813 3276 desertum
831 3222 922 3276 locum
941 3222 1070 3290 ejecerat,
1090 3221 1213 3291 ejusdem
1230 3221 1359 3279 criminis
1372 3224 1510 3281 obnoxius

228 3306 382 3374 reputatur.
420 3307 516 3375 Neque
535 3307 608 3361 enim
627 3307 799 3377 deprehenso
818 3307 871 3361 hoc
888 3306 1011 3360 facinore
1029 3323 1058 3360 se
1077 3307 1182 3361 aPetri
1200 3307 1340 3362 societate
1359 3309 1509 3377 abstraxit,

228 3389 354 3456 quamvis
376 3378 447 3444 eum¹
461 3392 667 3460 quodammode
690 3392 856 3461 culpaverit,
887 3394 918 3444 ut
940 3409 1025 3461 supra
1051 3390 1080 3443 in
1102 3390 1211 3461 epistt
1233 3408 1269 3446 ex
1287 3392 1418 3464 Evagrio
1436 3395 1465 3450 h.
1484 3411 1508 3449 e.

228 3473 274 3531 lit,
293 3484 320 3526 tn
339 3475 554 3530 observavimus.

296 3562 328 3625 ²⁰)
347 3562 380 3612 (Η
394 3564 420 3613 n'
441 3568 520 3615 electo
594 3569 673 3623 arisit,
704 3580 739 3616 ec
761 3569 846 3630 ejecto
920 3567 1025 3621 immisit.
1067 3561 1156 3630 Hujus
1179 3559 1304 3632 episcopi
1330 3564 1508 3635 aliorumque

228 3641 426 3709 ejiciendorum
450 3662 560 3700 causam
583 3647 768 3716 Theophanes
792 3648 938 3714 chronogr·
961 3665 989 3716 p.
1004 3652 1053 3700 207
1076 3645 1119 3698 his
1142 3646 1233 3699 verbis
1254 3647 1371 3722 prodit:
1404 3655 1508 3705 Zenon

229 3733 345 3795 tyrannis
362 3747 390 3781 se
408 3737 605 3799 opprimentibus
623 3737 686 3786 iiber
703 3737 883 3786 (Irrlondicnem
901 3736 1107 3786 Antiochensium
1125 3736 1232 3785 ecelesia
1253 3739 1362 3801 expulit
1379 3745 1406 3789 et
1425 3737 1508 3789 Oasin
1542 3742 1548 3805 i

228 3818 356 3880 relepnuit,
375 3825 452 3883 nique
471 3820 573 3869 Petrum
591 3822 718 3871 Fullonem
736 3824 761 3870 in
778 3823 863 3871 seriem
880 3823 1000 3871 restituit.
1036 3821 1170 3870 Nestorem
1187 3827 1271 3870 nutem
1287 3821 1434 3874 Romaanus
1451 3822 1507 3874 cat-

228 3902 357 3965 rhedonis,
376 3903 510 3953 Eusebium
528 3905 748 3959 Semosntensium.
767 3907 892 3956 dationum
911 3907 1093 3970 Mopsuestine,
1113 3906 1217 3955 Paulum
1228 3904 1431 3967 Constantine,
1449 3906 1507 3958 He·

228 4004 284 4036 nurn
302 3988 439 4038 llemerine
457 3997 482 4039 ct
499 3989 628 4040 Andrean
644 3991 666 4039 Τ
664 3992 874 4055 teudosiopoleos
890 3993 1025 4055 praesules
1041 3992 1128 4055 specie
1146 3991 1244 4055 quidem
1261 3994 1355 4042 cotteti
1372 3994 1401 4044 ire
1418 4000 1508 4059 tyrius·

228 4089 275 4121 nos
290 4074 396 4135 saneris.
414 4076 463 4124 sed
478 4091 570 4125 reuera
583 4076 706 4125 lIcnotiei
722 4075 754 4125 ab
772 4079 809 4126 eis
827 4078 921 4143 reperti
938 4092 1015 4126 causa
1034 4077 1159 4140 niquitate
1176 4077 1272 4126 moneri
1282 4077 1379 4139 jussit.
1408 4072 1508 4129 Tradit
1544 4060 1548 4109 ¹

228 4171 339 4222 quoquc
356 4154 492 4222 Euagrius
510 4157 536 4209 h.
551 4172 574 4209 c.
595 4156 641 4222 lll,
654 4161 698 4223 16,
721 4156 918 4211 Cidendionem
937 4156 1031 4210 Oasim
1049 4155 1241 4234 deportatum,
1264 4158 1294 4211 et
1318 4157 1453 4229 quidem,
1476 4158 1508 4213 nt
1545 4186 1548 4235 !

228 4238 350 4306 loquitur
367 4239 514 4293 Liberatus
532 4241 650 4295 breviar.
671 4260 693 4294 c.
709 4248 753 4306 18,
776 4263 848 4311 quum
870 4253 1036 4297 ocmsnretur
1058 4247 1084 4295 in
1107 4253 1199 4312 aperto
1222 4254 1353 4313 tamquam
1373 4250 1508 4301 indeve&

225 4330 348 4391 principi,
367 4332 465 4379 nrittens
482 4333 601 4394 populum
614 4333 638 4379 in
651 4331 810 4380 rebellionem
823 4348 876 4380 curn
886 4332 954 4389 Ello,
973 4335 1084 4381 latenter
1101 4338 1191 4389 nutem,
1210 4333 1270 4396 quin
1287 4348 1318 4383 ee
1337 4350 1390 4385 nen
1402 4348 1508 4401 suspen·
1544 4392 1548 4409 1

228 4415 301 4462 deret
319 4424 344 4463 et
362 4432 377 4462 n
393 4415 485 4463 Felicis
500 4432 587 4480 pnpuc
606 4424 631 4465 ct
648 4434 664 4465 o
676 4415 801 4465 Jodrrnnis
819 4412 957 4480 (Talujae)
976 4421 1152 4469 communione.
1183 4411 1224 4464 Ex
1243 4428 1300 4481 quo
1321 4416 1353 4468 et
1370 4414 1508 4485 sequihn,
1523 4418 1548 4453 '¹'

228 4495 260 4547 ut
276 4494 452 4548 Culeudionis
470 4496 593 4565 expulsio
612 4496 738 4566 adeoque
757 4498 786 4550 ct
803 4496 992 4551 Antiochense
1012 4496 1144 4551 eeclesiae
1162 4513 1256 4564 causa,
1279 4499 1407 4569 propter
1424 4514 1507 4569 qum

227 4580 298 4633 haee
314 4580 435 4648 synodus
453 4583 624 4651 congregata
643 4583 691 4641 est.
710 4582 793 4651 longe
811 4581 948 4651 posterior
965 4581 1001 4635 sit
1017 4581 1066 4635 illa
1084 4581 1182 4648 altera,
1198 4580 1228 4635 in
1247 4599 1307 4652 qua
1318 4583 1444 4640 Aeacius
1453 4582 1508 4655 pn'·

228 4680 304 4716 inum
323 4665 470 4718 danmatns
489 4672 538 4720 est.
575 4666 717 4734 Siquidem
740 4667 869 4733 Aeacius,
897 4667 944 4736 qui
967 4667 1027 4721 aliis
1050 4668 1148 4722 auctor
1169 4665 1236 4733 suit,
1259 4668 1293 4722 ut
1306 4672 1351 4725 'se
1373 4686 1394 4724 a
1410 4668 1509 4725 Teliu'e

228 4748 419 4804 conrunuiione
438 4751 646 4820 suspenderent,
664 4754 723 4805 trun
741 4751 862 4821 primum
879 4754 950 4805 teste
963 4751 1134 4820 Theophane
1151 4767 1218 4821 pag.
1231 4756 1292 4820 205,
1311 4753 1400 4825 htqjus
1416 4770 1508 4827 papae
1518 4766 1531 4781 '

228 4850 329 4888 nomen
348 4854 362 4888 e
381 4835 518 4906 diptychis
537 4836 675 4905 expunxit,
694 4855 779 4904 quum
797 4836 972 4901 sententiam,
991 4854 1047 4905 qua
1064 4854 1082 4891 a
1098 4836 1269 4900 sacerdotali
1285 4836 1401 4895 honore
1419 4857 1508 4897 reme·

227 4920 353 4986 sebatur,
372 4921 532 4991 accepisset.
