3204 5506
226 340 290 406 482
700 352 728 400 s.
747 351 887 400 canaan
910 349 1025 397 Paean

122 514 208 567 αλλῦ
224 508 382 595 ματισμοὶ
415 504 528 592 ὑμῶν,
566 501 627 583 οὓς
655 503 739 571 κατά
767 510 836 570 τῶν
887 505 1085 587 haerentem,
1109 505 1249 589 synodus
1271 504 1312 568 ab
1329 503 1366 570 Et

120 583 211 631 ‘⁴⁹⁰'
227 615 340 696 φίλων
362 615 423 676 τοῦ
447 613 531 675 θεοῦ
547 612 836 693 κορυβαντιῶντες
888 631 1019 695 corpore
1056 607 1201 672 abscidit.
1249 607 1366 674 vesu·

228 714 431 794 ἀκοντιζετε,
459 710 520 777 τόν
548 712 676 795 κόσμον
697 706 836 792 ἀνέτρε-
888 713 1113 794 anathemata,
1150 732 1231 795 quae
1259 711 1366 776 advers

228 829 314 900 ψαν,
343 813 404 881 τόν
431 813 512 898 ἀέρα
542 813 729 897 ἐμόλυναν,
759 809 837 889 τοός
889 817 1008 880 amicos
1020 814 1140 879 furiose
1151 813 1289 897 jaculati
1304 812 1366 878 asti

227 915 398 1001 οὐρανοός
420 914 614 1001 ἦχλύωσαν,
637 912 717 991 τούς
739 912 837 998 ἀγγὲ-
889 920 964 982 dum
987 918 1228 999 subvertemnt,
1260 921 1365 980 adrem

229 1025 310 1098 λους
337 1017 582 1104 παρώτρυναν,
616 1016 657 1084 τά
680 1018 838 1101 Σεραφὶμ
889 1023 1022 1105 parunt,
1074 1018 1270 1103 Seraphinos
1319 1019 1366 1083 int

228 1120 529 1208 παρῶργισαν,τδν
541 1117 838 1205 γερουβικόνδρό-
891 1122 1102 1188 λλιοεολιίοοαι
1122 1122 1276 1186 thronum
1295 1141 1366 1206 quat

227 1249 290 1291 νον
314 1225 503 1306 ἐπέσεισαν,
532 1221 592 1289 τόν
620 1223 760 1305 βασιλέα
782 1226 840 1305 της
890 1226 1012 1310 gloriae
1040 1246 1149 1309 regem
1179 1224 1221 1288 ad
1248 1223 1366 1289 ultione

228 1329 326 1411 δόξης
342 1329 388 1403 είς
403 1327 578 1409 ἐκδίκησιν
593 1327 836 1408 παρεκίνησαν.
890 1331 1094 1392 vocaverunt.
1144 1328 1251 1391 A'men
1284 1325 1366 1410 quip]

225 1427 327 1514 Ἀμην
348 1426 414 1512 γάρ
437 1429 523 1511 λέγω
545 1425 628 1512 ὑμῖν
649 1437 718 1504 τοῖς
742 1427 837 1491 ἐκλε-
889 1430 978 1494 vobis
1001 1430 1110 1493 electis
1132 1428 1229 1512 meis,
1264 1429 1313 1493 ait
1333 1426 1366 1493 u

229 1542 319 1607 κτοῑς
351 1555 435 1615 μου,
472 1530 577 1614 φησὶν
610 1526 628 1594 ὁ
662 1528 837 1611 δεσπότης,
888 1533 942 1616 qui
976 1532 1038 1595 moi
1067 1552 1164 1595 causa
1189 1530 1366 1615 quotidiea

228 1644 297 1709 τοῖς
331 1631 376 1696 δι’
407 1632 464 1716 ἐμὲ
498 1629 583 1715 ὅλην
614 1632 677 1716 τὴν
709 1629 837 1715 ἡμέραν
888 1635 940 1698 nis
962 1633 1171 1698 anathemata
1192 1632 1353 1716 patimini,

229 1727 296 1800 ὑπό
312 1733 476 1818 ἀφρόνων
490 1731 837 1818 ἀναδεματιζομένοις,
891 1738 992 1801 ciscar
1014 1740 1048 1799 ct
1069 1736 1312 1800 remunerabor:
1333 1735 1366 1799 in

228 1836 280 1903 ότι
302 1838 432 1922 ποιήσω
454 1833 516 1920 τὴν
539 1837 714 1919 ἐκδίκησιν
729 1833 838 1919 ὑμῶν,
890 1839 955 1903 tela
989 1860 1060 1903 mea
1092 1837 1268 1922 sanguine,
1307 1840 1340 1901 ct

229 1940 285 2004 καλ
314 1940 480 2023 ἐκδικήσω
509 1939 564 2003 καί
591 1936 835 2002 ἀνταποδώσω·
890 1963 979 2005 meus
1002 1962 1098 2004 carne
1121 1943 1278 2023 vescetur,
1303 1960 1366 2003 cru(

228 2042 368 2127 μεθόσω
395 2038 436 2106 τά
463 2043 544 2125 βέλη
566 2065 633 2125 μου
655 2037 716 2123 ἀφ’
741 2039 839 2123 αἵμα-
892 2044 1012 2107 ciorum
1034 2045 1068 2106 et
1094 2042 1304 2126 captivorum,
1342 2063 1366 2105 α

229 2168 296 2226 τος,
319 2144 375 2209 καὶ
397 2141 417 2227 ἡ
441 2143 586 2227 μάχαιρά
608 2167 675 2226 μου
696 2142 839 2224 φάγεται
891 2147 1072 2230 principum
1101 2144 1265 2228 gentium,
1295 2165 1366 2228 purg

229 2249 326 2329 κρέα·
365 2244 425 2329 ἀφ’
459 2246 596 2330 αἵματος
625 2248 840 2329 τραυματιῶν
890 2253 1010 2313 terram
1031 2247 1141 2331 populi
1164 2249 1238 2311 mei.
1284 2246 1366 2310 Exiit

229 2349 285 2431 καὶ
319 2350 555 2433 αίχμαλωσιῶν
592 2341 659 2411 ἀπό
692 2349 840 2429 κεφαλῆς
890 2356 975 2432 tum,
999 2349 1209 2434 pervenitque
1224 2348 1354 2412 Domini

229 2448 404 2533 ἀρχόντων
421 2451 550 2515 ἐθνῶν·
573 2450 629 2512 καλ
646 2449 839 2529 ἐκκαθαριῶ
891 2453 932 2516 ad
954 2451 1135 2516 sacerdotes
1157 2450 1349 2535 iniquitatis,

230 2552 292 2635 τὴν
314 2557 379 2635 γῆν
401 2557 462 2616 τοῦ
486 2556 570 2615 λαοῦ
588 2573 669 2635 μου·
696 2550 839 2632 ἐξῆλθεν
891 2555 1021 2618 Domini
1068 2553 1219 2618 adversus
1256 2551 1366 2636 princi]

229 2651 249 2737 ἡ
267 2649 449 2735 ἀπόφασις,
465 2655 521 2718 καλ
538 2653 642 2735 ἐδόθη
658 2651 678 2737 ἡ
694 2652 839 2737 μάχαιρα
887 2655 1049 2739 justitiae:
1072 2655 1200 2740 gladius
1218 2655 1254 2719 in
1271 2655 1366 2719 civita

230 2758 353 2837 κυρίου
377 2755 415 2819 ἐν
431 2755 582 2837 ἱερεῦσιν
597 2752 751 2838 ἀνομίας·
776 2754 839 2838 μά-
891 2758 962 2821 dius
984 2757 1019 2821 in
1042 2779 1131 2841 agro,
1156 2759 1270 2820 contra
1286 2778 1366 2820 omn<

230 2880 329 2940 γαιρα
357 2860 480 2937 κυρίου
508 2858 546 2922 ἐν
574 2854 739 2940 ἄρχουσιν
766 2853 840 2920 ἀδι-
892 2859 1095 2923 tumeliosum
1137 2880 1174 2923 ac
1210 2858 1366 2943 superbus

231 2962 319 3034 κίας·
337 2960 483 3044 μάχαιρα
500 2960 539 3024 ἐν
554 2960 662 3036 πόλει,
680 2958 719 3023 ἐν
734 2957 839 3042 ἀγρῷ,
891 2983 1018 3025 omnem
1045 2960 1217 3044 impiorum
1245 2961 1350 3025 locum

231 3062 270 3126 ἐν
292 3061 393 3126 παντλ
417 3059 600 3146 ὑβριστικῷ
629 3062 684 3125 καὶ
711 3058 837 3144 όπερη-
891 3067 1064 3145 staturum,
1095 3065 1208 3127 contra
1229 3062 1366 3146 quemlih

230 3163 346 3248 φάνω,
381 3164 420 3228 ἐν
453 3163 553 3227 παντί
582 3163 674 3247 τόπῳ
702 3159 839 3246 ἀνόμων
891 3170 1020 3230 sanctos
1052 3165 1237 3247 injuriando
1265 3186 1366 3250 opera]

230 3266 287 3329 καλ
308 3263 519 3346 ἀποστατῶν,
544 3265 582 3329 ἐν
600 3266 700 3329 παντὶ
716 3289 839 3330 κοιυω-
890 3268 970 3351 fert,
1000 3268 1136 3351 denique
1159 3270 1274 3331 contra
1295 3288 1366 3330 omn

230 3367 369 3450 νήσαντι
392 3372 432 3451 τῇ
454 3372 524 3430 τῶν
545 3364 652 3448 ἁγίων
667 3365 776 3449 ὕβρει,
800 3367 839 3431 ἐν
890 3369 1090 3434 anathemati
1112 3369 1266 3452 subjectis
1288 3369 1364 3452 impi

230 3469 331 3532 παντί
374 3468 646 3552 προσπελάσαντι
689 3474 730 3554 τῇ
770 3475 838 3535 τῶν
889 3473 1067 3537 manicant.

230 3567 573 3654 ἀναδεματισθέντων
606 3568 738 3654 ἀσεβῶν
766 3595 838 3636 κοι-

232 3675 347 3756 νωνία.

294 3775 324 3836 9.
368 3773 505 3837 Τούτων
537 3771 645 3850 οὕτως
683 3775 721 3839 ἐν
753 3772 838 3860 ὀργῇ
953 3779 983 3842 9.
1013 3777 1081 3841 Hos
1103 3778 1212 3861 itaque
1235 3781 1278 3841 ab
1300 3776 1366 3841 ira]

232 3875 469 3958 ἐζωγρημένων
501 3873 568 3940 ὑπό
597 3872 635 3940 τὸ
669 3873 838 3961 ἀμφίβλη-
889 3880 1021 3944 ultionis
1049 3879 1222 3963 implicitos
1254 3880 1366 3962 praeci:

230 3993 334 4061 στρον
370 3981 428 4061 τῆς
464 3977 684 4062 ἐκδικήσεως,
729 3983 839 4055 καλῶς
889 3981 1048 4065 defugite‚
1077 4004 1097 4045 a
1119 3980 1187 4044 Deo
1214 3979 1366 4046 dilectisai

229 4075 324 4162 ὑμεῖς
348 4079 547 4161 ἐξεκλίνατε,
569 4081 837 4163 θεοφιλέστατοι,
891 4083 941 4146 via
962 4082 1167 4147 decedentes:
1191 4083 1358 4167 praeclare

229 4181 335 4245 τόπον
362 4181 546 4256 δῶσαντες·
580 4186 690 4258 καλῶς
716 4180 839 4265 ἀφορί-
890 4186 1064 4267 secernite,
1093 4189 1189 4269 atine
1211 4207 1265 4249 eos
1287 4187 1366 4251 inii

230 4289 334 4366 αδητε
372 4283 406 4359 ἐξ
439 4279 570 4365 αὐτῶν,
607 4288 652 4368 τῷ
682 4285 839 4369 βορβόρῳ
890 4288 995 4350 sitatis
1031 4286 1099 4349 luto
1134 4286 1321 4351 volutantes
1352 4287 1366 4350 d

231 4388 289 4466 τῇς
311 4377 429 4460 ἀδείας
454 4384 715 4468 ἐγκυλιομένους
738 4387 837 4468 ἐγκα-
891 4388 1016 4452 Gaudet
1038 4388 1198 4471 Christus,
1229 4389 1366 4472 praecisi

230 4487 455 4564 ταλείφαντες.
487 4490 605 4566 Χαίρω
620 4485 763 4569 Χριστός
785 4489 836 4551 δι-
890 4489 995 4553 culum
1031 4490 1157 4553 illorum
1189 4490 1319 4555 videns:
1360 4489 1366 4552 λ

230 4587 436 4670 αιροόμενον
468 4589 529 4652 τὸν
555 4587 748 4673 σύνδεσμον
775 4587 836 4654 αό-
890 4592 929 4655 ad
957 4614 990 4654 se
1017 4592 1175 4675 recipere,
1206 4591 1262 4676 qui
1290 4591 1366 4656 abe

231 4690 300 4750 τῶν
322 4684 428 4769 ὀρῶν·
461 4687 679 4775 εὐφραίνεται
700 4688 780 4766 τοός
803 4692 837 4767 ἐξ
890 4697 1011 4758 corant.
1069 4693 1120 4757 Illi
1155 4700 1189 4757 ιἰι
1224 4699 1366 4759 omnibu

130 4836 209 4893 ΕΚΘ,
231 4784 344 4852 αὐτῶν
379 4787 693 4876 ἀποστατουμένους
731 4809 838 4877 προσ-
887 4803 986 4874 equis,
1025 4817 1079 4860 nos
1107 4807 1204 4859 autem
1232 4801 1265 4859 in
1292 4816 1366 4861 m

131 4883 217 4979 lala
232 4890 493 4975 λαμβανόμενος.
536 4891 674 4959 Ἐκεῖνοι
698 4896 742 4959 ἐν
764 4893 837 4976 ἀρ-
888 4903 962 4960 mini
992 4896 1282 4980 magnificabimur.
1339 4895 1366 4982 Ι]
