3204 5506
627 348 826 399 urrsrouan
849 338 877 396 5.
1345 339 1386 402 89

175 514 253 569 nirits.
265 509 385 586 ingentii
408 509 557 584 discipulus
574 510 599 564 in
615 510 699 583 ipsius
720 512 772 567 rita
789 528 816 567 u.
834 511 883 574 27,
907 512 950 568 ubi
969 530 1051 586 quum
1068 522 1191 570 sanetum
1207 515 1282 571 iilum
1300 518 1384 573 rirum

174 605 292 671 utnpore
310 595 418 652 itomam
442 597 547 652 venisse
567 596 758 668 praemisisset,
780 616 836 671 quo
854 599 875 670 s
875 604 914 654 uit
932 603 961 654 in
984 601 1054 654 urbe
1074 604 1230 657 narauimum
1249 605 1385 675 caudium

173 686 224 758 rapi
236 685 391 755 maerentia,
417 680 541 753 subjicit:
565 684 690 754 conticit,
716 689 746 738 ut
767 684 792 738 b.
809 684 979 757 Fulpentius
996 727 1003 740 .
1021 727 1026 740 .
1046 728 1052 741 .
1075 689 1103 741 iu
1118 689 1191 756 loco,
1215 691 1267 760 qui
1280 689 1383 745 Palam
1413 683 1417 691 ’

171 769 338 835 rurcdutur,
359 773 516 824 memorato
535 766 713 823 Tbeodarico
734 784 802 841 repe
824 774 988 825 concionem
1002 770 1134 842 faciente
1149 772 1282 829 Rornanu
1299 779 1384 830 curia

170 855 292 911 nobilitatem
303 854 390 909 decus
405 854 589 925 ordinemque
604 854 745 908 distinctis
760 855 928 912 decoratum
942 856 1082 927 aradibus
1097 859 1292 928 ‹adspectaret
1324 858 1383 932 ipsa¹

170 937 301 995 Theudoricus
316 937 386 1012 apud
407 936 597 993 cassiodorum
620 936 704 992 liba.
728 939 808 1011 epist.
825 939 867 997 30
887 941 1007 1014 porticus
1031 950 1161 1000 mernorat
1183 943 1272 997 catriae
1287 946 1382 1014 juata

168 1027 242 1081 emm
252 1024 401 1080 Primatum
417 1025 532 1097 positae.
556 1021 599 1076 ur
621 1024 687 1095 ipsis
708 1032 797 1079 autem
819 1025 994 1098 synodalibus
1010 1027 1096 1099 gestis
1112 1026 1221 1081 eosdem
1238 1029 1382 1101 episcopos

166 1111 216 1184 prius
230 1117 249 1164 ct
265 1113 289 1165 in
307 1111 427 1165 basilica
450 1110 524 1165 Julii
543 1116 706 1164 conventum
732 1125 814 1164 uniam
843 1119 869 1165 et
897 1115 925 1167 in
952 1113 1072 1167 basilica
1096 1111 1261 1167 Sessoriani
1278 1115 1385 1184 palatii

166 1195 242 1251 aarum
257 1193 398 1251 celebrasse
420 1193 558 1250 discimus.
594 1192 641 1249 iiis
661 1185 683 1248 si
704 1192 818 1249 addatur
839 1197 945 1259 tertius,
968 1197 993 1250 in
1016 1212 1080 1270 quo,
1103 1204 1244 1270 antequam
1266 1197 1382 1254 Palmam

164 1279 240 1342 atinul,
252 1281 426 1340 manauerint.
442 1279 503 1335 binc
518 1278 615 1334 idonea
631 1277 735 1334 suberit
750 1280 827 1343 ratio,
845 1297 893 1335 cnr
908 1282 992 1337 totius
1008 1282 1110 1354 negotii
1126 1280 1261 1338 confectio
1277 1281 1383 1338 Pairrrae

165 1364 211 1420 edila
225 1382 267 1420 uon
288 1363 364 1421 modo
386 1365 533 1421 Palmaris
558 1363 605 1419 scd
631 1372 658 1419 et
674 1372 781 1438 quarta
797 1368 925 1438 synodus
946 1365 1078 1440 appellata
1099 1368 1144 1421 sit.
1178 1367 1276 1423 Verum
1292 1370 1381 1423 neutri

164 1449 322 1524 appcbabcnum
341 1449 448 1505 illarum
471 1449 635 1524 suffragatur
655 1451 801 1506 auctoritas
823 1450 972 1527 Colliertini
993 1451 1168 1525 exemplaris,
1192 1453 1218 1506 in
1241 1469 1295 1525 quo
1317 1453 1383 1509 baec

162 1534 245 1608 munim
260 1551 340 1609 neque
360 1542 469 1613 quartu
492 1551 580 1608 neque
604 1535 753 1592 Palmaris
777 1536 942 1592 inscribitur.
979 1535 1117 1592 Errrrodins
1139 1553 1248 1610 quoque
1270 1539 1296 1592 in
1318 1546 1380 1611 apo·

161 1619 209 1693 bgia
220 1619 320 1691 ejusdem
334 1619 432 1693 synodi
449 1637 480 1675 cr
496 1618 602 1675 duobus
618 1620 672 1676 iliis
694 1621 779 1676 titulis
795 1630 921 1677 nerrtrnm
937 1621 975 1677 iili
991 1621 1083 1677 donat.
1108 1616 1265 1698 [Consentit
1280 1631 1379 1685 antem,
1394 1619 1465 1688 [Ed]

161 1703 386 1773 utiammonuimus,
408 1704 635 1779 praeclarissimus
653 1705 794 1762 Vaticanus
817 1706 935 1781 Reginae
954 1706 1043 1769 toni,
1062 1708 1089 1762 in
1112 1724 1166 1781 quo
1189 1707 1279 1762 eadem
1302 1724 1381 1762 manu

159 1798 178 1844 cl
188 1790 220 1845 bic
230 1806 241 1845 e
253 1791 355 1865 regione
377 1791 445 1846 initii
461 1788 493 1845 ad
510 1791 658 1865 marginem
674 1800 785 1847 rrotatur
802 1793 914 1860 Quarta
930 1794 1057 1865 spraudus
1072 1793 1170 1847 babila
1187 1793 1297 1848 Romae
1313 1794 1380 1848 Pal-

158 1878 228 1944 iuris,
244 1884 266 1931 et
282 1884 374 1950 postea
395 1874 512 1931 adnexae
533 1875 657 1932 relationi
678 1878 867 1951 episcoporum
890 1877 921 1933 ad
944 1894 1037 1951 regem
1060 1876 1209 1951 („Apimus
1230 1879 1291 1934 lieo
1311 1897 1380 1951 pra-

158 1958 221 2031 tiui‘)
232 1959 389 2017 adscribitur:
422 1961 519 2017 Tertia
535 1963 662 2035 synodus
676 1963 775 2019 babitu
791 1957 927 2039 Romae]

219 2062 240 2118 b.
265 2061 331 2121 iicet
351 2080 392 2122 ex
410 2072 571 2136 praecepio
595 2064 767 2122 Theudorici
787 2070 863 2139 repis
885 2073 1051 2139 congregata
1072 2065 1184 2128 dicatur,
1212 2067 1270 2138 ipsc
1292 2074 1380 2122 tannen

154 2146 310 2211 ibcodoricus,
331 2158 362 2205 ut
378 2150 461 2205 rismi
474 2165 576 2212 surmus,
599 2165 656 2204 earu
672 2168 727 2206 non
744 2152 794 2206 nisi
810 2167 841 2206 cr
858 2151 1008 2224 Syrrrrrracbi
1024 2166 1160 2205 corascnsu
1182 2152 1266 2224 ipsius
1282 2150 1380 2205 bitteris

153 2234 234 2287 umus
244 2250 397 2290 convocasse
412 2250 442 2290 se
458 2232 649 2308 quaerentibus
665 2237 799 2309 episcopis
815 2234 947 2309 probarit.
980 2235 1052 2291 iiiam
1069 2252 1152 2309 porro
1168 2254 1222 2291 non
1239 2235 1299 2291 ideo
1315 2253 1381 2292 con·

152 2318 240 2380 rocaril,
256 2327 281 2375 ut
293 2320 407 2375 schisma
428 2327 604 2393 componeret
619 2336 651 2375 er
672 2320 773 2395 duplici
795 2320 966 2377 ordinatione
982 2329 1082 2383 natum,
1104 2320 1151 2377 sed
1175 2307 1201 2377 u't
1219 2320 1378 2394 Symmachi,

151 2402 189 2474 qui
206 2401 289 2476 quidem
310 2413 338 2460 ut
357 2404 483 2460 adulterii
505 2421 567 2460 rcus
588 2404 691 2461 relatus
711 2406 744 2461 ad
768 2408 856 2480 ipsum
871 2405 969 2469 iuerat,
992 2423 1098 2462 eausam
1119 2406 1265 2480 episcopali
1276 2405 1379 2477 judicio

151 2488 230 2544 iuiret.

219 2589 240 2645 l.
261 2592 355 2665 Synodi
369 2591 451 2664 bujus
466 2592 604 2649 decretum
620 2595 703 2649 varias
719 2581 745 2649 in
761 2595 912 2667 provincias
927 2596 1047 2656 missum,
1064 2611 1147 2668 quum
1163 2596 1190 2650 in
1207 2594 1304 2651 Gallias
1320 2613 1380 2669 per·

148 2675 250 2737 recuset,
262 2679 347 2733 Avitus
362 2677 522 2734 Viennensis
537 2679 681 2753 episcopus
697 2698 715 2735 a
733 2684 845 2736 careretis
858 2681 1017 2738 Gallicanis
1027 2681 1175 2753 [ratribus
1187 2679 1281 2751 jussus
1297 2680 1330 2736 de
1346 2698 1379 2737 eo

146 2757 174 2814 ad
193 2756 295 2818 lautum
315 2771 342 2818 et
363 2762 551 2837 Symmachum
572 2772 713 2820 senatores
735 2765 774 2820 sic
794 2766 916 2839 scripsit:
956 2768 1031 2823 Ilum
1052 2768 1087 2822 dc
1115 2783 1208 2823 causa
1228 2768 1380 2823 Roriaanac

146 2845 262 2902 ecclesie
274 2851 433 2905 anaeiunimi
446 2865 483 2904 ac
499 2852 605 2922 trepidi
619 2866 754 2919 essemus,
778 2858 875 2924 utpote
896 2860 1002 2908 nutare
1024 2859 1130 2909 statum
1146 2859 1275 2908 nostrum
1290 2856 1318 2908 in
1334 2855 1378 2907 ln-

145 2932 231 2986 cesaito
243 2937 338 2990 uertice
356 2937 521 3005 sentientes,
543 2951 615 3008 quos
630 2952 727 2993 omnes
743 2955 801 2992 rana
819 2940 981 2993 criminatio
997 2942 1094 3010 utique
1109 2941 1171 2992 sinc
1185 2939 1292 2992 inuidia
1309 2941 1378 2994 mul-

145 3016 250 3072 titudinis
263 3026 458 3090 percusserat,
481 3024 508 3076 si
528 3028 634 3077 stultam
653 3022 799 3094 principis
819 3024 960 3079 obruisset
967 3048 975 3086 ;
1001 3026 1119 3094 perlata
1135 3029 1179 3078 est
1194 3024 1388 3103 sollicitudini

143 3106 242 3156 murm
253 3105 285 3160 ab
299 3105 387 3161 ltalia
403 3109 432 3161 in
447 3107 664 3178 eaernplaribus
684 3111 878 3163 sacerdotalis
892 3109 990 3180 forma
1006 3111 1122 3176 decreti,
1147 3125 1231 3180 queam
1248 3108 1283 3162 cle
1296 3124 1378 3178 papa

143 3185 285 3259 mameae
299 3193 380 3263 apud
398 3191 499 3248 Urbem
515 3194 629 3248 collecti
643 3192 748 3248 ltaliae
769 3197 912 3249 antistites
933 3196 1091 3249 ediderunt.
1131 3194 1220 3259 Quaem
1243 3196 1379 3248 constitu-

141 3275 226 3327 umen
238 3275 298 3331 lieet
313 3277 517 3332 observabilem
532 3281 678 3333 numerosi
693 3281 901 3350 recercudique
917 3282 1034 3335 concilii
1047 3280 1150 3334 reddat
1166 3293 1311 3347 assensus,
1335 3282 1378 3334 in·

140 3358 268 3429 tellipimur
281 3368 373 3417 tamen
390 3369 522 3418 sunctum
538 3352 739 3433 Symmachum
750 3381 870 3435 papam,
895 3368 921 3418 si
940 3365 1058 3420 sacerdo
1072 3366 1195 3434 primum
1209 3363 1314 3434 suerat
1329 3380 1378 3418 ac-

137 3450 248 3512 cusatus,
280 3449 517 3503 consacerdotum
538 3463 656 3503 suorum
676 3451 809 3504 solatium
828 3452 925 3519 patius
946 3452 1113 3505 (adsciscere
1138 3467 1223 3521 quam
1245 3451 1379 3519 recipere

134 3527 248 3584 aeman
255 3533 412 3603 judicium,¹
427 3535 494 3605 qma
510 3536 585 3588 sicut
599 3534 727 3590 subditos
741 3549 872 3589 rrasesse
889 3539 1013 3590 terrenis
1026 3537 1218 3606 potestatibus
1226 3536 1314 3606 jubel
1329 3554 1377 3589 ar-

133 3614 288 3687 bitcreocti,
309 3624 437 3673 staturos
456 3633 509 3673 aros
530 3624 598 3673 aute
619 3634 702 3692 repes
725 3627 752 3675 et
768 3623 921 3690 prirrcipec
941 3622 970 3675 iu
986 3635 1168 3692 utracumque
1190 3623 1379 3675 accusatione

128 3701 294 3771 praedicens,
316 3705 356 3758 ita
372 3720 428 3758 non
447 3702 541 3773 facile
557 3705 645 3759 datur
656 3706 787 3777 intellipi,
809 3722 866 3776 qua
884 3709 924 3761 oet
941 3709 1054 3761 ratione
1072 3708 1113 3762 oet
1128 3709 1190 3777 depe
1206 3707 1242 3760 ab
1258 3705 1377 3777 inseria-

127 3784 200 3840 n'bua
217 3789 378 3844 eminentior
392 3789 556 3860 junicum.
595 3788 668 3844 Nam
683 3808 770 3861 quum
791 3791 900 3844 celebri
915 3798 1077 3861 parareecpta
1099 3794 1248 3861 (apiostolus
1264 3793 1377 3854 clamet,

124 3875 328 3929 ‹recausationem
348 3874 391 3929 uel
411 3876 439 3928 in
454 3874 657 3944 presbyterum
678 3878 773 3946 recipi
786 3892 841 3930 non
857 3876 974 3945 debere,
998 3878 1068 3948 qraicl
1081 3879 1109 3931 in
1124 3879 1316 3946 praecipuum
1331 3892 1377 3948 pe·

122 3957 227 4012 amalis
241 3957 392 4013 Ecclesiae
413 3960 661 4014 criminationibus
680 3960 770 4015 licere
789 3961 961 4016 censendum
983 3966 1045 4016 est?
1073 3961 1154 4028 [latori
1174 3962 1300 4033 synodus
1314 3964 1378 4032 ipsu

119 4042 287 4098 uenerabilis
298 4044 440 4099 laudabili
453 4047 652 4100 constitutione
663 4049 856 4116 prospiciens,
874 4061 1003 4118 eausam,
1020 4065 1106 4119 aarum
1123 4047 1212 4118 (parad
1221 4047 1303 4100 salva
1314 4048 1379 4117 ejus

116 4129 277 4183 reverentia
292 4128 396 4184 dictum
412 4129 460 4194 sit)
475 4143 551 4200 pene
567 4136 673 4184 temere
688 4139 861 4202 susceperat
875 4133 1083 4203 inquirendum,
1101 4134 1194 4187 diuino
1208 4133 1305 4201 patius
1316 4146 1378 4186 ser-

113 4216 187 4269 reeit
212 4216 340 4269 examini
346 4238 353 4266 .·
376 4217 580 4286 perstrinpens
600 4221 709 4283 tanuen,
732 4222 820 4286 prout
841 4215 966 4272 breuiter
984 4221 1084 4288 poluit,
1107 4217 1179 4271 nillil
1202 4217 1244 4271 act
1265 4215 1321 4269 sibi
1336 4219 1378 4271 eet

107 4299 313 4373 nloriomsimo
331 4301 390 4355 ciro
409 4299 584 4356 Tbeodorico
601 4303 663 4372 rcpi
676 4301 712 4355 de
727 4304 770 4365 iis,
794 4318 870 4372 quac
882 4319 982 4373 prapae
997 4304 1170 4357 dicebantur
1184 4301 1309 4371 objecta,
1324 4317 1378 4371 pa·

107 4387 209 4441 tuisse.
240 4382 313 4439 ilaec
328 4382 380 4446 ilie.
397 4382 495 4458 quibus
511 4391 539 4439 et
554 4382 604 4439 sub
622 4382 700 4440 linem
716 4385 804 4440 addit:
829 4385 861 4441 Si
872 4404 953 4458 papa
975 4387 1057 4442 Urbis
1073 4394 1196 4442 uocatur
1209 4389 1238 4440 in
1254 4386 1378 4455 dubium,

104 4474 299 4543 episcopatus
312 4471 378 4540 jam
398 4470 538 4525 uidebitur
564 4487 619 4526 non
641 4474 796 4542 episcopus
818 4475 958 4527 eaacitlare
974 4514 981 4527 .
999 4513 1006 4527 .
1024 4514 1055 4527 ..
1096 4472 1207 4528 aaaron
1229 4475 1378 4531 rationem,

102 4559 156 4630 qui
168 4555 242 4615 cmii
257 4554 398 4610 dominico
411 4561 540 4625 praeest,
564 4573 621 4627 qua
643 4560 820 4611 conamissnm
842 4557 896 4611 sibi
918 4575 1056 4630 apulorum
1079 4574 1179 4612 curam
1196 4557 1378 4612 administra-

102 4645 182 4701 rim
207 4640 374 4710 dispenset,-
407 4645 535 4696 ceterum
563 4657 619 4697 non
647 4648 690 4696 est
714 4645 811 4715 precis
832 4648 981 4712 pastorem
1007 4645 1160 4714 proprium
1192 4648 1305 4697 terrere
1328 4643 1381 4698 sed

102 4727 223 4794 iudicis.
719 4806 723 4811 ,

188 4826 220 4882 8.
264 4822 364 4881 Eodem
384 4841 446 4882 vere
466 4824 577 4883 decreto
601 4827 676 4883 valde
697 4827 815 4901 perculsi
837 4831 921 4884 sancti
937 4845 1021 4903 papae
1043 4828 1185 4884 adversarii
1202 4828 1267 4884 iilud
1285 4827 1376 4884 libello

102 4912 223 4990 publico.
255 4926 338 4984 quem
365 4912 504 4970 aduersus
529 4915 669 4987 synodum
690 4914 877 4971 absolutionis
898 4919 1077 4990 inconpruac
1098 4915 1303 4990 inscripserunt,
1331 4915 1377 4969 im·
1455 4928 1463 4937 ·
