3204 5506
201 361 266 423 990
356 334 360 341 ⁸
645 375 673 423 s.
690 373 896 422 noauisnas
918 373 1032 420 eneas

203 529 366 591 venditum
382 528 431 590 vel
454 528 623 608 donatum,
651 531 684 590 et
705 527 763 589 sub
787 526 895 590 eadem
920 527 970 589 via
993 522 1229 590 alienationem
1252 525 1469 591 ecclenastieo-

202 653 273 692 rum
297 629 497 713 praediorum
520 627 656 691 decretis
679 628 901 711 praesentibus
924 626 1160 712 exhibemusl).
1190 625 1284 703 Quod
1306 649 1365 711 per
1379 651 1467 693 saeer-

202 732 291 794 dotes
319 752 429 794 omnes
458 730 496 793 ad
525 730 667 792 scrutatis
696 733 819 793 vestrae
847 730 1016 793 dioecesim
1049 730 1256 813 pertinentes
1285 730 1346 793 sub
1375 737 1467 796 vestra

202 833 409 916 dispositione
432 831 621 914 perfertctn
657 853 791 914 aequum
821 835 870 894 est
884 829 998 912 enim,
1029 832 1065 894 ut
1086 854 1169 914 quae
1200 832 1375 896 salubriter
1395 833 1466 896 ordi-

203 940 337 1015 uantur,
366 933 561 1018 generaliter
582 933 743 997 obediant.
791 933 875 996 Deus
899 937 929 996 te
952 933 1144 997 incolumem
1168 933 1348 1017 custodiat,
1378 936 1467 999 frater

204 1036 417 1101 carissimcl⁹l

288 1137 503 1201 Marcellus
531 1137 742 1221 episcopus
776 1137 902 1221 relegi
936 1140 974 1200 ct
1006 1138 1206 1202 consensi.
1267 1138 1465 1202 iohannes

204 1241 385 1303 consensi
410 1242 448 1301 et
470 1239 704 1323 subscripsi.
758 1239 924 1303 Severus
952 1240 1140 1303 consensi
1170 1244 1210 1302 et
1239 1241 1463 1324 subscripsi.

203 1342 422 1424 Cyprianus
452 1340 580 1424 relegi
604 1345 641 1404 et
665 1341 858 1404 consensi.
915 1341 1242 1405 Contumeliosus
1267 1343 1463 1426 episcopus

204 1443 329 1525 relegi
359 1446 397 1505 ct
425 1443 617 1506 consensi.
677 1443 889 1505 Montanus
917 1442 1129 1525 episcopus
1158 1442 1289 1526 relegi
1321 1450 1357 1506 et
1384 1466 1462 1506 con·

203 1546 320 1606 sensi.
368 1543 505 1607 Petrus
528 1544 565 1606 in
590 1545 743 1612 llhristi
768 1546 924 1608 nornine
947 1545 1072 1629 relegi
1096 1548 1135 1607 et
1159 1547 1361 1608 consensi.

406 1885 766 1968 APPENDIXA
809 1886 1272 1969 EPISTOLARUM

569 2041 604 2114 S.
633 2040 908 2113 Heiamsoan
936 2041 1102 2113 PAPAE.

478 2224 657 2306 lipistolae
679 2224 722 2289 ad
744 2223 969 2290 Hormisdam
991 2223 1193 2289 diaconum.

713 2394 892 2497 Epistola
920 2396 948 2478 1.

69 2527 173 2585 Ennod.
357 2546 559 2612 Ennodius
582 2547 827 2612 Hormisdae.

51 2600 150 2663 ealV,
173 2608 195 2654 l.

68 2619 76 2669 Ι
155 2609 171 2656 3
287 2666 459 2749 Postquam
489 2667 593 2730 votiva
621 2668 699 2732 inihi
727 2668 902 2731 necessitas
930 2670 1035 2729 vestra
1069 2666 1229 2731 beneficio
1258 2668 1465 2751 proxinntstis

202 2767 348 2831 desiderii
371 2768 475 2850 coepit
496 2768 650 2852 spondere
672 2770 835 2852 ellectum,
859 2768 966 2832 animo
988 2768 1028 2831 ad
1050 2768 1199 2852 longiora
1221 2769 1412 2851 transiistis
1438 2776 1464 2833 et

269 2975 290 3039 ⁷)
309 2973 344 3024 c¹¹
364 2971 400 3023 ad
418 2989 505 3041 marg.
527 2974 615 3037 „sorte
634 2977 797 3032 trilibemns“‚
817 2990 902 3041 quum
915 2988 930 3026 e
943 2971 1080 3026 contrario
1098 2971 1175 3025 hisce
1189 2972 1396 3027 conditionibus
1408 2973 1464 3027 alie-

202 3057 277 3110 natio
296 3056 344 3109 illa
361 3054 397 3109 ab
414 3055 562 3110 Hormisda
580 3057 746 3111 concedatur
765 3074 798 3111 ac
815 3058 877 3111 rata
894 3057 1038 3111 habeatur.

269 3146 289 3208 ⁵³)
310 3141 339 3193 ld
358 3144 572 3194 cousentaneum
591 3146 633 3194 est
652 3141 776 3203 decreto,
796 3157 850 3210 qno
868 3141 980 3196 Hilarus
997 3159 1072 3212 papa
1091 3143 1118 3195 in
1137 3142 1260 3211 epistola
1277 3143 1317 3197 ad
1330 3143 1464 3213 episcopa

194 3203 309 3281 'Galliae
328 3245 353 3279 n.
373 3233 387 3280 7
407 3225 491 3279 cavit:
515 3247 545 3279 ne
566 3231 676 3294 praedia
698 3247 763 3295 quoe
781 3233 817 3280 art
834 3234 963 3281 ecelesiam
984 3233 1113 3296 pertinent
1135 3234 1222 3296 nliqno
1238 3233 1306 3294 jure
1324 3234 1350 3282 tn
1367 3236 1463 3282 alterna

201 3318 402 3379 transferantur,
428 3317 477 3364 nisi
497 3317 569 3378 prins
586 3318 656 3380 npnel
672 3319 800 3366 concilium
818 3317 978 3366 alienationis
995 3317 1076 3380 ipsine
1092 3330 1171 3364 carisa
1189 3317 1329 3371 domatur.
1353 3313 1464 3366 adeant

201 3399 300 3451 saltem
317 3399 381 3466 post
399 3396 595 3450 alienationem
613 3396 736 3466 suppleri
753 3397 871 3451 voluerit
882 3396 1041 3462 Hormisda,
1060 3395 1137 3464 qrrod
1153 3402 1229 3464 prins
1246 3397 1308 3450 fieri
1327 3397 1461 3452 debuerat.

202 3483 266 3550 Ejus
285 3485 377 3535 alitem
396 3480 531 3535 voluntati
551 3479 708 3535 Caesarium
725 3483 848 3550 paruisse
866 3480 1081 3549 subscriptiones
1094 3480 1236 3535 subnexae
1254 3481 1340 3536 fidem
1359 3483 1460 3536 ficciunt

201 3567 336 3630 Qirocirca
353 3567 399 3635 pio
419 3566 457 3619 illi
475 3565 595 3634 praesuli
613 3565 641 3618 in
659 3568 828 3621 testamento
840 3583 889 3621 suo
903 3566 994 3620 dicere
1006 3564 1096 3631 licuit,
1114 3564 1144 3618 id
1156 3565 1247 3634 egisse
1259 3584 1290 3620 se
1309 3573 1463 3638 quartanarii

200 3672 286 3718 peryrne
304 3657 419 3704 nnbirnnt
435 3658 515 3705 errarit
533 3658 680 3704 arroteritae.
715 3650 795 3705 Unde
814 3653 842 3706 et
859 3650 1074 3719 subscriptiones
1092 3650 1305 3721 episcoporum,
1327 3670 1345 3706 a
1361 3652 1460 3706 Laberio

201 3737 228 3787 in
247 3735 360 3788 dubium
379 3738 507 3801 tractatae,
526 3734 630 3804 optime
649 3735 701 3788 toti
719 3736 853 3805 epistolae
872 3735 1046 3790 conveniunt.

267 3823 288 3880 9)
307 3821 388 3889 Apud
405 3821 570 3875 Bollandum
592 3822 745 3888 sequuntur
767 3821 983 3890 subscriptiones
1002 3827 1016 3873 7
1039 3819 1233 3889 epimoporum
1252 3821 1370 3887 Galliae,
1396 3838 1459 3891 quae

202 3922 284 3972 quum
303 3906 329 3958 in
349 3904 409 3959 siliis
426 3906 538 3974 regulae
552 3905 672 3959 Caesarii
690 3905 905 3976 exemplaribus,
923 3906 952 3959 in
970 3904 1070 3974 quibus
1083 3904 1162 3959 deest
1174 3905 1312 3974 epistola,
1330 3906 1459 3960 invenian-

201 3992 258 4056 tur,
285 4007 339 4044 aon
359 3990 505 4059 epistolam
524 3991 572 4044 scd
592 3991 715 4060 regularia
738 3994 864 4061 spectare
887 3991 1002 4061 ejusque
1024 3989 1265 4045 confirmationem
1289 3992 1457 4047 continerer

202 4075 307 4130 liobnto
326 4078 478 4130 censentur.

269 4163 288 4229 ¹)
307 4161 345 4213 Ut
362 4161 414 4213 hoc
426 4161 486 4213 loco
499 4159 640 4229 productis
654 4161 777 4231 epistolis
789 4162 977 4215 Romanorum
989 4160 1151 4230 pontificum
1170 4160 1255 4215 simul
1271 4163 1364 4216 totam
1381 4163 1456 4215 sitan

200 4242 308 4297 illorum
327 4245 538 4309 illustraremus,
566 4247 724 4302 eorumdem
743 4248 765 4300 si
783 4264 839 4314 qua
856 4244 978 4299 invenire
997 4248 1078 4299 erant
1100 4244 1205 4314 scripta
1222 4248 1291 4301 ante
1309 4248 1456 4316 susceptum

199 4331 391 4394 pout-ilicetum
413 4332 559 4399 concepta,
591 4332 689 4385 eodem
713 4331 808 4384 ordine
838 4331 1019 4385 exhibuimus.
1068 4328 1157 4384 Simili
1179 4331 1292 4385 ratione
1315 4331 1398 4385 etiam
1419 4330 1456 4383 hie

199 4412 290 4479 plures
308 4414 438 4483 epistolas
455 4414 572 4468 Ennodii
592 4416 628 4469 ad
645 4416 821 4471 Hormisdam
839 4415 986 4470 diaconum
1009 4415 1105 4469 missas
1128 4432 1162 4468 ex
1185 4414 1310 4471 editione
1328 4415 1456 4470 Sirmondi

199 4497 325 4566 (blavae.
346 4501 363 4560 Ι,
377 4504 481 4566 801ss.)
500 4503 626 4569 repetere
646 4516 746 4569 operae
765 4500 886 4570 pretium
904 4501 1038 4567 duximus,
1049 4499 1180 4553 videlicet
1198 4500 1273 4555 illius
1287 4501 1456 4573 epistolem

222 4581 1455 4657 lvepsr,l.Vep.13,l.V1ep.33,l.V11ep,1a,l.Vlllep.3setss,l.IXep.s.

197 4667 270 4730 (luris
294 4668 345 4720 etsi
368 4668 396 4720 in
420 4667 529 4722 lectoris
551 4671 726 4725 commodum
754 4670 921 4725 continuatis
947 4669 1082 4735 numeris,
1112 4674 1209 4724 tamen
1236 4689 1289 4741 pro
1312 4672 1457 4743 appendice

196 4751 317 4816 quodam
336 4751 507 4819 acljiciendas
525 4755 579 4808 rati
598 4774 703 4822 eunius,
728 4755 831 4826 quippe
850 4772 945 4809 omnes
965 4772 1020 4809 non
1043 4754 1095 4808 nisi
1112 4755 1224 4824 private
1242 4756 1378 4827 scriptae,
1398 4756 1457 4810 nibil

195 4853 307 4891 causam
326 4837 486 4891 universalis
504 4839 641 4894 Ecclesiae
665 4844 794 4896 tractant.
836 4841 1010 4908 Quamquam
1032 4842 1061 4894 et
1082 4840 1159 4909 ipsae
1181 4855 1236 4910 pro
1260 4841 1379 4897 historia
1398 4841 1457 4895 lior·

194 4920 300 4975 misdac
319 4925 347 4976 ct
364 4922 450 4992 ipsius
468 4922 624 4992 Symmachi
642 4926 717 4981 haud
735 4944 833 4997 parum
852 4924 1004 4981 conferunt..
