3204 5506
230 338 292 404 328
703 352 729 401 s.
748 352 888 403 cunesu
910 353 1024 403 rurae
1139 408 1147 415 ,

121 509 457 575 caesareensium
479 498 606 593 vitiosa,
629 509 789 594 receptrix
812 509 882 574 sine
898 509 994 576 dubio
1009 509 1096 594 mali,
1120 510 1206 595 quod
1229 513 1306 577 ante
1326 511 1443 580 nescim

231 634 314 699 quae
336 634 355 675 a
376 611 461 677 bono
484 615 635 697 rectoque
658 611 820 695 deficiens,
843 614 879 677 in
901 613 1050 678 affectum
1065 612 1142 678 meli
1157 613 1314 700 pravique
1329 614 1443 685 recide

230 716 300 800 ipso
331 736 438 780 rerum
473 715 736 800 consequentium
767 715 896 780 tramite
929 716 1137 780 manifestum
1171 719 1232 782 est.
1277 715 1372 784 'l‘ales
1400 719 1443 809 ig

231 818 337 884 effecti
363 818 526 903 principes
554 821 682 885 nostrae
716 817 917 883 substantiae
956 819 1144 904 semetipsos
1177 819 1347 905 passibiles
1376 823 1409 888 et
1437 853 1443 890 t

231 921 401 1007 ruptibiles
423 920 640 1004 reddiderunt,
664 921 698 987 iu
721 924 849 986 tantum
872 920 1064 987 conditionis
1086 921 1214 988 divinae
1236 922 1443 994 douarioltm

232 1028 269 1091 ut
291 1024 404 1089 mortis
425 1023 548 1089 fuerint
570 1023 692 1088 ultione
715 1023 833 1108 puniti.
868 1023 939 1089 Hac
962 1025 1049 1088 enim
1070 1024 1122 1090 die
1143 1025 1245 1091 fuisse
1266 1030 1443 1116 mortuos,q

232 1125 384 1192 mortales
407 1126 512 1191 effecti
534 1129 620 1209 sunt,
645 1127 831 1212 ambiguum
854 1148 921 1191 non
942 1126 1089 1192 habetur.
1127 1125 1268 1195 Proinde
1282 1126 1443 1214 quidquidi

234 1230 396 1316 genitores
418 1228 458 1293 de
480 1251 536 1293 suo
559 1229 704 1314 germine
727 1227 939 1313 protulerunt,
969 1251 1048 1314 opus
1071 1229 1199 1315 quidem
1221 1231 1284 1296 Dei
1306 1234 1365 1314 est,
1391 1251 1443 1297 secu

234 1334 309 1398 dum
336 1331 574 1398 institutionem
606 1335 756 1414 naturae,
798 1332 853 1396 sed
880 1354 946 1397 non
975 1333 1095 1418 absque
1117 1333 1279 1420 'contagio
1305 1333 1388 1399 illius
1408 1354 1443 1399 ur

234 1435 316 1522 quod
340 1457 397 1500 sua
419 1434 694 1520 praevaricatione
716 1438 899 1518 traxerunt,
928 1438 960 1501 et
982 1436 1093 1520 utique
1116 1434 1178 1501 hoe
1198 1435 1285 1502 idem
1306 1436 1402 1522 ipsius
1417 1456 1443 1500 m

236 1539 421 1624 contagium
445 1540 567 1601 certum
589 1541 640 1602 est
661 1559 740 1622 opus
762 1558 828 1601 non
852 1559 920 1601 esse
943 1537 1096 1602 divinum.
1133 1537 1249 1625 Itaque
1271 1560 1338 1604 non
1358 1559 1395 1603 ex
1411 1557 1443 1604 cu

234 1642 323 1706 tione
339 1639 399 1704 Dei
422 1644 472 1703 est
492 1639 616 1722 vitium,
640 1639 722 1724 quod
739 1638 920 1704 voluntario
935 1643 1022 1705 motu
1038 1643 1156 1705 natura
1172 1639 1315 1727 collegit,
1337 1639 1390 1706 sed
1403 1639 1443 1706 eb]

236 1743 275 1808 de
297 1742 413 1807 viffiata
435 1763 492 1826 per
514 1743 719 1827 semetipsam
741 1744 859 1806 natura
882 1741 969 1806 Deus
997 1742 1236 1809 institutionem
1265 1764 1354 1808 suam
1379 1740 1443 1829 quid

237 1867 314 1910 suae
337 1843 508 1930 creationis
532 1842 730 1929 exsequitur,
760 1843 814 1908 sed
839 1844 959 1909 creatio
981 1843 1106 1929 profert
1127 1845 1253 1930 vitium,
1277 1845 1360 1931 quod
1380 1865 1435 1910 nou

237 1947 441 2036 institutione
464 1946 624 2012 Creatoris
647 1947 783 2032 accepit,
813 1946 868 2011 sed
896 1946 980 2032 quod
1007 1947 1078 2032 ipse
1101 1969 1160 2032 per
1179 1946 1308 2033 lapsum
1329 1951 1443 2032 manag!

238 2050 337 2116 sionis
365 2071 441 2114 suae
470 2050 653 2134 assumpsit.
705 2048 790 2114 Nam
818 2050 845 2114 si
872 2049 934 2134 ipsi
961 2049 1058 2134 primi
1085 2049 1231 2116 homines
1261 2072 1300 2116 ex
1326 2049 1430 2134 nullis,

135 2223 138 2228 ,
238 2140 441 2234 dictumest,
465 2152 654 2236 parentibus
676 2152 746 2216 nati
769 2154 803 2216 et
823 2151 893 2216 sine
920 2151 985 2216 ullo
1007 2151 1139 2217 formati
1162 2152 1331 2238 contagio,
1360 2172 1443 2238 pere

237 2255 340 2320 bitum
362 2254 632 2340 praesumptionis
656 2253 786 2318 illicitae
809 2253 998 2338 semetipsos
1027 2254 1202 2339 depravare
1225 2255 1443 2341 potueruntet

238 2378 333 2444 opere
356 2356 417 2421 Dei
439 2377 519 2441 opus
541 2356 718 2421 diabolicae
740 2356 862 2421 fraudis
885 2354 1071 2441 adnectere,
1100 2356 1177 2443 quid
1199 2357 1337 2441 mirum,
1366 2355 1392 2421 si
1410 2353 1443 2422 iid

239 2459 406 2546 depravati
428 2458 633 2544 protulerunt
647 2458 790 2524 subolem
806 2458 1038 2543 depravatam?
1065 2458 1183 2525 Nonne
1199 2459 1300 2526 etiam
1314 2456 1443 2546 quumD

239 2562 350 2646 utique
372 2561 506 2626 liberam
530 2560 708 2627 condiderit
722 2560 896 2626 humanam
912 2564 970 2627 sue
986 2562 1148 2628 creatione
1163 2561 1390 2646 substantiam,
1410 2558 1443 2627 el

241 2663 327 2750 apud
348 2662 507 2728 humanas
529 2667 638 2729 tamen
660 2663 749 2749 leges
764 2665 963 2730 extrinsecus
985 2663 1139 2730 accedens
1161 2662 1301 2729 servitus
1320 2661 1443 2730 natural

242 2787 313 2831 eam
335 2764 441 2831 reddit
462 2765 651 2831 obstrictam
673 2769 706 2830 et
728 2765 923 2831 obnoxiam?
958 2765 1351 2853 Origine0)'generentur
1370 2765 1443 2833 obuc

242 2871 276 2935 et
297 2889 335 2933 ex
359 2867 542 2934 conditione
564 2868 671 2934 servili
694 2870 875 2955 gignuntur
903 2868 1038 2953 addicti,
1069 2871 1102 2934 et
1128 2867 1292 2935 nascendo
1319 2867 1443 2954 fiuntpr

243 2971 378 3057 obligati
401 2993 496 3057 quam
519 2972 633 3057 geniti.
669 2970 701 3038 Si
725 2969 785 3036 hoc
808 2972 917 3057 agitur
940 2970 978 3036 de
1000 2971 1095 3037 rebus
1116 2973 1208 3038 extra
1222 2967 1443 3058 uaturampcd

242 3077 364 3161 quanto
385 3074 490 3159 magis
513 3073 552 3138 de
573 3073 624 3138 his
646 3075 814 3159 provenire
836 3095 899 3138 non
923 3074 1040 3139 mirum
1062 3077 1121 3157 est,
1145 3073 1262 3160 quibus
1285 3075 1358 3160 ipsa
1372 3071 1443 3139 hum

242 3177 425 3243 substantia
448 3175 873 3262 depravata-cognoscitur?
909 3177 959 3240 Ac
981 3197 1040 3260 per
1059 3176 1121 3241 hoc
1141 3175 1226 3243 aaut
1240 3197 1275 3242 se
1289 3176 1361 3262 ipsa
1373 3173 1443 3241 hum

242 3279 425 3345 substantia
448 3279 487 3343 de
509 3279 713 3345 institutione
736 3278 862 3343 sincera
885 3281 1015 3344 actuum
1040 3278 1249 3364 reproborum
1276 3298 1332 3344 rea
1357 3276 1433 3345 fecit

243 3382 371 3448 luntate
394 3381 568 3466 pollutam,
598 3380 644 3446 sic
667 3380 766 3446 edidit
788 3380 931 3446 subolem
954 3383 1049 3467 atque
1071 3382 1260 3468 progeniem
1282 3383 1443 3448 natmaer

101 3477 111 3489 '
245 3507 284 3550 ex
307 3487 436 3550 actuum
459 3505 588 3549 suorum
610 3506 665 3550 rea
687 3484 854 3550 voluntate
875 3483 1081 3568 maculosam,
1104 3483 1180 3569 quia
1199 3481 1382 3570 hujusmodi
1401 3502 1443 3572 ge

244 3585 378 3674 prolem,
404 3585 582 3669 cujusmodi
604 3609 638 3652 se
660 3589 732 3672 ipsa
752 3586 891 3652 reddidit
906 3586 1191 3671 praeuaricationis
1206 3607 1349 3653 excessu.
1377 3583 1443 3654 Idet

245 3709 312 3754 non
334 3688 437 3753 solum
459 3688 498 3753 de
521 3710 555 3754 se
577 3688 710 3775 profert,
735 3689 819 3775 quod
841 3689 923 3754 bene
945 3687 1032 3754 Deus
1053 3689 1208 3773 instituit,
1236 3689 1293 3755 sed
1315 3689 1411 3756 etiam
1430 3708 1443 3774 q

246 3789 330 3856 mele
356 3790 427 3875 ipsa
454 3791 723 3877 inconsequenter
742 3791 880 3876 adjecit.
938 3789 1210 3866 Quemadmodum
1244 3794 1355 3859 autem
1379 3787 1443 3879 qud

159 3953 183 4010 G
246 3892 380 3960 interior
402 3893 576 3979 appetendi
597 3894 704 3959 valeat
725 3894 894 3959 immutare
908 3897 1070 3979 naturam,
1093 3893 1221 3961 divium
1240 3893 1443 3963 lectioniseu

146 3971 233 4090 efai.
246 3995 344 4063 aaa
373 3994 529 4062 amatur.
556 4048 559 4057 ,
587 3994 639 4062 sie
666 3996 803 4083 denique
830 3997 977 4083 pascens
1005 3995 1107 4064 Jacob
1142 3996 1330 4065 ammaus
1356 3995 1443 4082 uui

313 4256 335 4322 ⁸)
353 4252 404 4308 lut
421 4251 588 4308 comtruetio
607 4252 782 4319 anacolutha,
801 4253 881 4322 quasi
898 4253 1063 4322 sequeretur
1079 4256 1216 4317 musceta
1233 4264 1283 4309 est.

313 4339 335 4406 ⁸)
353 4336 422 4391 Inde
440 4338 470 4393 et
484 4335 514 4392 hi
530 4342 666 4404 sumserit
681 4336 766 4408 vulgo
782 4337 963 4405 vocabantur,
982 4338 1114 4408 quocirca
1124 4336 1264 4395 Honorius
1274 4337 1293 4394 l
1305 4344 1320 4395 1
1339 4337 1401 4396 cod.
1413 4336 1443 4397 u

246 4421 280 4489 v,
293 4429 325 4479 10
343 4428 373 4479 ee
388 4420 600 4478 Vucnumenue
616 4421 656 4479 111
673 4421 781 4478 Novell.
795 4422 837 4477 ut.
856 4427 896 4490 ue,
914 4430 948 4480 ao
965 4425 994 4479 et
1012 4429 1045 4480 ec
1062 4428 1217 4492 erroremve
1234 4425 1264 4480 et
1282 4428 1438 4494 erem

246 4508 350 4565 mmcue
367 4507 512 4579 appellant
529 4517 632 4564 colonos
650 4509 679 4564 et
696 4513 807 4570 colonae,
827 4509 875 4577 qui
892 4530 946 4564 cum
964 4515 1099 4579 aquatione
1115 4528 1173 4576 rua,
1191 4507 1245 4565 hoc
1261 4510 1313 4576 est,
1331 4525 1397 4567 eun
1411 4506 1443 4566 ᾗ

248 4608 281 4648 ex
298 4591 365 4664 ipsis
383 4593 442 4649 uati
460 4596 548 4660 eraut,
566 4593 692 4665 petronis
705 4592 760 4648 suis
773 4597 854 4649 eraut
866 4594 987 4651 obnoxii.
1016 4592 1195 4666 Quapropter
1207 4595 1236 4650 et
1248 4593 1306 4651 Leo
1317 4610 1396 4667 papa
1411 4608 1443 4667 up

248 4692 309 4749 cap.
323 4684 337 4733 1
356 4678 392 4734 ab
410 4677 454 4734 his
472 4678 633 4736 ordinandis
652 4678 785 4736 abstineri
802 4680 869 4746 vult,
897 4679 945 4752 qui
962 4686 1082 4750 ampiecti·
1103 4678 1149 4736 vel
1165 4684 1243 4735 alicui
1259 4685 1403 4738 medem
1417 4683 1443 4737 cl

247 4774 318 4825 aaut,
342 4769 475 4832 uuiferis
494 4785 580 4820 eorum
600 4771 691 4834 petitio
709 4776 753 4820 uui
771 4771 885 4821 commea
903 4771 1016 4828 accedat,
1041 4771 1085 4837 qui
1105 4769 1205 4836 aliquid
1219 4769 1271 4822 cidi
1282 4772 1314 4822 -r'n
1331 4785 1377 4824 eu
1392 4772 1443 4824 du

248 4854 392 4919 potestate.
429 4848 562 4905 Similiter
580 4848 706 4906 Gelasius
724 4850 803 4922 epist.
819 4858 850 4907 14
869 4867 928 4923 cap.
943 4858 967 4907 2.
998 4849 1240 4917 Quemadmodum
1256 4851 1354 4912 autem
1372 4849 1443 4910 caud

251 4931 334 4990 alicui
351 4933 464 4991 obnoxii
482 4933 616 4992 obnoxios
635 4934 725 4992 eidem
743 4935 903 5004 conditioni,
920 4937 961 4993 ita
979 4937 1008 4992 et
1024 4935 1097 4992 servi
1113 4952 1210 4994 servos
1226 4936 1427 5009 procreabant
