3204 5506
557 111 824 169 11111111113.
852 111 899 167 14.
1302 106 1363 173 769

100 275 243 338 arcere
270 272 415 338 homines
443 272 730 338 scandalizantium
751 274 916 359 Ipartem2)
949 274 1163 340 membrorum
1195 270 1362 360 abradere,
1376 285 1493 351 (aare.)

100 395 179 439 ram
207 389 243 441 su
263 382 295 440 ia
317 382 416 455 ipaem
438 397 504 440 non
519 377 735 441 renuntiando
750 376 910 440 scandalis
925 384 1085 442 mittantur
1099 390 1264 443 aetenum.
1301 379 1362 446 Sed

100 499 105 540 ι
131 481 230 560 post
256 477 337 542 hace
366 477 493 540 divinae
519 477 667 542 lectionis
696 479 865 562 exemplis,
903 500 999 562 quam
1034 478 1111 542 boni
1144 480 1211 544 sint
1240 482 1363 547 fructus

100 578 192 662 anisi,
219 579 363 644 ostendit
384 602 480 663 quum
503 581 639 644 diceret:
670 585 702 644 et
724 579 903 664 apostolum
925 580 1061 666 Paulum
1088 583 1195 666 gratia
1217 583 1277 648 Dei
1298 586 1364 669 ple·

100 700 187 763 um,
214 680 297 745 nihil
319 683 428 744 tamen
451 682 566 764 quibus
588 683 670 746 bene
694 682 853 765 cupiebat,
876 682 959 767 quod
982 685 1118 766 optaret,
1142 685 1254 748 melius
1277 687 1363 751 inve·
1444 677 1448 685 ¹

100 779 190 863 isse,
216 782 280 846 nisi
303 787 340 846 ut
355 805 425 863 poa
448 788 513 860 Dei,
536 805 614 863 qaae
635 796 679 848 est
700 805 796 863 supra
819 805 933 848 omnem
955 791 1175 865 excellentiam,
1205 794 1235 851 ia
1258 810 1360 853 eorum
1374 792 1503 859 Phil-tl.

100 888 230 947 cassas
253 889 439 956 abundaret;
473 885 651 969 quodque³)
679 885 713 948 in
742 884 908 969 evangelio
930 884 1060 950 Domini
1088 887 1131 950 sit
1152 909 1211 951 vox
1235 889 1298 953 ista
1320 891 1365 954 di·

101 986 214 1050 entis:
252 991 398 1062 Quonim
417 993 544 1066 pacifici
566 993 625 1063 filie·
645 993 704 1051 Dei
723 994 921 1052 vocabuntur.
981 987 1024 1051 Et
1051 989 1167 1052 iterum
1195 989 1235 1053 ad
1261 991 1366 1074 ipsum
1378 962 1477 1096 Ἧι·

100 1084 336 1171 leripturarum
359 1088 501 1152 omnium
524 1089 710 1152 revertendo
726 1089 898 1172 doctorem,
921 1093 1043 1173 quanto
1057 1090 1128 1174 ipsa
1143 1091 1192 1154 vel
1207 1092 1279 1176 fide,
1303 1116 1366 1179 qua

100 1188 115 1247 t
143 1190 305 1254 coelestia
327 1211 429 1274 regna
449 1192 682 1273 praesumimus
698 1195 730 1255 et
748 1195 985 1275 apeccatorum
1001 1192 1194 1257 cruciatibus
1211 1195 1366 1259 credendo

100 1286 275 1377 salvamur,
311 1292 427 1356 caritas
450 1292 493 1355 sit
514 1293 632 1375 major,
662 1293 817 1375 ostendit,
851 1294 1069 1357 testimonium
1091 1294 1155 1357 tale
1177 1296 1366 1377 subjiciens:
1381 1351 1458 1406 1001

100 1392 188 1471 lires,
217 1402 308 1473 fides,
339 1401 467 1471 caritas,
497 1401 599 1474 raajor
626 1407 723 1458 autem
747 1403 877 1459 amisium
898 1397 1023 1460 cantor.
1071 1396 1159 1459 Idem
1167 1397 1193 1482 ⁴)
1217 1396 1365 1482 Spiritus,
1386 1427 1425 1482 13,
1435 1396 1473 1475 li.

100 1495 205 1571 gratia
235 1496 389 1571 donante
404 1495 528 1578 divina,
565 1496 732 1560 caritatem
760 1497 931 1560 virtutibus
959 1498 1107 1562 omnibus
1136 1503 1270 1563 evacuat
1302 1488 1466 1565 non¹C⁰f¹

100 1591 267 1663 labentes.
312 1598 411 1683 Ergo,
435 1597 461 1662 si
485 1599 518 1661 et
538 1601 669 1683 propter
690 1620 826 1681 poenam
848 1598 1001 1662 scandala
1023 1599 1219 1664 declinamus
1226 1651 1235 1684 ‚
1260 1606 1293 1666 et
1312 1625 1365 1686 pa·
1419 1599 1425 1622 ’
1450 1600 1455 1611 '

100 1712 165 1759 sem
188 1704 324 1784 propter
345 1700 435 1785 pacis
460 1703 541 1763 bona
564 1686 733 1782 sectamur,
758 1704 790 1765 et
812 1701 851 1764 ad
875 1701 1041 1786 caritatem
1063 1722 1132 1782 nos,
1157 1702 1211 1784 qui
1224 1707 1273 1766 est
1289 1704 1367 1767 cari-

100 1796 155 1878 118,
183 1801 333 1867 Christus
354 1801 517 1884 hortatur3
540 1801 615 1885 quid
632 1805 680 1865 est
696 1803 825 1887 enim5),
851 1803 933 1886 quod
948 1804 1067 1866 retinet
1084 1802 1241 1867 catholico
1256 1807 1368 1869 ardore

100 1893 260 1968 festinos?
281 1903 364 1979 Quid
380 1908 438 1986 est,
463 1903 545 1987 quod
567 1903 781 1986 delinquentis
789 1906 814 1988 6)
832 1905 943 1968 Aeacii
965 1905 1100 1988 impedit
1121 1905 1264 1969 volentes
1280 1906 1368 1971 Chri-

100 1999 182 2067 tium
208 2006 315 2070 videre
337 2003 497 2090 persona?
533 2003 616 2079 Quid
639 2008 702 2087 est,
726 2005 810 2088 quod
833 2028 851 2068 a
874 2027 929 2069 suo
951 2006 1043 2069 liberi
1067 2006 1171 2069 alieno
1193 2011 1370 2091 gravantur

100 2108 231 2172 errore?
267 2106 357 2171 Haec
372 2129 469 2191 quum
491 2107 682 2170 venerabilis
705 2128 807 2190 papae
829 2106 925 2170 latius
947 2107 1069 2171 fuerint
1089 2108 1237 2191 expedita
1259 2111 1369 2175 rescri-

100 2202 172 2288 ptis,
206 2231 264 2294 pro
287 2212 416 2273 nostrae
438 2212 547 2271 tamen
569 2208 719 2292 obsequio
743 2208 933 2271 credidimus
955 2209 1132 2273 devotionis
1154 2210 1304 2295 indenda,
1328 2235 1369 2276 ne

100 2320 160 2368 11011
195 2312 327 2396 rogasse
355 2313 540 2394 putaremur
569 2310 769 2375 recondendo
777 2311 803 2395 ἵ)
831 2308 1035 2395 responsum,
1073 2311 1156 2396 quod
1190 2313 1370 2396 accepimus

100 2400 323 2488 deprecantes.

185 2515 218 2579 2.
253 2515 403 2598 Proinde,
426 2514 568 2597 piissime
591 2515 774 2598 imperator,
803 2515 882 2578 haec
905 2538 962 2579 suo
984 2517 1113 2579 nomine
1135 2521 1265 2581 senatus
1289 2541 1369 2582 sere·

101 2604 218 2680 nitatis
239 2621 313 2681 tuae
337 2617 540 2701 clementia⁸)
556 2620 748 2699 provocatus
764 2616 922 2700 adjunxit,
946 2620 982 2680 ut
997 2618 1104 2680 animo
1118 2640 1214 2701 quam
1229 2619 1371 2704 benigno

102 2701 135 2769 ln
157 2719 296 2802 utraque
318 2717 481 2803 republica
504 2718 726 2781 concordanda
748 2718 853 2800 fuisti,
883 2722 951 2781 tam
979 2741 1046 2782 esse
1068 2719 1121 2802 pio
1149 2720 1184 2782 in
1207 2720 1371 2785 Ecclesiae

104 2810 355 2906 redintegranda
376 2819 501 2883 unitate
523 2820 676 2883 noscaris.
722 2818 806 2882 Nam
828 2823 865 2882 ut
886 2843 948 2903 pax
971 2820 1027 2883 illa
1049 2842 1220 2904 regnorum
1242 2825 1370 2886 tantum

107 2911 207 2985 scitur
227 2923 376 3008 prodesse
399 2921 566 3004 subjectis,
597 2921 676 3005 sicl)
699 2921 778 2984 haec
801 2921 967 3005 religionis
990 2943 1061 2984 curu
1084 2922 1200 3005 populo
1223 2945 1279 2986 suo
1300 2946 1371 3007 pro-

107 3004 178 3085 ficii
196 3025 377 3110 imperanti.
417 3023 547 3087 Etenim
570 3023 639 3106 quis
654 3045 719 3086 non
734 3022 901 3086 haeresum
920 3023 1112 3106 perfidarum
1128 3045 1278 3108 sequaces
1300 3026 1371 3109 plus

109 3146 172 3171 X

176 3232 195 3298 ²)
212 3229 280 3282 bec
295 3241 394 3297 partes.
428 3227 493 3280 Mox
511 3227 545 3279 G¹
559 3230 584 3280 a¹
605 3225 694 3279 omitt.
719 3229 860 3280 abscidere.
899 3225 952 3280 Hic
972 3242 1049 3281 more
1068 3226 1208 3281 veteribus
1230 3227 1298 3282 satis
1320 3229 1372 3282 usi-

107 3292 169 3366 t&tto
186 3314 267 3383 (conf.
286 3329 370 3383 supra
387 3312 465 3381 epist.
484 3315 510 3379 8)
528 3311 666 3381 particula
684 3316 770 3379 potira
788 3311 927 3365 reticetur.

174 3403 196 3468 ³)
214 3400 249 3454 G¹
262 3400 290 3452 a¹
309 3417 455 3466 qrcumquam
472 3404 513 3449 ini

173 3487 195 3554 ⁴)
213 3485 281 3538 beo
298 3488 326 3535 id
343 3494 393 3544 erl,
414 3488 522 3549 spiritus
537 3488 624 3551 pratia
641 3488 752 3536 deviante
773 3487 857 3535 diuina
875 3489 1006 3536 caritatem
1025 3487 1155 3536 uirtutibus
1173 3488 1372 3539 0111111111ωαὶ-

101 3568 150 3627 111.
188 3575 248 3625 Non
265 3572 386 3622 latentes
397 3586 466 3632 erpo.
493 3566 578 3619 >Nihil
595 3567 624 3619 in
641 3566 809 3636 primigenia
825 3566 943 3621 lectione
962 3567 995 3620 G¹
1010 3570 1035 3621 a¹
1055 3567 1143 3620 visum
1156 3568 1198 3621 est
1209 3569 1373 3623 mutandum

100 3658 220 3718 amar
242 3652 370 3707 vitiosam
391 3652 734 3721 interpunctionem„qua
751 3652 821 3705 haec
838 3652 924 3706 verba
942 3652 980 3706 sic
998 3653 1255 3722 repraesentantur:
1277 3661 1374 3708 virturi-

100 3736 145 3800 lm
163 3743 282 3795 osrrnibar
299 3751 410 3794 evacuat.
448 3743 505 3791 Noa
523 3741 642 3791 tabentes
655 3757 724 3805 erpo.
761 3735 883 3791 Caritate
901 3739 995 3791 autem
1013 3737 1162 3792 destitutos
1177 3737 1252 3791 omni
1269 3739 1375 3808 paritor

100 3827 208 3887 virtute
223 3823 336 3877 destitui
349 3823 470 3877 ostendit
481 3822 581 3876 Paulus
601 3829 622 3875 1.
637 3820 698 3874 Cor.
714 3829 753 3887 13,
773 3823 860 3883 lete,
874 3821 921 3875 ubi
939 3821 990 3876 ait:
1010 3827 1039 3877 St
1049 3829 1140 3892 linquis
1152 3828 1272 3877 iroraiaum
1284 3831 1376 3894 loquar

100 3931 119 3974 rr
137 3917 309 3981 angelorum,
327 3915 460 3962 carnatem
478 3920 559 3961 uatem
577 3928 626 3961 uon
643 3912 756 3961 labacro
775 3917 822 3961 etc.

169 4000 192 4066 ⁵)
214 3992 390 4064 Superfluere
407 3993 517 4048 ridetur
533 3992 671 4061 particula
689 3999 766 4049 euim:
786 3991 913 4046 usitatior
929 3993 1003 4047 soret
1021 3999 1105 4061 ipitrrr.

168 4086 193 4152 ⁸)
214 4079 253 4133 G¹
266 4080 293 4132 a¹
316 4084 508 4148 delinquentium
531 4082 624 4130 Aeacii
643 4083 763 4145 impendi!
784 4084 895 4131 volentes
919 4082 1042 4131 Christum
1063 4084 1150 4132 cidere
1172 4097 1306 4146 personam
1328 4071 1374 4146 (G¹

100 4168 247 4233 aersona)‚·
265 4163 341 4230 quod
358 4163 425 4217 bcc
441 4162 559 4217 feliciter
577 4160 768 4217 emendarunt.

166 4257 191 4323 ⁷)
212 4251 258 4304 lta
275 4248 353 4314 bec,
371 4265 456 4315 quum
475 4247 509 4301 G¹
522 4250 548 4301 a¹
568 4253 720 4304 recedendo.

164 4344 191 4411 ⁸)
214 4339 243 4390 a¹
263 4340 416 4390 clementiae.
451 4333 516 4386 Mox
534 4334 601 4386 bec
618 4344 645 4385 ut
663 4339 706 4402 qur·
722 4339 817 4399 cniruo,
836 4332 931 4387 addito
951 4339 1005 4403 qui,
1030 4332 1105 4401 quod
1123 4332 1277 4401 elegantius
1295 4334 1376 4387 abest

100 4435 124 4490 b
148 4428 191 4483 G¹
209 4425 248 4476 al
287 4419 347 4473 Hoc
364 4419 438 4473 enim
455 4418 509 4472 sibi
526 4418 597 4472 vult:
620 4429 646 4471 at
669 4425 750 4472 oniaco
774 4430 823 4470 tura
840 4437 896 4474 erae
917 4424 961 4486 pio
979 4424 1005 4471 ia
1024 4423 1156 4472 Ecclesiae
1173 4422 1376 4485 redintegranda

100 4523 199 4574 „imre
221 4511 351 4568 irascaris,
370 4525 443 4573 quara
458 4508 533 4570 suisti
550 4507 655 4571 beaipno
673 4508 699 4555 ia
716 4513 823 4571 utraque
840 4507 970 4570 republica
988 4509 1182 4563 concordanda,
1206 4518 1289 4569 quum
1307 4501 1376 4554 scili·
1455 4551 1457 4554 ,

100 4605 135 4662 gt
156 4590 347 4653 Theoderico
364 4606 464 4659 pacem
480 4587 628 4657 imperium
645 4587 718 4640 inter
736 4590 765 4641 et
782 4587 880 4641 ltaliae
897 4605 1014 4656 rognum
1032 4587 1139 4657 petenti
1157 4586 1261 4641 anuuit.

162 4688 189 4752 ⁹)
214 4679 250 4733 G¹
266 4678 292 4730 11ί
311 4681 335 4727 sl
351 4679 420 4730 lucc.
457 4675 527 4726 'lum
546 4691 640 4727 vocem
660 4694 717 4741 pust
734 4672 876 4727 sulmudiri
895 4691 975 4726 nemo
994 4689 1049 4726 non
1066 4672 1194 4727 advertit.

117 4781 301 4830 nrrsrousa
316 4780 418 4817 nosris.
434 4779 547 4814 courir.
567 4764 586 4813 l.
1135 4767 1175 4823 49
