3204 5506
539 372 732 420 nrlsvonan
756 362 773 418 5
796 364 990 420 areanum:
1331 359 1391 424 681

132 522 341 588 indiscussam
367 525 565 607 dimiseritis,
602 526 684 590 datis
713 528 890 611 exemplum
913 528 1128 592 sacerdotibus
1150 529 1280 592 omnino
1309 531 1391 594 male
1404 541 1499 594 adol.

131 627 351 691 conversandi.
397 626 486 690 Haec
509 651 605 713 quum
627 630 755 712 diceret,
781 630 826 693 ita
848 631 1013 714 proposuit
1035 631 1287 695 similitudinem.
1325 633 1391 697 Ali-

129 729 303 815 quantor)
326 729 442 813 Aspari
465 753 484 793 a
505 733 618 794 senatu
642 731 820 813 dicebatur,
844 736 880 796 ut
900 732 969 816 ipse
991 733 1082 797 fieret
1102 733 1285 817 imperator.
1331 733 1392 810 oui

128 830 193 896 tale
216 831 354 896 refertur
376 832 499 895 dedisse
521 854 722 917 responsum:
754 838 870 917 Timeo,
899 856 937 897 nc
954 857 1013 914 per
1039 857 1085 899 me
1096 836 1132 921 18)
1155 843 1337 902 consuetudo
1360 844 1392 901 r'n

125 956 224 1013 renna
257 946 413 999 nascatur.
466 934 517 998 Ita
550 933 621 999 dico
655 939 687 999 et
718 936 827 1018 modo,
865 958 906 1000 ne
936 936 1116 1000 irascantur
1148 939 1252 1001 sancti
1284 943 1392 1022 patres

123 1036 249 1101 nostri:
271 1058 313 1100 ne
335 1058 392 1120 per
414 1057 481 1127 eos,
512 1059 609 1121 quum
630 1059 695 1100 non
719 1037 925 1101 discusserint
947 1041 979 1101 et
1000 1039 1046 1102 ita
1064 1039 1294 1122 judicaverint,
1319 1062 1392 1104 con·
1482 1088 1484 1094 -

123 1138 265 1203 suetudo
287 1138 441 1223 peccandi
464 1138 610 1202 omnibus
633 1138 849 1203 sacerdotibus
876 1140 1068 1224 generaliter
1078 1140 1115 1226 19)
1144 1141 1210 1205 fiat.
1260 1141 1343 1206 Item
1365 1144 1392 1206 si

121 1239 337 1325 volnerint²⁰)
360 1240 518 1304 discutere
542 1262 678 1322 causam,
703 1243 739 1304 ut
754 1263 883 1305 securus
899 1243 1091 1327 egrediatur,
1115 1243 1304 1327 Arigernus,
1329 1243 1392 1309 Gn-

120 1340 195 1404 dila
217 1344 250 1405 et
271 1341 474 1426 Bedeulphus
497 1345 697 1407 sacramenta
720 1344 748 1407 ei
771 1345 991 1427 praestabunt.
1031 1344 1127 1426 De²¹l
1151 1367 1225 1408 area
1247 1367 1320 1409 vero
1342 1347 1392 1411 vel

118 1443 165 1507 de
190 1443 283 1507 domo
305 1444 531 1523 Lateranensi,
560 1449 655 1527 prout
678 1445 856 1528 judicatum
884 1446 996 1528 fuerit,
1030 1446 1131 1511 eidem
1158 1447 1296 1531 synodus
1324 1449 1391 1512 red-

118 1546 244 1631 date).
269 1546 317 1610 De
338 1546 491 1630 vindicta,
516 1569 596 1630 quae
612 1551 743 1631 sperant
758 1551 831 1632 post
845 1548 1084 1631 discussionem,
1109 1550 1135 1612 si
1157 1550 1201 1613 eis
1223 1549 1390 1633 placuerit,

117 1650 186 1714 ant
213 1649 274 1732 ipsi
302 1648 481 1732 vindicent,
521 1653 576 1713 aut
605 1671 663 1714 nos
690 1650 893 1734 deputemus,
931 1651 985 1735 qui
1018 1651 1143 1737 legibus
1179 1654 1393 1736 exsequantur

117 1750 251 1835 culpas.

119 1935 220 1943 ⁷—-
232 1936 297 1942 -0-
308 1936 431 1943 ..-.-.-.----

119 2039 207 2108 qnod
230 2042 259 2094 et
281 2041 316 2095 ab
339 2040 373 2095 iis
394 2059 424 2095 re
447 2042 508 2112 ipsa
531 2041 671 2111 objectum
694 2057 752 2097 esse
776 2042 915 2096 Ennodius
937 2044 1029 2103 notat,
1053 2059 1086 2097 ex
1108 2042 1267 2112 hujusmodi
1285 2043 1391 2112 judicio

119 2125 237 2186 confici,
255 2130 352 2180 beatum
371 2134 472 2182 Petrum
490 2149 506 2180 a
525 2133 629 2181 Domino
647 2149 700 2182 cum
717 2132 786 2181 sedis
803 2134 941 2197 proneptis
963 2135 1002 2182 nel
1017 2149 1177 2183 successores
1194 2133 1251 2194 ejus
1269 2136 1394 2195 peccandi

118 2217 256 2266 licentiam
272 2218 423 2279 suscepisse.
454 2211 533 2277 Quod
546 2213 658 2265 Petrum
677 2213 830 2281 apostolum
851 2229 910 2266 cnm
929 2213 990 2266 aliis
1009 2213 1148 2283 discipulis
1165 2213 1278 2267 minime
1297 2214 1402 2267 obten-

119 2295 203 2350 disse
221 2296 319 2350 Petrus
340 2295 469 2351 Damiani
490 2297 565 2350 libi
591 2297 716 2366 epist.1·2
739 2297 786 2350 ubi
809 2298 980 2364 observavit,
1007 2298 1042 2352 ad
1069 2297 1212 2368 episcopos
1235 2315 1391 2364 conversus,

118 2385 207 2447 Quae,
225 2380 324 2450 inquit,
343 2393 414 2435 tanta
432 2386 560 2450 snperbia,
581 2393 606 2434 nt
624 2387 699 2434 liccat
717 2389 861 2450 episcopum
877 2390 985 2450 persas
1003 2395 1027 2437 et
1040 2388 1113 2450 nefas
1126 2390 1296 2453 adproprias
1308 2391 1392 2438 uolun-

117 2473 191 2521 tatis
207 2471 337 2521 arbitrium
356 2472 450 2529 virne,
478 2478 502 2520 et
526 2472 593 2537 qnod
614 2472 751 2520 insolenter
769 2487 898 2521 excessum
921 2480 971 2530 est,
1001 2488 1018 2521 a
1039 2472 1145 2522 sudditis
1167 2476 1220 2523 suis
1242 2474 1392 2538 dedipnetur

117 2556 235 2606 andire!
262 2551 316 2606 Ubi
334 2554 444 2606 sanctus
461 2552 507 2607 ille
525 2551 567 2605 vir
585 2551 620 2606 ab
639 2567 671 2605 eo
689 2553 787 2620 procul
805 2553 886 2606 fuisse
906 2570 934 2607 se
953 2553 1086 2619 ostendit,
1105 2553 1179 2622 quod
1192 2553 1392 2607 isidorusMer-

119 2637 209 2691 sator
225 2638 328 2706 passim
344 2639 484 2704 recantat,
503 2651 529 2690 ut
545 2647 673 2706 pastorem
691 2657 759 2691 suurn
778 2657 842 2701 ores,
862 2659 926 2708 quae
943 2643 993 2693 siti
1009 2645 1152 2693 commissae
1168 2644 1281 2706 fuerant,
1300 2659 1390 2707 repre-

119 2727 242 2778 hendere
259 2744 308 2777 non
328 2728 447 2777 audeant.

198 2809 229 2873 Π)
248 2811 272 2861 0⁹
290 2809 447 2862 transverso
466 2807 561 2861 ordine
585 2813 721 2876 aliquando
744 2821 771 2861 ut
792 2814 847 2876 ipse
867 2816 942 2876 fieret
965 2816 1116 2877 imperator,
1144 2816 1243 2877 Aspnri
1265 2831 1281 2863 a
1303 2823 1393 2863 senatu

119 2895 269 2948 dicebatur.
304 2893 381 2946 K¹²b
401 2897 516 2961 Aspan'n
533 2894 646 2958 vocant,
671 2892 768 2946 eodem
793 2894 893 2947 mendo
911 2893 1031 2947 librariis
1050 2894 1180 2948 familiari
1197 2894 1320 2947 litteram
1338 2895 1392 2963 pri-

119 2995 204 3031 mam
223 2977 362 3046 sequentis
381 2979 453 3032 vocis
471 2976 630 3046 geminante
649 2979 677 3030 et
695 2978 871 3032 antecedenti
889 2978 1017 3032 addente.
1046 2979 1123 3033 Idem
1142 2981 1231 3047 Aspar
1250 2978 1392 3033 aMurcel-

119 3063 186 3117 lino
209 3063 309 3116 comite
331 3070 426 3131 primns
447 3069 612 3132 patriciorum
635 3063 799 3132 appellatur.
839 3062 916 3116 Idem
939 3079 1010 3116 anuo
1029 3070 1077 3116 471
1106 3081 1167 3116 cum
1191 3063 1337 3117 Ardabure
1365 3066 1393 3117 et

122 3146 279 3203 Patriciolo
298 3148 367 3214 filiis,
385 3148 432 3202 illo
451 3149 563 3216 quidem
581 3148 646 3200 olim
664 3147 790 3216 patricio,
809 3148 861 3201 hoc
879 3149 971 3201 autem
985 3147 1103 3202 Caesare
1122 3165 1279 3216 generoque
1291 3148 1392 3202 Leonis

123 3232 248 3301 Augusti
265 3234 432 3303 nuncupato,
450 3233 566 3286 Mianns
585 3251 646 3286 cnm
658 3233 761 3286 Ariana
778 3233 856 3301 prole
874 3233 1029 3301 spadonum
1047 3232 1156 3286 ensibus
1174 3232 1202 3285 in
1214 3233 1319 3302 palatio
1336 3235 1392 3287 vul·

123 3321 255 3393 meratus,
273 3317 359 3387 ipsius
377 3318 475 3372 Leonis
492 3318 668 3388 imperatoris
683 3318 763 3387 jussu
780 3317 894 3382 interiit,
917 3322 948 3370 nt
965 3317 1040 3370 idem
1056 3318 1232 3372 Marcellinus
1251 3335 1283 3372 ac
1296 3318 1392 3373 Victor

125 3404 303 3458 Turonensis
322 3403 444 3457 tradunt.

198 3488 426 3557 ¹⁸)1taB1de.
464 3490 501 3542 At
519 3490 544 3542 c⁹
562 3487 625 3543 add.
645 3495 778 3557 peccandi.
815 3488 915 3543 Moxb
938 3501 965 3543 ut
982 3494 1067 3555 modo,
1087 3490 1115 3542 et
1133 3489 1232 3544 deindo
1250 3490 1339 3545 K¹²a³
1362 3512 1392 3545 ne

125 3586 303 3635 transeantur,
322 3574 370 3628 ubi
388 3574 419 3628 B'
434 3574 452 3627 b
466 3579 491 3627 c⁹
510 3595 540 3628 ne
558 3581 711 3627 irascantur.

200 3662 229 3728 ¹⁹)
248 3659 325 3712 li¹²b
342 3666 497 3727 peneraliter
516 3659 616 3713 omisso
632 3667 679 3727 fiat
698 3660 739 3727 (B¹
754 3664 802 3728 οι),
826 3661 898 3714 uude
916 3661 933 3714 b
953 3661 989 3715 ad
1007 3678 1095 3730 marg.
1115 3678 1177 3714 cum
1194 3661 1229 3713 Fl
1246 3674 1391 3729 pencretnr.

192 3748 230 3813 μ’)
249 3749 275 3799 0⁹
292 3751 405 3803 oalrcerit.
423 3761 541 3814 moxque
560 3745 616 3798 bol
629 3762 685 3814 seq.
700 3745 855 3815 Ariq'erisns,
874 3746 921 3799 ubi
939 3746 971 3799 B¹
984 3747 1031 3799 Κ12
1045 3749 1069 3799 0⁹
1083 3753 1225 3815 dripernus
1243 3747 1287 3813 (Fi
1301 3752 1392 3802 Ariar-

125 3850 185 3897 παι,
205 3830 238 3884 ol.
259 3833 415 3898 Alipernus).
452 3831 542 3884 Antea
559 3830 608 3883 ubi
626 3831 726 3884 dicitur
744 3845 770 3884 nt
788 3851 892 3885 sccnrns
910 3838 1064 3900 epredr‘atur,
1083 3831 1302 3887 subaudiendum
1321 3837 1392 3902 Sym·

125 3921 241 3978 marna,
270 3916 313 3970 cui
331 3932 380 3970 rer
397 3916 505 3984 legatos
527 3931 608 3985 opem
632 3919 660 3970 et
682 3916 813 3971 auxilium
832 3918 968 3983 conferre,
993 3934 1047 3985 qno
1071 3919 1106 3972 ad
1125 3917 1270 3972 concilium
1289 3917 1343 3971 iret
1360 3934 1392 3971 ac

124 4002 234 4058 rediret
250 4018 369 4067 securus,
388 4000 424 4055 ad
440 4000 523 4068 idque
542 4018 601 4055 sese
620 4005 793 4056 sacramento
813 4002 938 4071 obligare
957 4003 1052 4056 voluit.
1088 4004 1147 4057 Nec
1164 4003 1220 4057 alia
1238 4020 1333 4069 causa,
1353 4000 1391 4057 ‘ob

125 4104 213 4157 quam
229 4086 319 4155 legati
336 4085 375 4139 illi
393 4085 471 4138 misai
487 4086 598 4153 fuerint,
617 4088 742 4156 superius
760 4107 833 4142 num.
849 4095 862 4141 7
881 4090 1059 4142 memoratur.

194 4175 226 4241 ²¹)
245 4172 278 4225 B¹
299 4177 338 4225 lle
356 4192 443 4224 arcam
460 4191 519 4225 uero
537 4179 576 4225 net
594 4179 701 4236 dorrrnm,
725 4172 759 4225 Fd
778 4179 809 4227 de
828 4194 890 4226 arca
908 4194 968 4228 vero
986 4182 1025 4227 vel
1041 4179 1073 4227 de
1092 4179 1176 4234 darno,
1197 4189 1316 4242 moxque
1334 4174 1352 4227 b
1367 4176 1392 4226 0³

122 4275 183 4328 seq.
204 4262 304 4320 cadem,
324 4255 372 4309 ubi
390 4256 421 4310 Β1
436 4257 519 4310 K¹²c⁹
538 4262 617 4310 eidem
636 4256 692 4312 scil.
713 4257 887 4327 Symmacho,
906 4259 939 4312 de
958 4275 1012 4329 quo
1031 4257 1220 4312 Theodoricus
1236 4259 1277 4312 ita
1294 4257 1392 4312 identi-

125 4345 193 4400 dem
210 4342 343 4412 loquitnr,
361 4341 392 4393 nt
409 4358 472 4395 eum
491 4342 601 4396 sceleris
620 4362 720 4413 purum
739 4362 755 4397 a
772 4360 800 4397 se
819 4343 970 4397 existimari
987 4362 1042 4398 non
1061 4344 1176 4397 obscure
1195 4343 1339 4412 significet.

195 4432 228 4500 ²²)
246 4428 353 4483 Locum
371 4426 454 4479 antea
476 4427 623 4481 obscurum
646 4446 679 4483 ex
697 4429 727 4482 B¹
749 4428 925 4483 restituimus.
965 4429 1089 4482 Fili¹²b
1104 4432 1128 4481 ο9
1150 4434 1252 4482 reddar.
1280 4434 1319 4481 Dr
1341 4433 1392 4481 vin-

123 4521 204 4576 dicta,
222 4514 251 4582 (b
270 4517 368 4568 reddat
385 4517 416 4564 de
434 4517 586 4582 vindictam)
610 4536 674 4584 qnae
693 4515 738 4582 (Fd
757 4519 825 4583 quia)
848 4526 955 4582 sperant
977 4521 1155 4568 discensionem
1232 4524 1274 4566 ant
1293 4532 1338 4568 nos
1356 4515 1392 4581 (0⁹

120 4606 197 4676 qnos)
215 4607 367 4670 deputemus
385 4596 430 4662 (Fd
448 4596 511 4652 add.
532 4604 584 4669 qud
603 4603 704 4669 tepidus.
