3204 5506
660 114 830 164 sersaoni
855 106 884 163 6.
1344 102 1408 169 695

224 264 374 342 Rusticus
396 269 563 353 episcopus
585 268 738 334 ecclesiae
760 267 962 334 Buxentinae
984 269 1169 355 subscripsi.
1418 283 1511 335 aios.

225 369 404 436 Veuautius
426 371 593 455 episcopus
615 370 769 436 ecclesiae
792 370 1042 455 senogalliensis
1050 372 1092 458 ⁸⁰)
1114 372 1299 457 subscripsi.

225 472 336 537 Victor
358 471 524 556 episcopus
547 471 700 536 ecclesiae
722 471 880 536 Lunensis
903 473 1088 558 subscripsi.

223 574 430 639 Innocentius
451 574 617 658 episcopus
640 574 793 638 ecclesiae
808 574 1071 662 lifernatium⁸¹)
1087 575 1311 642 Tiberinorum
1332 579 1403 643 sub·

135 664 261 760 Rtripsi.

222 777 362 843 Silvinus
385 779 552 863 episcopus
576 778 728 843 ecclesiae
750 777 972 843 Veliterninae
995 780 1179 865 subscripsi.

220 879 332 944 Justus
355 880 522 964 episcopus
545 880 698 944 ecclesiae
721 879 877 964 Signinac
900 878 1084 965 subscripsi.

221 982 408 1065 Areston⁸²l
432 982 600 1066 episcopus
623 981 775 1046 ecclesiae
798 980 944 1046 Ostensis
967 983 1150 1068 subscripsi.

220 1085 386 1168 Augustus
409 1085 577 1167 episcopus
600 1083 753 1147 ccclesiae
775 1083 982 1167 Liparitanae
1005 1085 1190 1170 subscripsi.

219 1184 308 1249 Felix
338 1185 505 1270 episcopus
534 1185 686 1249 ecclesiae
714 1185 896 1269 Nepesinae
929 1207 987 1269 pro
1015 1185 1099 1251 Urso
1127 1188 1275 1273 episcopo
1304 1192 1402 1256 ecclc·

127 1288 200 1352 siae
291 1286 477 1371 subscripsi.

220 1389 366 1454 Asterius
390 1389 557 1474 episcopus
579 1388 732 1453 ecclesiae
755 1390 927 1474 Aquinatis
951 1391 1134 1475 subscripsi.

219 1490 421 1575 Propinquus
443 1491 612 1574 episcopus
635 1490 788 1555 ecclesiae
811 1491 977 1556 Trebeatis
1000 1492 1186 1578 subscripsi.

219 1592 376 1656 Eusebius
399 1592 565 1676 episwpus
589 1592 740 1656 ccclesiae
763 1592 927 1657 Fanestris
951 1593 1124 1678 subscripsi
1147 1599 1180 1658 et

218 1683 383 1758 Romsn'us
405 1694 572 1777 episcopus
596 1693 748 1758 ecclesiae
771 1693 986 1759 Numantinae
1009 1695 1194 1781 subscripsi.

217 1795 345 1880 nemu)
369 1798 554 1877 subscrIptio
576 1799 836 1877 presbyterorum.
1251 1781 1255 1789 ¹

473 1981 688 2084 Appendix
716 1983 766 2064 ud
795 1983 1010 2086 epistolam
1038 1986 1059 2065 6

535 2184 706 2265 synodum
730 2117 997 2266 ls'eiiymmachi.

605 2340 930 2422 Praeceptum⁸⁴l

736 2455 793 2493 slve

120 2538 203 2591 Lex
227 2536 307 2609 data
329 2549 349 2590 a
370 2535 614 2603 'gloriosissimo
636 2547 716 2602 rege
731 2534 941 2590 Theoderico
964 2537 1083 2592 contra
1099 2535 1178 2591 illos
1194 2538 1398 2604 sacerdotes,

125 2637 196 2706 qui
218 2636 446 2693 substantiam
467 2636 641 2692 Ecclesiae
666 2637 744 2704 jure
771 2636 901 2692 directo
929 2641 989 2693 ant
1016 2639 1161 2693 vendere
1190 2642 1251 2694 aut
1272 2639 1399 2696 donare

649 2742 881 2806 praesumunt.

259 2883 457 2947 Domitori
473 2883 595 2964 orbis,
619 2883 795 2965 praesuli
817 2886 854 2946 et
874 2884 1150 2966 separaratori
1171 2883 1395 2968 libertatis,

365 2985 523 3047 senatui
546 2984 655 3047 urbis
679 2983 820 3046 Romae
843 2983 1002 3047 Flavius
1025 2984 1296 3048 Theudoricus
1318 3007 1395 3049 rex.

216 3103 368 3167 Pervenit
390 3103 429 3166 ad
452 3125 520 3184 nos.
545 3106 652 3186 patres
677 3102 866 3186 conscripti,
890 3103 929 3166 de
951 3101 1115 3167 Ecclesiae
1137 3103 1234 3167 missa
1257 3104 1396 3169 utilitate

164 3244 368 3252 ...——--—.-
375 3245 401 3250 ..-

198 3310 231 3376 ⁸⁰)
248 3307 281 3361 B¹
301 3310 506 3375 Synopalliensis,
525 3306 560 3358 H⁸
574 3310 711 3374 Spiropolii.
732 3305 764 3357 l'l
779 3310 1011 3374 Scnopnllinicnsis,
1029 3320 1149 3373 moxque
1167 3306 1198 3359 B¹
1213 3305 1249 3359 Fd
1262 3311 1395 3363 burensis.

125 3393 164 3447 E‘
176 3392 214 3447 H⁸
232 3396 367 3457 bonensis,
385 3393 420 3446 al.
441 3396 574 3444 Locrensis.

197 3480 229 3546 ⁸¹)
248 3478 290 3531 lta
306 3493 370 3530 mss.
391 3475 485 3543 (etism
504 3476 534 3527 ΒΙ
549 3475 653 3543 ElFl);
671 3475 708 3528 Ηᾖ
732 3479 926 3543 Ίζηρενηαηιὶιιε,
944 3474 972 3528 h¹
998 3479 1146 3543 Tiplrernua
1166 3479 1189 3530 c¹
1214 3480 1395 3542 Tifernuuiius,

125 3562 164 3616 al.
184 3560 227 3616 ed.
252 3563 422 3628 Triferninus.

197 3647 230 3715 ⁸²)
248 3646 280 3699 B¹
294 3645 355 3698 ΞΗ*
368 3645 404 3697 Hl
422 3650 543 3705 Aresion,
562 3644 609 3697 ΚΗ
630 3648 764 3701 Aresione.
784 3662 849 3698 saue
866 3644 949 3710 idem,
969 3645 1015 3714 qui
1033 3645 1062 3699 in
1080 3645 1185 3714 synodo
1198 3646 1324 3713 Palmati
1333 3653 1395 3701 Ari·

124 3741 182 3785 sius
202 3735 323 3785 Ostiensis
341 3729 529 3784 subscribitur.
561 3728 667 3782 Deinde
686 3746 858 3783 omnesmss.
875 3732 986 3784 Oscensis
1004 3730 1048 3784 vel
1062 3735 1198 3785 lissiensis
1211 3731 1277 3799 (Ηῦ).
1305 3730 1395 3796 Quum

124 3817 224 3870 tamen
242 3814 269 3866 in
287 3813 335 3867 illa
352 3812 457 3882 synodo
470 3813 517 3867 ΚΗ
531 3819 669 3867 liorreiuis
681 3813 765 3883 legat,
785 3813 962 3868 Constantius
981 3814 1065 3869 etiam
1083 3815 1137 3869 hoc
1153 3815 1214 3869 loco
1228 3815 1304 3870 idem
1316 3834 1395 3885 prac-

124 3900 202 3954 serre
214 3898 323 3952 videtur
335 3901 365 3953 et
377 3904 490 3952 Aristum
502 3898 640 3968 episcopis
653 3903 822 3953 Iloriencibus
840 3899 1079 3953 adnumerandum
1097 3899 1202 3953 suadet.
1239 3901 1294 3955 Pro
1312 3919 1395 3972 supra

123 3986 284 4039 memorato
301 3987 436 4038 Marciano
455 3983 675 4037 volsiniensium
694 3983 802 4038 codices
821 4001 884 4038 suos
903 3983 1034 4038 dissidere
1053 3983 1105 4047 ait,
1129 4000 1212 4051 quum
1231 3983 1317 4052 aliqui
1335 3985 1395 4038 tau-

122 4078 188 4124 tum
211 4067 251 4122 ibi
270 4071 382 4122 Oscensis
404 4067 508 4136 legant.
551 4071 668 4122 Beliaaeor
691 4069 784 4122 autern
806 4068 852 4122 ille
875 4068 1002 4137 synodi]
1026 4066 1185 4136 Symmachi
1208 4067 1243 4122 ab
1268 4068 1395 4123 omuibus

124 4158 258 4209 Osiemem
288 4152 382 4208 vocari
412 4152 498 4206 addit.
539 4151 717 4206 Lectionibus
740 4153 864 4207 codicum
886 4153 1075 4208 Rornanorum
1102 4153 1172 4208 bene
1199 4153 1323 4224 pensatis
1345 4171 1394 4208 nos

121 4237 214 4295 alium
233 4236 261 4290 iu
278 4236 391 4292 modum
408 4252 467 4290 rem
485 4235 692 4304 dijudicandam
710 4237 845 4291 duximus.

195 4324 229 4390 ⁸³)
247 4320 340 4376 Verba
357 4322 434 4388 haec,
452 4338 523 4390 quae
540 4321 569 4375 in
586 4321 618 4374 Βι
640 4325 668 4374 ct
686 4321 755 4388 (sine
773 4326 849 4388 Item)
872 4321 900 4375 in
919 4323 1044 4375 extrema
1060 4321 1166 4390 pagina
1182 4321 1241 4377 folii
1258 4322 1331 4377 versi
1346 4323 1395 4376 ΚῙῖ

118 4409 308 4467 asservantur
325 4407 369 4474 (bl¹
389 4412 510 4461 Similiter
527 4411 743 4475 subscripserunt,
766 4406 871 4460 addens
895 4406 992 4460 cadem
1014 4406 1088 4460 linea
1107 4410 1219 4461 Zosimus
1236 4413 1393 4463 communito·

116 4503 191 4551 riusa
208 4495 296 4560 prora
313 4503 361 4545 erc.
382 4495 511 4560 navens),
531 4491 632 4545 indicio
651 4494 721 4554 sunt,
740 4490 825 4545 ctiam
843 4490 983 4560 subjectus
1000 4488 1082 4546 luisse
1101 4490 1201 4546 saltem
1218 4491 1393 4561 presbytero-

115 4596 187 4637 rmn
207 4575 434 4645 subscriptiones,
452 4577 502 4631 sed
518 4575 621 4645 injuris
638 4578 795 4646 temporum
814 4574 953 4632 excidisse.

194 4663 228 4730 Μ)
247 4661 288 4714 Ex
310 4660 430 4717 editione
453 4662 543 4717 Lucae
561 4661 696 4716 Holstcnii
720 4661 852 4732 produxit
868 4659 1027 4716 Hsrduinus
1051 4661 1112 4716 coll.
1133 4676 1208 4716 conc.
1221 4661 1254 4729 ΙΙ,
1267 4667 1325 4717 963.
1362 4663 1393 4716 Iu
