3204 5506
190 322 425 384 1110101106
449 316 627 400 (1110011.
651 322 862 404 01110010).
1093 321 1157 386 419

10 509 59 553 uon
72 488 220 553 0011011111
235 488 432 573 imperator?
453 488 691 573 Numquidnam
706 489 819 554 harum
833 489 961 554 urbium
976 490 1156 555 sacerdotes
1169 512 1193 550 a.
1204 502 1262 551 190.
1379 477 1382 498 ’

10 611 181 656 mensuram
210 591 338 656 sibimet
366 592 543 676 antiquitus
565 591 750 676 deputatam
771 592 934 677 quidpiam
956 593 1021 657 suis
1050 594 1156 678 digni-

10 716 19 758 1
38 693 258 779 usurparunt?
288 693 450 779 Numquid
472 695 621 778 Aeacius,
645 699 682 759 01
701 695 884 760 iohannem
906 695 1081 780 quemlibet
1102 697 1156 760 ho-

10 821 24 880 1,
54 795 248 862 catholicum
277 800 388 861 tamen
414 819 434 860 a
467 797 632 861 catholicis
659 797 852 881 ordinatum,
887 797 926 861 110
957 798 1155 864 Alexandria

10 901 89 982 eret,
126 898 319 983 Petrumque
345 900 381 964 in
413 899 538 964 haeresi
564 900 633 983 jam
658 901 817 966 detectum
847 904 942 986 atque
971 901 1157 965 damnatum

10 1030 12 1056 e
32 1000 117 1065 sedis
140 1001 335 1085 apostolicae
358 1002 593 1066 consultatione
616 1003 782 1088 reciperet,
812 1004 918 1088 aliqua
947 1003 1067 1087 synodo
1093 1003 1155 1066 sal-

10 1103 47 1167 lic
68 1103 181 1168 habita
200 1103 260 1169 hoc
282 1104 433 1168 audacter
454 1104 604 1189 arripuit3
627 1109 663 1169 ut
677 1105 904 1171 Calendionem
926 1105 965 1168 de
982 1106 1156 1169 Antiochia

10 1208 75 1289 eret,
104 1205 363 1292 haereticumque
384 1206 531 1289 Petrum,
562 1229 655 1292 quem
684 1209 753 1292 ipse
780 1209 1003 1291 damnaverat,
1038 1209 1156 1293 absque

29 1308 115 1373 sedis
138 1309 331 1393 apostolicae
352 1297 472 1373 rursus
489 1309 682 1393 admitteret,
712 1310 819 1395 aliqua
842 1311 962 1395 synodo
988 1311 1020 1374 id
1042 1311 1157 1374 fecisse

10 1409 112 1476 atur?
140 1409 174 1476 Si
197 1415 281 1476 certe
304 1411 524 1496 de'dignitate
546 1412 655 1498 agitur
677 1412 859 1496 civitatum,
889 1412 1047 1477 secundae
1073 1414 1156 1476 sedis

9 1512 62 1578 iae
85 1513 188 1598 major
215 1516 264 1578 001
285 1514 428 1599 dignitas
454 1515 654 1579 sacerdotum
676 1536 771 1599 quam
794 1516 862 1598 ejus
890 1515 1047 1598 civitatis,
1076 1537 1156 1599 quae

10 1615 82 1680 lum
103 1616 189 1680 inter
210 1616 300 1681 sedes
326 1616 458 1680 minime
483 1621 680 1701 numeratur,
704 1617 758 1682 sed
780 1640 841 1682 000
862 1618 948 1682 10101
975 1617 1157 1702 metropoli-

10 1741 39 1782 m
63 1718 141 1802 jura
163 1721 320 1783 censetur.
365 1719 450 1784 Nam
477 1720 561 1805 quod
588 1720 694 1784 dicitis
723 1727 829 1799 reciae
849 1727 988 1804 civitatis,
1019 1720 1157 1804 011000-

11 1824 62 1886 est
84 1821 179 1906 regni
200 1821 382 1900 saecularis,
413 1821 476 1886 0110
504 1822 793 1887 ecclesiasticarum
814 1822 996 1887 distributio
1018 1824 1157 1908 dignita-

13 1922 106 1988 Sicut
133 1924 219 1988 enim
246 1925 390 2010 quamvis
423 1945 523 2008 parva
552 1925 664 1989 civitas
698 1926 954 2010 praerogativam
980 1926 1157 2009 praesentis

10 2047 72 2089 uon
94 2025 222 2109 minuit,
245 2027 292 2091 sic
313 2028 486 2112 imperialis
508 2027 690 2111 praesentia
704 2049 886 2091 mensuram
908 2027 1156 2111 dispensationis

10 2150 60 2192 sae
89 2149 157 2194 000
185 2133 300 2193 mutat.
345 2129 394 2194 Sit
416 2130 502 2194 clara
524 2130 600 2193 urbs
622 2129 678 2193 illa
705 2132 865 2213 potestate
892 2130 1071 2213 praesentis
1099 2130 1156 2193 110-

10 2230 57 2310 ris,
81 2230 196 2316 religio
223 2231 282 2295 sub
304 2232 414 2296 eodem
441 2235 519 2296 tunc
540 2232 643 2314 firma,
667 2235 745 2296 1000
767 2233 878 2316 libera,
906 2236 985 2297 tunc
1006 2236 1157 2317 provecta

10 2332 50 2416 11,
81 2333 108 2396 01
132 2333 238 2417 potius
260 2333 321 2398 hoc
342 2338 511 2420 praesente
532 2335 695 2419 propriam
717 2338 827 2399 teneat
854 2336 923 2401 sine
946 2335 1011 2399 ulla
1032 2338 1155 2419 pertur-

10 2456 236 2501 emersuram.

10 2585 27 2601 ..
73 2536 135 2602 Sed
159 2537 285 2602 dicatur
304 2539 442 2604 forsitan
464 2540 503 2604 de
525 2539 745 2604 Alexandrino
768 2543 800 2604 et
822 2540 1036 2625 Antiocheno,
1061 2540 1156 2604 certis

10 2639 56 2704 sis
78 2640 258 2725 principem
279 2642 383 2727 magis
404 2641 460 2705 illa
481 2663 562 2726 quae
584 2646 676 2727 gesta
698 2646 783 2726 sunt,
807 2665 873 2707 000
890 2643 1044 2707 Acacium
1065 2665 1156 2728 prae·
1213 2631 1224 2657 ⁸

10 2773 23 2806 ³.
69 2739 133 2807 Sed
168 2743 307 2829 principi
340 2744 524 2810 Christiano
557 2745 707 2809 decuerat
742 2766 914 2830 suggerere
947 2745 1154 2830 sacerdotem,

10 2864 29 2908 e
51 2844 143 2929 cujus
164 2846 384 2911 familiaritate
407 2851 440 2910 et
460 2847 569 2911 favore
590 2848 766 2931 fruebatur,
794 2846 916 2911 salvum
936 2848 1005 2911 fore
1027 2847 1066 2911 de
1088 2848 1156 2931 ejus

30 2947 288 3033 contumeliaque
310 2948 501 3033 vindictam,
530 2952 658 3014 tantum
679 2953 717 3012 ut
738 2948 902 3013 Ecclesiae
925 2949 1044 3014 sineret
1066 2948 1155 3013 Chri-

10 3072 16 3112 1
35 3048 190 3134 princeps
212 3051 340 3136 regulas
363 3051 524 3135 custodiri,
549 3052 624 3136 quia
646 3055 679 3115 et
699 3073 783 3115 nova
798 3053 833 3116 in
848 3054 981 3136 utroque
1002 3050 1155 3136 pontifice

10 3155 238 3235 00001010110,
268 3156 300 3217 et
327 3175 443 3217 novam
465 3152 694 3218 discussionem
718 3156 948 3238 consequenter
969 3154 1154 3238 inquireret.

18 3256 104 3320 nent
125 3275 249 3340 semper
275 3260 360 3320 esset
381 3255 538 3340 effectum,
569 3255 759 3320 sacerdotali
787 3254 921 3320 00001110
946 3256 985 3319 de
1012 3255 1155 3319 sacerdo

11 3356 120 3423 udicis
141 3357 357 3442 provenirent,
386 3379 450 3422 uon
480 3379 500 3422 0
527 3359 682 3423 saeculari
710 3358 894 3422 viderentur
921 3358 1155 3442 qualescunque

10 3481 71 3544 000,
106 3460 167 3523 0101
190 3481 294 3525 errore
315 3460 499 3524 humanitus
522 3462 704 3543 accedente,
739 3482 804 3524 non
826 3464 935 3525 tamen
957 3463 1069 3524 000110
1084 3459 1155 3524 reli-

10 3584 20 3626 1
41 3561 206 3627 ullatenus
228 3563 426 3648 excedentes,
456 3565 614 3647 potestate
641 3562 782 3648 percelli.
827 3565 881 3627 An
904 3566 937 3626 01
962 3562 1042 3626 haec
1064 3562 1155 3645 justa

10 3686 16 3728 1
46 3663 189 3750 principi
221 3666 422 3751 suggerenda
449 3687 516 3729 non
548 3664 663 3729 erant?
706 3663 829 3750 Regiae
863 3665 1002 3730 civitatis
1036 3665 1155 3729 honore

10 3766 37 3832 is
59 3765 216 3832 01100100
238 3772 308 3832 0101
334 3767 390 3832 illa
412 3767 501 3853 regia
524 3767 654 3831 civitate
676 3766 850 3851 sublimior,
880 3771 973 3832 tanto
995 3767 1099 3852 magis
1121 3767 1156 3830 in

10 3869 176 3955 {gerendis
198 3870 308 3934 debuit
328 3891 396 3934 0000
425 3868 632 3933 constantior.
678 3868 712 3935 Si
734 3872 840 3933 001010
861 3869 896 3933 10
911 3869 971 3954 his,
996 3891 1076 3953 quae
1098 3891 1156 3952 pro

10 3993 50 4037 00
77 3972 208 4037 1001001
230 3972 412 4055 exserenda,
442 3972 566 4036 exstitit
588 3971 837 4056 contemptibilis
860 3974 955 4055 atque
977 3971 1154 4054 despectus,

24 4075 137 4160 segnis
159 4078 215 4139 001
235 4074 384 4148 fiduciam
399 4096 465 4138 000
485 4073 606 4138 habens
628 4073 809 4159 intimandi,
833 4074 869 4138 10
884 4096 946 4157 000
961 4094 1020 4156 per
1033 4072 1156 4156 regiam

10 4198 59 4243 cm
80 4177 185 4261 major
206 4177 335 4242 effectus
357 4176 431 4241 est?
453 4175 586 4240 Nathan
608 4175 765 4261 propheta
786 4175 894 4261 palam
916 4174 1104 4258 publiceque
1119 4174 1155 4236 iu

10 4279 80 4367 regi
107 4278 212 4344 David
249 4282 282 4343 et
315 4278 516 4344 commissum
544 4278 766 4362 pronuntiavit
799 4298 952 4358 errorem,
992 4279 1025 4338 et
1050 4275 1156 4358 ipsum

10 4383 90 4448 sisse
112 4403 179 4447 non
199 4382 311 4466 tacuit,
335 4385 367 4446 01
389 4381 588 4447 confessione
611 4383 788 4445 correctum
804 4380 1034 4463 consequenter
1055 4376 1156 4441 absol·

10 4485 59 4552 lic
93 4487 201 4548 autem
228 4483 400 4549 virbonus
428 4487 461 4548 et
486 4484 631 4548 sacerdos
660 4482 808 4568 egregius
846 4481 881 4545 in
908 4482 1035 4544 tantum
1063 4500 1096 4543 00
1125 4482 1157 4542 01

10 4610 68 4656 010
88 4586 231 4673 potuisse
252 4587 441 4650 monstravit
469 4589 502 4650 et
524 4585 662 4650 noluisse
684 4582 890 4670 deprompsit,
921 4582 1018 4646 immo
1039 4579 1156 4645 favisse

10 4693 58 4776 11,
86 4692 125 4754 01
146 4692 179 4752 01
204 4687 377 4772 imperator
407 4691 522 4754 cuncta
549 4711 582 4753 se
611 4688 740 4772 exejus
767 4685 903 4771 gessisse
931 4684 1064 4749 consilio
1090 4704 1157 4749 0011

10 4847 19 4882 ,
46 4791 175 4877 etipse
195 4786 420 4874 imperatorem
442 4791 569 4875 magnis
591 4789 770 4874 praeconiis
792 4789 931 4853 elevaret
952 4786 1016 4852 ista
1037 4786 1157 4850 facien·

10 4915 131 4983 000000
152 4892 302 4978 proderet
323 4893 372 4958 his
395 4893 528 4979 agendis
550 4893 644 4958 rebus
665 4892 764 4957 fuisse
785 4891 984 4976 participem.

725 5017 728 5033 .
890 4992 957 5058 27*
