3204 5506
227 334 290 399 184
667 349 695 396 s.
711 346 919 394 nonmsuaa
940 345 1055 392 111111
1099 350 1104 359 ·

121 519 213 567 1111.
227 526 308 588 quae
330 503 370 567 ad
393 503 623 567 correctionem
645 500 815 584 proxitatis
837 521 912 564 suae
933 499 1060 563 anobis
1075 498 1224 583 quaesita
1245 498 1376 582 fuerant,
1394 498 1469 583 polli·
1491 518 1494 523 ’

229 608 353 687 centes,
388 626 454 668 non
476 604 578 667 solum
607 625 672 666 non
699 603 865 686 religiosos
888 602 988 684 viros,
1022 622 1123 686 penes
1150 622 1231 686 quos
1260 622 1367 665 causae
1387 601 1467 686 ipsim

228 708 324 790 plena
347 729 415 770 esse
437 710 544 790 posset
567 705 751 787 instructio,
777 705 952 769 secundum
967 703 1145 767 constituta
1166 703 1299 788 propria
1318 725 1378 767 non
1394 703 1465 769 mise

126 838 170 889 cp.
186 826 214 871 11
228 812 315 892 runt,
339 830 448 873 verum
471 807 579 890 etiam,
603 808 694 891 quasi
716 829 766 871 res
786 829 886 891 parva
903 808 1079 891 gereretur,
1103 804 1203 869 laicos
1211 806 1237 890 ²)
1260 807 1294 868 et
1314 804 1418 869 abenas
1435 807 1464 870 ab

135 891 163 942 11
176 894 216 941 ¹²·
229 910 444 974 ecclesiastico
467 930 597 994 corpore
620 909 835 991 destinantur,
866 930 933 972 non
960 931 994 972 se
1016 907 1210 972 studuerunt
1232 906 1271 971 de
1294 928 1398 990 coeno,
1419 928 1462 992 quo

228 1012 369 1075 immersi
391 1015 554 1092 tenentur,
578 1010 733 1094 evolvere,
757 1033 867 1074 verum
890 1011 987 1074 etiam
1002 1009 1181 1074 catholicae
1196 1008 1271 1073 fidei
1288 1009 1460 1093 claritatem)

228 1114 407 1199 fulgentem
430 1135 502 1194 sua,
532 1112 615 1196 quod
638 1112 739 1194 absit,
769 1134 803 1176 se
825 1134 917 1198 posse
941 1111 1146 1176 crediderunt
1174 1112 1329 1176 societate
1348 1111 1461 1175 fuscare?

229 1215 318 1279 llaec
339 1216 402 1279 fuit
423 1215 525 1279 nostri
549 1237 644 1278 causa
666 1215 797 1297 silentii,
821 1237 916 1299 quam
939 1236 994 1278 vos
1016 1235 1141 1298 quoque
1163 1212 1303 1297 spiritali
1324 1212 1460 1297 robispm·

229 1317 340 1381 dentia
361 1317 523 1380 reuelante
546 1317 679 1380 uidistis.
725 1315 807 1391 Quid
830 1317 916 1380 enirn
938 1317 976 1380 de
998 1315 1060 1379 hae
1083 1337 1180 1379 eausa
1203 1318 1347 1399 poteram
1366 1314 1462 1379 diredis

230 1420 346 1484 litteris
376 1418 533 1500 indicare,
568 1440 664 1502 quam
697 1418 730 1481 in
759 1422 847 1481 statu
875 1440 931 1482 suo
965 1417 1112 1482 videbam
1145 1417 1259 1482 duram
1292 1416 1465 1502 pertinaciter

231 1521 389 1584 custodire
411 1519 601 1603 perfidiam?
634 1518 718 1583 Novi
741 1519 844 1583 exitus
867 1521 1023 1585 sollicitae
1039 1519 1244 1605 diligentiam
1267 1519 1415 1585 relationis
1430 1518 1468 1581 iu·

231 1623 372 1706 quirunt.
417 1621 478 1697 Qui
500 1622 539 1686 de
560 1623 654 1686 rebus
678 1620 816 1706 cognitis
839 1622 921 1687 nihil
943 1622 1081 1706 indicat,
1098 1614 1244 1687 'abunde
1272 1622 1306 1687 in
1333 1623 1409 1685 statu
1423 1640 1474 1684 110

230 1745 361 1788 manere
383 1724 491 1808 priora
514 1723 666 1788 declarat.

315 1827 346 1890 3.
381 1825 592 1910 Quapropter,
617 1825 821 1890 dilectissime
843 1826 955 1909 frater,
980 1830 1012 1889 et
1028 1848 1081 1890 vos
1097 1826 1322 1911 praesentibus
1335 1824 1485 1890 hortamur

232 1926 389 2013 alloquiis,
413 1930 446 1991 et
467 1949 524 2013 per
547 1950 601 1992 vos
623 1951 759 2014 quoque,
783 1929 858 2013 quia
880 1927 1005 1993 occasio
1021 1928 1096 1992 data
1112 1931 1172 2011 est,
1197 1927 1277 1993 alios
1295 1950 1350 2013 per
1364 1925 1486 2005 Gallias,

232 2053 310 2115 quos
332 2029 410 2094 fides
433 2030 543 2094 eadem
564 2031 730 2096 nobiscum
753 2031 972 2115 amplectitur,
1005 2030 1229 2113 admonemus,
1259 2029 1430 2115 promissam
1445 2026 1502 2090 ef-

233 2131 402 2197 amabilem
417 2131 485 2196 Deo
507 2131 580 2196 fidei
603 2154 729 2197 servare
752 2133 982 2216 constantiam,
1007 2136 1040 2197 et
1060 2136 1334 2217 transgressorum
1348 2130 1509 2195 societate

131 2215 219 2339 {5³⁰}
234 2235 410 2317 declinata,
434 2235 651 2299 constantiam
672 2239 812 2299 vestram
834 2243 889 2300 ani
908 2243 974 2301 viro
996 2242 1142 2315 uirqinem
1164 2247 1297 2312 casiam,
1326 2234 1509 2316 110111110-

177 2327 183 2352 ,
208 2329 213 2338 .

233 2337 407 2421 pondistis,
430 2342 574 2401 cxiiibere
595 2343 723 2402 Christo.
767 2336 813 2401 Et
835 2341 960 2421 cavate,
994 2359 1036 2401 ne
1063 2336 1146 2402 sicut
1173 2358 1305 2421 serpens
1325 2335 1417 2400 Evam
1438 2352 1509 2396 se-

234 2439 326 2503 duxit
347 2441 467 2503 astutia
488 2461 562 2522 sua,
592 2439 639 2503 ita
654 2461 765 2503 sensus
782 2437 960 2524 aliquorum
988 2441 1235 2524 corrumpantur
1257 2462 1277 2503 a
1297 2435 1509 2522 simplieitab·

234 2544 267 2605 et
290 2541 449 2624 castitate,
473 2564 554 2624 quae
577 2545 626 2605 est
648 2541 682 2605 in
703 2540 831 2606 Christo
846 2540 933 2606 Jesu.
978 2541 1164 2606 Perniciosa
1186 2543 1264 2606 sunt
1284 2539 1509 2604 blandimeuffl

122 2627 219 2681 ffel*
233 2643 429 2725 nocentium,
454 2646 550 2727 atque
573 2643 643 2707 ideo
666 2643 801 2728 vigilare
823 2665 879 2707 vos
896 2644 1057 2726 convenit,
1081 2642 1157 2728 quia
1180 2649 1375 2709 adversarius
1392 2635 1509 2707 1111ῐὲ

147 2701 200 2760 5'8'
235 2752 385 2810 iiamonue
405 2751 484 2809 sicut
504 2751 552 2810 leo
573 2753 698 2824 rapiens
719 2752 838 2823 circuit,
863 2768 1013 2825 quaerens
1034 2767 1120 2825 quem
1143 2751 1276 2822 deuoret,
1306 2752 1358 2811 cai
1375 2744 1509 2809 resset

231 2850 332 2924 sortes
353 2854 384 2912 iu
404 2853 482 2923 fide:
510 2847 585 2931 quia
607 2846 667 2911 hoc
689 2848 826 2931 speciale
849 2847 972 2911 habent
993 2847 1095 2930 patris
1123 2847 1172 2911 sui
1194 2847 1234 2911 de
1258 2846 1337 2912 coeli
1358 2867 1423 2911 arce
1440 2845 1509 2907 ἀὲ

231 2950 310 3032 jacti
318 2950 355 3034 ⁴),
380 2948 433 3032 qui
456 2949 593 3033 vestigia
615 2949 684 3032 ejus
706 2953 881 3034 sequuntur
904 2954 936 3013 et
958 2948 1109 3034 diligunt,
1132 2949 1248 3013 utilia
1269 2946 1509 3014 veritatisluc

235 3051 353 3136 privati
376 3054 409 3115 et
431 3051 509 3114 alios
532 3051 696 3136 gaudeant
717 3073 774 3114 sua
796 3051 991 3115 obscuritate
1013 3049 1144 3132 fuscari,
1177 3053 1210 3115 et
1231 3074 1331 3136 quum
1351 3061 1509 3136 pervers<

235 3154 313 3217 tatis
336 3174 411 3217 suae
433 3174 553 3237 poenas
575 3152 709 3216 luituros
732 3175 856 3218 essese
879 3154 998 3236 sciant,
1023 3152 1200 3236 exsultent,
1230 3153 1259 3217 si
1279 3153 1407 3218 miseros
1426 3164 1509 3215 cul

236 3277 293 3319 sua
315 3255 521 3318 damnatione
545 3253 754 3339 conjungant.
792 3253 877 3319 Nam
899 3256 983 3319 unde
1000 3259 1058 3339 est,
1082 3254 1166 3339 quod
1188 3277 1287 3339 quum
1306 3277 1365 3341 pro
1384 3269 1507 3338 magn

237 3361 328 3441 parte
344 3379 363 3419 a
379 3356 586 3421 conterminis
602 3356 667 3420 suis
679 3355 867 3439 TliracibuS,
885 3355 1056 3439 Dardanis,
1076 3356 1226 3442 lllyriois,
1251 3357 1382 3443 cognita
1395 3369 1509 3421 eorem

237 3458 447 3543 perversitate
469 3458 665 3540 deserantur,
690 3458 800 3543 procul
822 3459 943 3544 positos
965 3458 1170 3543 ignorantiae
1193 3481 1261 3543 spe,
1286 3459 1442 3524 fraudibus
1478 3454 1509 3515 el

237 3561 334 3625 variis
356 3561 478 3624 artibus
501 3561 649 3649 nituntur
665 3560 808 3624 allicere:
830 3561 893 3625 nisi
909 3563 945 3625 ut
959 3560 1073 3642 lucem,
1097 3582 1194 3644 quarn
1216 3561 1278 3646 ipsi
1293 3583 1358 3626 non
1371 3556 1499 3636 habent

237 3664 272 3727 in
295 3663 366 3727 aliis
388 3684 511 3746 quoque
534 3662 633 3746 impia
656 3664 848 3747 contagione
871 3661 1127 3727 commaculent?

321 3767 353 3829 4.
386 3763 433 3829 Ut
455 3769 561 3828 autem
583 3786 664 3848 quae
687 3765 753 3829 sint
775 3766 914 3849 partium
930 3786 1038 3829 earum
1053 3763 1161 3827 studia
1175 3765 1306 3848 possitis
1321 3779 1482 3851 agnoscere,

238 3868 345 3952 plures
367 3866 538 3948 Thracum,
562 3865 639 3930 lieet
660 3866 919 3951 persequentium
933 3866 1115 3930 incursibus
1130 3864 1322 3949 alterantur,
1344 3867 1377 3931 in
1391 3865 1477 3929 nam

239 3976 348 4039 tamen
381 3968 603 4033 communione
635 3969 829 4053 persistunt,
868 3968 1006 4033 seientes
1042 3967 1113 4032 fieri
1149 3967 1246 4033 fidem
1282 3990 1340 4054 per
1371 3966 1472 4032 adrem

307 4230 329 4295 ²)
346 4225 485 4281 Videlicet
505 4231 689 4294 Theopompum
706 4237 731 4279 et
747 4228 909 4279 Seuerianam
925 4229 1040 4287 comites,
1059 4238 1128 4290 quoe
1144 4222 1308 4278 Anastasius
1324 4239 1365 4292 ep.
1380 4213 1467 4274 adlloe·

240 4311 359 4365 misdarn
377 4328 402 4366 a.
422 4318 471 4367 516
489 4311 557 4365 data
575 4309 759 4365 commendat.
795 4308 875 4373 Quod
892 4324 958 4362 vcro
976 4307 1123 4375 subjicitur
1140 4321 1166 4362 ee
1183 4315 1282 4363 alienor
1293 4313 1325 4362 ab
1336 4302 1464 4361 ecam

240 4417 361 4466 corpore,
384 4397 426 4451 ita
446 4395 660 4465 intelligendum
678 4397 732 4461 eet,
755 4395 787 4447 ut
804 4393 849 4447 vel
866 4395 947 4448 extra
964 4392 1067 4447 clerum
1086 4390 1129 4446 vel
1153 4391 1238 4446 etiam
1260 4394 1340 4448 extra
1354 4381 1463 4444 1111111111

239 4484 385 4550 tamquam
401 4480 506 4551 pagani
530 4481 579 4534 aut
600 4478 746 4534 haerctiois
765 4477 869 4532 addicti
891 4476 1001 4532 luerint.
1037 4475 1127 4542 Quum
1145 4478 1240 4530 autem
1260 4476 1291 4530 hi
1307 4478 1342 4532 ab
1357 4471 1462 4529 Ande

241 4564 372 4619 destinati
391 4566 505 4633 luerint,
522 4565 634 4620 nomine
653 4565 834 4630 Graecorum,
852 4578 969 4632 quorum
991 4560 1036 4616 liic
1054 4562 1230 4631 erponmrtur
1246 4560 1367 4627 fraudes,
1380 4551 1461 4612 mni*

240 4650 263 4703 is
280 4651 434 4721 iirrpcrator
451 4653 573 4706 notatur.

309 4741 329 4812 ³)
349 4737 382 4790 G'
397 4740 423 4790 a*
443 4743 561 4790 claritate
582 4741 708 4804 scriperem
731 4735 780 4789 sed
802 4734 926 4789 litteram
943 4755 965 4787 m
983 4734 1012 4787 in
1034 4734 1087 4788 tine
1105 4733 1254 4788 verborum
1276 4731 1354 4787 facile
1369 4716 1460 4781 0111111111

242 4822 284 4873 vel
304 4820 388 4874 etiam
407 4821 543 4889 adjiciunt
561 4821 667 4887 antiqui
686 4820 799 4891 librarii.
837 4820 901 4873 Mox
920 4820 961 4875 ed.
982 4824 1150 4884 oliscim'laie,
1168 4818 1216 4872 uhi
1234 4817 1270 4872 (3¹
1288 4822 1404 4872 sociem.

310 4909 330 4975 ¹¹)
350 4905 460 4958 Diaboli
478 4905 620 4971 videlicet,
638 4904 684 4971 qiu
704 4905 737 4959 de
757 4907 833 4959 coelo
852 4905 975 4974 dejectus
993 4905 1043 4959 eat.
