3204 5506
261 328 326 396 478
656 301 659 314 ¹
734 345 921 396 summu
943 345 1057 394 saeua

159 506 245 556 Μθδ
262 500 319 566 καὶ
332 501 535 583 τυραννίδος
548 497 704 582 ἐφόδιον·
728 489 872 584 ᾦπρος-
924 501 1069 565 rannidis
1091 482 1340 586 adminiculumss

155 575 248 623 ‘⁴⁹⁶'
261 607 351 687 ηνώς
378 602 435 666 καί
461 598 673 685 ἀπατητικως
695 601 869 686 προςέβρι-
923 603 998 666 dum
1019 602 1181 688 fallaxque
1203 603 1354 668 numeni

262 714 328 784 δας
349 700 468 788 ὄνομα,
503 707 754 769 ΕΝΩΤΙΚΟΝ
773 704 873 769 καλέ·
923 703 1186 770 HENO'I'ICUM
1219 705 1354 791 appella]

263 823 333 883 σας.
380 809 452 872 Φεῦ
485 810 544 890 τῆς
576 805 761 890 φληνάφον
796 829 872 889 τερ
922 829 1065 892 nugaces
1088 809 1312 892 apostatarum
1325 829 1354 893 pi

261 913 382 994 θρείας
408 912 477 974 τάν
506 905 718 973 ἀποστατῶν·
755 907 872 990 παρά-
923 909 1124 992 Abjeoerunt
1167 909 1354 995 apostolom

263 1029 366 1077 σαντο
387 1015 457 1077 τῶν
478 1007 677 1076 ἀποστόλων
699 1007 760 1095 τὴν
775 1012 872 1074 διδα-
923 1033 1010 1094 nam,
1034 1015 1067 1076 et
1088 1003 1243 1076 laieorum
1261 1015 1354 1078 const

263 1115 337 1200 χὴν,
360 1115 416 1179 καί
432 1116 559 1178 λαίκῶν
574 1112 777 1197 διδάγμασιν
793 1113 871 1177 ένα-
923 1114 1065 1178 riantur:
1101 1113 1321 1200 legitimarum
1342 1136 1354 1180 ε

261 1216 463 1301 βράνονται·
487 1211 557 1280 τῶν
576 1212 752 1299 ένθέσμων
767 1215 870 1280 συνό-
923 1217 1121 1301 praescripta
1137 1216 1320 1301 repudiant,
1343 1239 1354 1282 ε

262 1320 333 1384 δων
348 1316 617 1401 ἀποστρέφονται
634 1313 693 1392 τὰς
708 1316 871 1399 ἐκθέσεις,
923 1317 1080 1382 danorum
1101 1317 1269 1384 hominum
1290 1319 1354 1404 epia

261 1421 319 1486 καὶ
345 1424 518 1506 κοσμικῶν
552 1419 789 1495 έπιστολιδίοις
814 1415 873 1494 τὰς
923 1442 997 1484 suas
1041 1423 1219 1506 reponunt;
1273 1443 1354 1487 sane

263 1523 402 1600 ἐλπίδας
416 1521 546 1587 ἑαυτῶν
566 1520 778 1600 ἀνατιθέασι’
803 1524 872 1585 τῶν
924 1522 1142 1587 confessomm
1173 1524 1354 1597 auotoritat

261 1623 368 1709 ἁγίων
390 1624 447 1689 καλ
466 1621 681 1709 ὁμολογητάν
696 1619 872 1687 ἀποθοῦν-
924 1627 1030 1708 etant,
1060 1628 1093 1690 et
1114 1625 1276 1710 chartam,
1299 1648 1354 1712 qui

260 1753 314 1794 ται
343 1725 406 1811 την
428 1727 631 1811 σεμνότητα,
662 1725 718 1790 καλ
744 1725 871 1808 χάρτην
923 1727 1097 1792 (lonensem
1124 1732 1274 1793 sanctam
1303 1750 1354 1814 sy1

262 1827 316 1896 ἐπ’
340 1832 508 1914 έκ[λυσιν]
538 1832 597 1914 τῆς
619 1829 657 1893 έν
678 1825 871 1911 Χαλκηδόνι
923 1829 1027 1912 struit,
1051 1830 1180 1914 publice
1197 1830 1345 1916 jactaut3

259 1930 357 2017 ἁγίας
378 1931 530 2000 συνόδου
551 1931 794 2014 έκφωνηθέντα
809 1952 870 1993 κα·
922 1931 1048 1995 δοόίοιω
1084 1932 1261 2017 extollunt,
1298 1936 1334 1998 et

120 2018 245 2142 ἳξέἲζῦ·
259 2033 556 2124 ταπ[ομπεάου]σι·
589 2036 651 2096 τοῦ
676 2028 782 2111 Ὀζίου
808 2029 871 2114 την
922 2034 1211 2099 sanctificationem
1252 2035 1354 2120 repell

64 2151 65 2154 ’
177 2129 183 2155 ’
224 2098 241 2156 Ἰ
259 2138 456 2224 θρασύτητα
478 2135 664 2216 δοξάζουσι,
693 2134 750 2198 καλ
772 2133 870 2215 ίερω-
922 2138 1025 2222 vos¹⁵)
1060 2138 1189 2223 quidem
1232 2141 1336 2204 estote

261 2242 368 2327 σόνης
399 2237 460 2305 τόν
493 2234 660 2321 ἁγιασμόν
687 2233 870 2302 ἀποτινάσ-
921 2238 1049 2324 leprosi,
1077 2240 1354 2327 oontumaliaequo

261 2360 387 2409 σονται.
421 2341 536 2425 Καίῐὸ)
560 2336 655 2423 ὑμεῖς
669 2339 743 2423 μὲν,
766 2329 870 2403 etoil-
921 2342 956 2405 in
978 2342 1069 2406 vultu
1096 2341 1265 2427 habetote,
1300 2344 1354 2430 sig

259 2470 328 2528 τοι,
364 2445 427 2521 ἕως
455 2433 520 2510 ἀδε
556 2445 654 2526 στῆτε
682 2443 871 2524 λεπράντες
921 2448 1095 2509 trementes
1117 2445 1207 2538 etin
1229 2448 1352 2511 terram

261 2550 318 2613 καλ
339 2551 401 2612 τοῦ
423 2547 704 2631 προπηλακισμοῦ
721 2539 784 2627 την
797 2539 868 2614 ἀτιτ
921 2550 1060 2630 mentes3
1102 2569 1169 2611 non
1201 2547 1289 2612 enim
1320 2569 1354 2614 re

259 2653 342 2735 μίαν
369 2647 425 2714 ἐπὶ
452 2645 637 2732 προσώπου
665 2645 784 2729 λάβετε
810 2663 866 2726 ση-
920 2649 1029 2713 fioium
1055 2648 1233 2732 obtulistis,
1265 2650 1354 2739 iguo]

260 2762 374 2837 μεῖον,
410 2751 588 2835 τρέμοντες
615 2750 672 2814 καί
694 2747 870 2825 στένοντες
921 2751 1053 2816 oerdotii
1076 2751 1304 2816 auctoritatem
1322 2756 1354 2817 et

261 2854 316 2921 ἐπὶ
331 2858 390 2938 τῆς
402 2857 478 2937 γῆς·
503 2850 545 2917 οὐ
560 2849 625 2936 γάρ
637 2848 751 2934 ὀρθῶς
762 2867 868 2935 προσ·
920 2855 1145 2918 temeritatem.
1203 2853 1343 2919 Etiamsi

238 2942 438 3043 ηνέγκατε,
470 2954 695 3040 ἀγνοήσαντες
724 2952 868 3038 ίερωσό-
920 2957 1024 3044 τοπῑῦ)
1047 2955 1214 3041 prooessit,
1245 2962 1354 3021 nont

259 3085 320 3146 νης
341 3056 528 3125 αόθεντίαν
555 3055 611 3122 καὶ
634 3059 762 3121 λαίκῶν
783 3078 868 3139 προ-
919 3080 1034 3143 scopus
1053 3062 1106 3152 pst
1127 3058 1305 3124 ordinatus.
1327 3058 1354 3124 P

258 3163 404 3229 πέτειαν.
441 3163 484 3226 Εί
495 3157 567 3244 ’γὰρ
588 3160 645 3224 καλ
659 3155 866 3242 βασιλεόςῑθ)
899 3161 1062 3246 ‘dignitas
1077 3182 1097 3224 a
1114 3160 1294 3226 sacerdotio
1310 3160 1354 3227 dii

258 3268 451 3350 προῆλθεν,
488 3260 562 3327 ἀλλ’
597 3257 661 3326 οὐκ
693 3257 868 3345 ἀρχιερεάς
919 3265 1044 3346 manot3
1088 3262 1303 3328 sacerdotium
1334 3285 1354 3328 v

259 3367 514 3450 ἐχειροτονήθη·
544 3365 698 3447 βασιλεία
720 3363 783 3446 μὲν
803 3360 867 3446 γὰρ
919 3386 995 3450 rege
1016 3364 1219 3449 honoratum,
1242 3387 1354 3452 purpm

258 3467 326 3534 ὑπὸ
350 3467 537 3552 ίερωσάνης
564 3465 867 3550 παιδαγωγουμένη
919 3468 1010 3551 fleat,
1045 3470 1208 3553 sceptrum
1235 3468 1354 3534 illustra

258 3570 407 3655 διαμένει
440 3570 479 3635 ἐν
509 3618 571 3651 ...,
608 3569 665 3633 καλ
699 3567 867 3652 ἱερωσύνη
918 3572 1019 3633 tatem
1034 3570 1232 3659 sauctifioat3
1248 3571 1354 3636 siuve*

257 3670 325 3737 ὑπὸ
347 3674 518 3756 βασιλείας
541 3670 752 3755 δοξαζομένη,
787 3692 865 3752 φαι-
919 3671 1069 3756 afficitur,
1092 3672 1307 3746 fundamenta
1328 3693 1354 3736 a

258 3771 447 3859 δράνειτην
462 3770 659 3857 ἁλουργίδα,
672 3770 866 3860 [μεγαλα]υ-

257 3887 312 3961 χεῖ
343 3874 384 3942 τά
421 3881 593 3961 σκῆπτρα,
644 3874 769 3958 ἁγιάζει
805 3870 866 3958 τὴν

257 3979 368 4059 ἀξίαν·
392 3977 592 4063 ὑβριζομένη
614 3978 651 4042 δὲ
668 3978 794 4062 ἐκριζοί
804 3983 865 4040 θε-

255 4082 364 4168 μέλια.
449 4103 462 4111 “
1288 4148 1294 4155 ,

340 4187 371 4250 ό.
399 4181 595 4268 Ἐφεόρεται
617 4181 654 4249 δὲ
677 4182 733 4247 καὶ
750 4181 866 4265 ἕτερον
981 4185 1012 4248 6.
1036 4183 1269 4269 Excogitatum
1287 4187 1354 4250 esti

257 4285 345 4365 εἶδος
367 4285 520 4371 ἀσεβείας
547 4283 615 4351 ὑπό
642 4290 712 4350 τῶν
742 4288 866 4369 τολμη-
918 4307 979 4370 que
1000 4286 1177 4371 impietatis
1205 4309 1309 4372 genua
1339 4309 1354 4353 a

324 4495 356 4562 ¹⁵)
374 4492 463 4548 Notat
480 4490 663 4547 Orientalium
686 4488 875 4557 debilitatem,
902 4490 949 4559 qui
968 4490 1220 4562 subscriptionibus
1241 4493 1298 4548 suis
1314 4492 1354 4550 lle

256 4578 348 4633 culum
366 4577 538 4648 adJeoerunt.

325 4666 355 4730 ¹⁸)
374 4663 539 4733 Saepissime
558 4661 633 4734 apud
655 4662 798 4733 pontifices
820 4678 854 4716 οο
875 4662 1042 4733 praeprimis
1064 4661 1140 4735 apud
1156 4663 1299 4720 Gelasium
1316 4665 1354 4723 de

255 4747 404 4802 saeerdotii
422 4750 451 4802 et
468 4727 578 4820 inperii
596 4747 724 4802 dootn'na
741 4745 875 4804 asseritur
893 4750 975 4814 (oouf.
995 4748 1087 4803 Gelas.
1107 4749 1187 4820 epist.
1203 4756 1214 4804 1
1234 4769 1262 4806 n.
1279 4758 1311 4808 10
1326 4767 1354 4807 m

256 4849 354 4888 revera
376 4834 514 4904 ejusmodi
537 4839 590 4902 eet,
613 4835 644 4887 ut
666 4849 700 4887 ea
721 4833 832 4887 sublata
853 4833 970 4888 tollatur
991 4835 1052 4889 totu
1074 4833 1173 4904 religio
1196 4837 1227 4892 ot
1244 4828 1354 4895 ethuioo

254 4917 412 4978 {educatur¹
