3204 5506
231 342 293 407 190
689 358 717 406 s.
736 355 903 406 sinenrcn
926 355 1040 403 exesa

121 526 214 576 anea
229 534 374 577 sermone
397 512 576 576 necessario
598 512 747 595 retulisti,
771 510 903 596 utquid
927 511 975 575 vel
998 509 1278 595 Constantinopoli
1299 508 1353 574 vel
1376 510 1417 574 in
1439 509 1514 575 aliis

229 616 413 701 regionibus
429 614 469 678 ab
485 615 654 678 haereticis
677 618 815 699 gestum,
838 613 1046 696 disceremus3
1069 634 1107 677 ac
1127 612 1266 697 singula,
1290 633 1378 698 quaa
1395 615 1513 677 centn

229 718 461 782 ecclesiasticas
488 717 616 801 regulas
645 720 677 780 et
706 719 818 781 contra
845 717 948 802 ipsam
975 714 1165 780 catholicam
1191 713 1288 780 fidem
1321 715 1514 801 ubicunque

229 821 397 884 commissa
425 824 515 901 sunt,
552 824 627 882 ante
660 822 785 882 nostros
814 817 921 882 oculos
950 818 1128 882 collocasti:
1156 820 1317 902 qnatenus
1344 816 1512 900 videatm,

229 943 290 1006 quo
312 923 409 985 etiam
431 922 570 986 remedio
593 922 815 985 subveniretur
837 920 990 1001 ecclesiis,
1020 920 1133 1004 quibus
1164 921 1229 984 vim
1251 920 1312 984 sub
1334 920 1514 985 occasione

228 1024 417 1107 tyrannicae
444 1024 672 1088 dominationis
701 1025 733 1086 et
759 1044 817 1105 per
844 1022 1023 1085 absentiam
1053 1021 1322 1086 Christianissimi
1345 1021 1514 1107 principis

228 1127 425 1210 penniciosus
447 1127 531 1190 latro
554 1130 586 1190 et
607 1125 765 1211 recidivus
779 1124 909 1188 invasor
924 1122 1163 1188 Alexandrinae
1178 1123 1336 1188 ecclesiae
1359 1123 1478 1208 lapsus
1487 1124 1513 1209 ¹)

230 1229 350 1291 exsiliis
372 1229 538 1313 irrogavit.

313 1331 343 1393 2.
389 1329 483 1394 Unde
509 1332 639 1395 unicum
667 1334 741 1414 post
768 1329 884 1407 Deum,
924 1329 978 1414 qni
1001 1328 1179 1393 Ecclesiam
1206 1330 1240 1392 et
1267 1328 1513 1413 rempublicam

230 1432 447 1496 consolatione
469 1432 609 1496 mirabili
632 1433 784 1514 visitavit,
819 1431 942 1495 etiamsi
966 1431 1026 1495 hoe
1048 1431 1116 1495 fieri
1138 1431 1270 1495 minime
1293 1431 1511 1515 postulasse,

230 1534 469 1598 clementissimi
497 1534 700 1618 imperatoris
734 1534 887 1598 auxilium
915 1533 1062 1596 duximus
1093 1533 1347 1617 implorandum:
1386 1538 1426 1598 ut
1451 1554 1514 1619 pro

229 1637 387 1718 omnibus,
410 1657 491 1719 quac
513 1657 614 1720 regno
637 1637 705 1720 ejus
728 1637 883 1700 Dominus
905 1636 1033 1718 tribuit,
1063 1657 1104 1699 ne
1126 1635 1258 1699 ulterius
1280 1634 1317 1700 in
1339 1636 1424 1701 orbe
1446 1640 1511 1701 ter-

229 1761 346 1821 rarum,
370 1760 449 1822 quas
471 1738 614 1801 subditas
637 1760 694 1802 suo
717 1739 882 1823 cognoscit
904 1738 1048 1821 imperio,
1072 1737 1226 1801 ecclesiae
1244 1737 1304 1800 Dei
1328 1737 1376 1802 ab
1398 1737 1512 1803 haere·

229 1841 364 1904 ticorum
393 1841 585 1924 contagione
615 1846 647 1904 et
674 1841 833 1924 pravitate
855 1839 1025 1922 violentur,
1055 1840 1111 1904 sed
1135 1840 1302 1904 doctrinae
1323 1839 1510 1906 diabolicae

228 1942 454 2026 praeceptione
476 1943 606 2026 pietatis
629 1943 728 2026 ipsius
750 1945 954 2026 praestentur
975 1943 1147 2025 immunes3
1170 1945 1206 2005 ut
1219 1942 1253 2025 ii,
1278 1941 1334 2027 qui
1358 1943 1424 2007 sibi
1441 1964 1508 2008 cre·

228 2044 368 2110 diderint
400 2044 597 2108 sacerdotale
630 2045 844 2109 ministerium
881 2044 1025 2107 damnati
1060 2044 1199 2108 hominis
1236 2046 1508 2130 praesumptione

229 2147 378 2229 conferri,
401 2147 605 2230 promulgata
627 2146 785 2230 imperiali
809 2145 1038 2210 constitutione
1060 2147 1157 2210 etiam
1181 2170 1199 2210 a
1222 2151 1390 2211 conventu
1405 2148 1507 2212 honri·

228 2270 305 2311 num
327 2248 519 2333 segregandi
539 2249 714 2329 jubeantur
736 2248 876 2312 excludi:
911 2251 1067 2333 qnatenus
1096 2247 1146 2311 his
1168 2248 1325 2311 submotis
1349 2252 1452 2334 atqm
1472 2250 1507 2315 in

140 2335 146 2343 ⁴
228 2350 410 2413 solitudinis
432 2353 587 2433 perpetua
609 2350 806 2434 relegatione
821 2349 992 2433 damnatis,
1017 2350 1178 2414 antistites
1194 2348 1348 2414 catholici
1360 2350 1508 2437 deceptis

227 2452 278 2515 vel
307 2451 481 2515 reddantur
509 2452 650 2516 ecclesiis
678 2453 725 2517 vel
752 2454 942 2539 creentur2).
990 2452 1028 2515 ln
1055 2474 1117 2536 quo
1144 2473 1205 2516 nec
1231 2455 1366 2519 nostrae
1394 2474 1508 2539 prem

228 2554 313 2637 apud
335 2554 609 2638 religiosissimum
635 2554 814 2638 principem
847 2576 907 2618 nec
934 2554 1115 2619 dilectionis
1137 2559 1211 2618 tuae
1236 2555 1421 2640 suggestio,
1451 2558 1509 2622 ant

228 2658 392 2719 tantorum
414 2655 550 2718 fratrum
572 2659 762 2738 nostrorum,
787 2679 865 2741 quos
887 2656 1053 2720 advenisse
1074 2655 1394 2741 Constantinopolim
1415 2680 1508 2743 repe-

228 2758 337 2838 rimus,
367 2756 548 2839 imploratio
576 2758 776 2822 sacerdotum
805 2763 861 2822 aut
887 2757 1078 2842 snpplicatio
1100 2759 1333 2825 monachorum
1355 2759 1508 2827 laborare

228 2860 356 2942 poterit.
394 2858 477 2933 Quin
500 2859 651 2945 quidquid
675 2861 712 2924 ad
737 2861 957 2945 integritatem
986 2859 1162 2925 catholicae
1185 2860 1258 2925 fidei
1281 2862 1442 2948 pertinet,
1472 2864 1507 2929 in

227 2983 289 3045 qua
312 2960 517 3025 ecclesiarum
540 2965 589 3025 est
611 2963 786 3026 constituta
809 2963 974 3046 securitas,
1000 2985 1147 3048 regressu
1169 2962 1301 3047 pietatis
1323 2985 1418 3051 suae,
1443 2965 1507 3033 Do

226 3065 314 3127 mino
336 3086 369 3127 se
392 3065 508 3149 ubique
530 3068 752 3149 prosequente,
776 3066 917 3128 omnium
939 3065 1149 3149 praeveniens
1171 3067 1245 3130 vota
1267 3067 1428 3134 restituit.
1462 3066 1509 3135 Bt

227 3166 310 3250 apud
333 3170 473 3230 mentem
489 3166 794 3231 Christianissimam
816 3152 921 3231 sicilie
944 3172 993 3232 est
1013 3167 1208 3252 impetrandi
1230 3167 1353 3253 gratia,
1377 3170 1437 3236 ubi
1458 3192 1507 3236 re-

226 3269 356 3352 ligionis
379 3272 428 3332 cst
451 3290 555 3332 causa.

309 3372 340 3435 3.
379 3370 468 3435 Sicut
496 3392 573 3454 ergo
601 3371 717 3435 litteris
745 3372 863 3436 nostris
892 3373 938 3435 ita
965 3376 1039 3436 tuae
1067 3371 1247 3436 dilectionis
1275 3373 1327 3437 vel
1357 3376 1507 3443 omnium

225 3472 405 3558 fratrumss),
436 3472 490 3555 qni
518 3495 551 3536 se
579 3473 618 3536 ad
641 3473 832 3538 documenta
854 3474 927 3538 fidei
949 3497 1024 3538 suae
1047 3464 1315 3539 christianissimi
1342 3478 1526 3565 principia·

224 3577 469 3657 praesentavere
492 3577 686 3659 conspectui,
710 3577 917 3661 suggestione
939 3576 1146 3661 repetendum
1169 3580 1228 3660 est,
1251 3580 1290 3642 ut
1310 3576 1506 3646 Timothem

227 3731 430 3738 -———---—
454 3732 528 3738 .-—.-

294 3815 313 3880 ¹)
331 3829 379 3866 seu
398 3820 507 3881 eleana.
537 3813 643 3868 Eodem
656 3829 736 3867 sensu
749 3813 819 3867 dixit
836 3813 965 3881 Aeacius,
984 3818 1016 3868 ut
1032 3814 1117 3868 visuri
1129 3830 1224 3868 snmus
1236 3813 1266 3868 in
1278 3815 1388 3873 notitia
1400 3819 1507 3890 epieto·

224 3897 313 3952 larmn
331 3914 386 3951 non
405 3899 572 3952 exstantium
590 3917 615 3953 n.
636 3906 663 3965 6,
683 3899 795 3952 Petrum
808 3899 952 3953 Fullonem
970 3917 988 3954 a
1005 3899 1097 3954 Leone
1115 3899 1240 3969 principe
1252 3899 1353 3956 anim
1371 3903 1506 3974 deporta·

224 3986 282 4037 tum
301 3989 409 4054 indeque
421 3991 517 4053 lapsam
531 3972 772 4053 Constantinopolim
790 3990 905 4039 rediisse.
936 3985 988 4038 Hie
1000 4001 1065 4038 vero
1079 3984 1201 4039 oratorie
1216 3984 1321 4039 dicitur
1333 3986 1507 4045 Timotham

223 4068 341 4122 Aelnrus
359 4076 458 4124 casilia
474 4070 580 4139 lapsns;
599 4086 689 4136 neque
708 4069 781 4123 eninr
800 4087 861 4122 cnm
875 4069 999 4123 Cedreno
1018 4070 1206 4138 sentiendum,
1225 4057 1406 4127 haereticum
1425 4072 1505 4129 illan

223 4154 343 4222 primum
361 4153 389 4223 iq
407 4154 628 4224 Paphlagoniam
646 4153 746 4207 cleinde
765 4154 859 4208 Oasim
877 4155 1033 4224 relegatum
1051 4155 1142 4209 finisse.

291 4243 312 4307 ²)
331 4241 472 4294 Zenonem
492 4241 534 4293 his
552 4239 686 4309 Simplicii
708 4238 820 4293 monitis
842 4239 968 4308 paruisse
987 4242 1016 4293 et
1033 4257 1079 4307 ca,
1103 4241 1203 4308 quibus
1221 4239 1284 4310 pius
1301 4243 1439 4311 pontifex
1455 4242 1507 4301 Ec·

223 4325 325 4381 clasiae
348 4326 504 4380 consultum
521 4324 621 4390 volarit,
643 4324 827 4394 praestitisse,
850 4324 933 4377 fidem
952 4325 1036 4378 faciet
1054 4325 1218 4379 successoris
1241 4325 1303 4394 ejus
1321 4326 1430 4383 Felicis
1448 4328 1506 4401 epi·

223 4412 295 4466 stola
314 4419 336 4466 l.

291 4500 312 4564 ³)
335 4495 536 4567 Episcopornm
558 4495 700 4562 videlicet,
723 4494 770 4563 qni
794 4495 979 4562 undequaque
1003 4495 1032 4547 in
1054 4496 1161 4564 regiam
1183 4496 1284 4550 urbem
1307 4496 1504 4567 annuebam

223 4584 283 4635 tum
302 4584 332 4634 nt
349 4582 478 4635 reducem
497 4581 695 4651 imperatorem
713 4581 880 4645 saltitarent,
897 4586 957 4633 tum
976 4582 1008 4633 nt
1025 4597 1104 4633 sumn
1117 4580 1142 4633 ei
1160 4579 1243 4634 fidem
1261 4581 1345 4636 novis
1357 4584 1506 4655 obsequi!

223 4667 445 4720 contestarentur
463 4669 510 4733 (nd
527 4673 674 4721 decrementa
689 4672 753 4734 fidei
768 4670 850 4732 siene).
881 4665 924 4718 Ne
942 4683 1007 4719 vero
1024 4667 1069 4718 tot
1086 4664 1211 4736 episcopi
1228 4664 1313 4720 simul
1331 4666 1507 4740 congrqati

223 4749 397 4805 occasionem
414 4751 563 4805 haereticis
576 4750 812 4821 opportunamad
831 4766 903 4804 nora
914 4751 1055 4804 molienda
1073 4751 1242 4820 praeberent
1255 4753 1285 4804 et
1295 4750 1336 4806 ad
1346 4751 1506 4824 impetun·

223 4834 290 4889 dum
302 4836 377 4905 qnod
388 4836 524 4906 petebant
535 4836 692 4901 concilium,
704 4837 826 4904 prudens
838 4832 934 4889 monet
945 4837 1076 4890 Acacium
1089 4835 1246 4906 Simplicius
1258 4836 1324 4904 (sub
1336 4838 1384 4893 lin.
1397 4840 1504 4910 epist),

223 4922 346 4988 studeat,
365 4939 400 4974 nc
419 4921 542 4990 episcopi
560 4922 598 4974 illi
617 4920 664 4974 din
682 4922 709 4973 in
729 4922 797 4974 rrrlne
816 4922 895 4990 regia
912 4922 1014 4975 morari
1032 4921 1165 4976 sinantur.
1197 4920 1339 4987 Quocirca
1355 4922 1505 4995 Pugio»
1542 4950 1545 4957 ·
