3204 5506
265 337 325 401 152
745 353 773 400 s.
790 350 912 398 ninam
934 353 1048 400 eneis

154 517 248 567 oues
261 507 361 570 terius
389 511 600 591 prorupturus
628 507 778 590 injuriam
807 508 1018 572 transcendat
1044 506 1198 572 termines
1221 531 1240 572 a
1263 507 1466 573 venerandis
1488 532 1545 595 pa·

262 609 365 673 tribus
389 609 589 673 constitutos.

346 712 386 775 2„
414 711 507 776 Unde
536 712 643 775 emnia
670 735 751 796 quae
779 735 798 775 a
826 712 914 776 vobis
945 716 1021 776 sunt
1054 734 1111 797 per
1132 712 1249 777 fratres
1271 717 1305 778 et
1328 713 1545 800 coepiscopos

262 817 387 879 nostres
415 814 568 878 Farrstum
597 818 629 878 et
656 814 839 880 Auxanium
869 814 1001 879 definita
1031 815 1233 899 roborantes,
1263 816 1543 902 congregationes
1591 844 1594 852 ·

262 939 386 980 annuas
409 916 579 981 ordinante
601 917 701 981 fratre
725 920 756 981 et
780 918 966 1002 coepiscopo
987 921 1097 982 nestro
1112 916 1257 1000 Leontio,
1280 917 1462 983 admonitis
1477 941 1542 985 me·

262 1020 476 1104 tropolitanis,
498 1020 581 1103 qnod
604 1042 698 1104 saepe
722 1020 890 1084 dicendum
912 1024 971 1102 est,
997 1020 1036 1084 iis
1058 1019 1135 1084 locis
1159 1019 1319 1084 celebrare
1340 1020 1540 1109 dignemini,

262 1122 302 1185 ad
330 1143 410 1205 quae
438 1122 647 1185 conveniendi
676 1123 764 1185 nulla
792 1121 835 1185 sit
863 1122 1043 1206 cuiquam-l)
1072 1122 1317 1186 commeantium
1345 1122 1540 1191 difficultas.

262 1223 319 1288 Cui
342 1224 529 1308 diligentiae
552 1223 649 1287 etiam
672 1225 811 1308 provisio
833 1223 1014 1288 adhibenda
1037 1229 1094 1308 est,
1122 1226 1407 1309 utepportunitas
1429 1249 1541 1312 quem-

263 1326 431 1389 admodum
459 1326 599 1390 lecerum
633 1326 679 1389 ita
703 1327 918 1390 constituatur
939 1331 972 1391 et
993 1331 1188 1410 temporum:
1214 1330 1249 1390 ut
1271 1327 1540 1413 inexcusabilior,

262 1428 404 1512 quisquis
427 1431 494 1492 tam
516 1429 729 1492 necessarium
753 1433 785 1492 et
811 1430 937 1492 salubre
966 1430 1174 1494 constitutum
1197 1432 1342 1493 nostrum
1364 1431 1541 1516 negligen-

262 1530 337 1594 dum
359 1533 498 1614 putaret,
526 1534 690 1614 appareat,
719 1531 836 1596 fratres
860 1532 1025 1597 carissimi.
1063 1532 1153 1596 lllius
1182 1535 1289 1596 autem
1317 1532 1541 1600 confirmatio

262 1653 353 1715 nem,
382 1655 476 1716 quem
499 1633 693 1698 Viennensis
716 1635 882 1718 episcopus
911 1636 1085 1720 alicnum⁴)
1109 1639 1141 1698 et
1163 1634 1203 1698 ad
1226 1656 1259 1697 se
1281 1633 1418 1699 minime
1439 1635 1540 1720 perti-

263 1739 393 1798 nentem
423 1736 565 1819 graviter
578 1736 741 1800 ‘ordinare
768 1738 992 1821 praesumpsit,
1021 1738 1131 1802 fratris
1160 1740 1193 1800 et
1221 1735 1404 1821 coepiscopi
1435 1737 1541 1803 nostri

264 1837 388 1900 Leontii
412 1838 596 1921 reliquimus
619 1839 788 1921 voluntati,
818 1862 911 1923 quem
941 1839 1127 1904 confidimns
1149 1861 1215 1903 non
1237 1841 1366 1922 praeter
1389 1838 1540 1904 humani-

262 1941 363 2002 tatem
372 1940 398 2023 ⁵)
420 1961 557 2022 pensare
579 1963 660 2024 quae
679 1941 768 2024 justa
790 1945 875 2006 sunt.
916 1941 1001 2006 Deus
1017 1965 1070 2006 ros
1086 1941 1260 2005 incolumes
1276 1938 1452 2021 custodiat,
1476 1944 1541 2007 iro-

263 2044 328 2105 tres
351 2041 522 2108 carissimi!

765 2247 947 2349 Epistola
974 2248 1025 2329 12.

127 2386 254 2517 (affi-
277 2399 398 2465 Hilari
423 2417 532 2482 parrae
555 2399 598 2465 ad
622 2399 832 2481 Leeritium,
856 2399 1033 2465 Varenum
1057 2401 1094 2464 et
1112 2399 1302 2464 victurum
1326 2400 1527 2485 episcopos.

300 2539 407 2601 Inpeout
423 2546 449 2587 ei
469 2539 585 2588 Armenii
601 2541 799 2589 controversiam
817 2541 866 2588 illis
883 2541 992 2603 delegat,
1010 2541 1109 2603 utilique
1127 2542 1225 2588 irritum
1243 2554 1299 2589 erre
1316 2541 1388 2605 qaod
1404 2540 1457 2591 siti
1473 2540 1508 2591 ot
1549 2548 1594 2617 pt

217 2645 224 2661 ν
299 2624 422 2673 Armenio
439 2624 594 2687 subreptum.
626 2625 730 2679 Statuit,
750 2632 775 2672 ul
790 2624 939 2674 erraclensis
957 2625 1046 2674 ciuitas
1064 2631 1088 2673 et
1103 2624 1211 2675 Niccnse
1229 2626 1358 2674 coeterum
1376 2626 1416 2676 ad
1431 2629 1510 2677 κείω

681 2711 797 2773 episcopi
813 2712 923 2775 repimen
941 2715 1112 2759 reuertuntur.

416 2807 709 2906 Dilectissimis
732 2842 931 2906 fratribus
954 2842 1176 2926 Leontiell,
1212 2841 1372 2907 Verane
1403 2846 1444 2909 et
1474 2843 1542 2909 Vi-

508 2947 619 3008 cture
642 2946 845 3029 episeopis
867 2944 1032 3008 Hilarus
1054 2967 1186 3039 papa,

353 3065 378 3126 l.
417 3063 581 3128 Movemur
603 3066 728 3128 ratione
747 3065 904 3149 justitiae,
929 3086 1009 3149 quae
1032 3064 1109 3127 licet
1130 3048 1177 3127 ab¹
1193 3062 1351 3146 onmibus,
1376 3064 1433 3148 qui
1449 3069 1544 3131 recta

263 3165 410 3249 sapimri,
446 3166 561 3231 debeat
589 3167 755 3249 custodiri,
794 3167 936 3251 tamem)
964 3165 1134 3250 praecipue
1157 3165 1288 3229 Domini
1315 3165 1543 3233 sacerdotibus

263 3292 328 3333 nen
352 3273 400 3332 est
422 3273 541 3332 temere
567 3269 779 3354 negligenda,
809 3291 943 3353 quorum
973 3272 1094 3332 ceteros
1123 3267 1290 3331 informari
1313 3268 1472 3333 convenit
1494 3268 1541 3335 iu·

263 3371 394 3434 stitutis
440 3370 552 3433 Frater
574 3371 674 3454 igitur
696 3375 729 3434 et
751 3371 955 3454 coepiscopus
978 3375 1086 3449 noster
1102 3370 1267 3454 ingenuus
1281 3369 1542 3456 Ebredunensis,

264 3471 395 3555 Alpium
417 3471 650 3535 maritimarum
673 3472 855 3555 provinciae
877 3472 1150 3557 metropolitani³)
1172 3488 1297 3556 semper
1319 3470 1444 3536 honere
1468 3473 1543 3538 sub

268 3638 545 3645 -..--——-—..
557 3639 569 3643 -

331 3726 351 3792 ³)
370 3726 404 3779 L'
421 3737 595 3779 commeatuum
614 3725 714 3780 emisso
733 3733 856 3796 euiqrurm.

331 3812 352 3878 ⁴)
370 3810 404 3863 [ι’
422 3817 504 3865 aliene
528 3821 552 3864 ei
575 3817 654 3865 adse
672 3817 768 3865 nrinime
789 3817 935 3879 pertinente
953 3811 1093 3865 mendose.
1140 3810 1202 3864 Non
1225 3809 1314 3863 selum
1337 3809 1475 3879 eeclesia,
1498 3813 1545 3868 eui

264 3895 425 3965 episcopum
444 3895 572 3950 ordinare
590 3913 646 3950 non
665 3896 812 3962 dubitavit,
831 3896 879 3950 scd
898 3914 948 3950 nee
966 3895 1033 3965 ipse,
1052 3912 1134 3964 quem
1153 3893 1300 3959 ordinarit,
1318 3895 1355 3949 ad
1368 3895 1544 3953 Mamertum

263 3979 432 4050 pertinebat,
451 3980 576 4050 adeoque
595 3981 666 4035 bunc
686 4000 701 4035 c
719 3982 818 4035 Dcensi
837 3981 910 4034 clero
929 3982 1083 4033 assumtum
1101 3998 1160 4035 esse
1179 3979 1324 4050 probabile
1342 3981 1394 4036 est.

331 4068 352 4133 5)
370 4065 408 4119 L²
426 4065 462 4119 ad
480 4084 567 4135 marg.
588 4067 704 4136 antiqua
721 4084 838 4121 manue
861 4064 975 4134 regione
999 4066 1080 4133 hujus
1103 4064 1178 4119 vocis
1199 4066 1329 4119 annotat:
1359 4069 1544 4122 humanitatem

262 4158 415 4219 praeualere
433 4157 510 4220 cupii,
531 4158 574 4221 qui
590 4158 627 4205 sic
639 4155 722 4218 jactet.

334 4239 352 4303 ¹)
371 4237 414 4290 ltu
432 4238 457 4290 c⁵
471 4239 504 4290 c'¹
526 4253 588 4289 cnm
606 4252 685 4300 mss.;
708 4238 734 4289 a'
759 4241 862 4290 Verane
880 4240 996 4290 Leontio.
1032 4235 1111 4290 Hunc
1128 4233 1275 4290 Leontium
1292 4250 1360 4289 vere
1378 4251 1437 4289 nen
1456 4236 1545 4291 Fere·

259 4310 421 4388 juliensem,
445 4324 475 4374 ut
498 4320 557 4374 vult
574 4321 708 4374 Batonius
731 4320 767 4374 ad
786 4337 810 4374 a.
823 4325 886 4385 465,
913 4320 962 4374 sed
980 4319 1170 4375 arelatensem
1193 4319 1355 4390 episcopum
1379 4319 1545 4389 opinamur,

264 4407 421 4475 metatque
438 4405 537 4460 Leonis
556 4405 592 4459 ad
610 4405 787 4459 Theodorum
805 4404 913 4459 Leontii
931 4405 1125 4473 Forojulicnsis
1144 4419 1330 4459 successorem
1348 4404 1475 4474 epistola
1493 4411 1544 4464 108

264 4508 337 4564 anno
355 4498 402 4545 451
423 4491 594 4559 consignata.
615 4520 645 4529 -
664 4491 729 4544 Mox
749 4495 774 4543 Γ
794 4494 907 4545 Victoria
926 4508 959 4545 ac
976 4490 1092 4546 subinde
1110 4509 1243 4545 monemur.

332 4578 353 4641 ²)
373 4578 400 4628 u¹
415 4579 432 4646 β
447 4578 507 4629 Fc⁵
526 4587 574 4628 tum
588 4581 737 4644 praecipue,
834 4643 837 4647 .
1257 4631 1270 4654 s

334 4662 353 4725 ³)
372 4660 416 4713 lta
432 4661 456 4713 A
471 4660 516 4712 1Κ3
529 4665 554 4713 Γ
562 4662 599 4725 ⁰⁵3
618 4663 643 4714 a¹
658 4667 872 4728 metropolitanas,
892 4663 908 4732 β
922 4655 1190 4730 ιὶίεινι)ροὶι’1αηενῖεειη
1202 4681 1250 4728 per
1262 4664 1383 4714 tenorem
1396 4664 1543 4733 eomrpte.

265 4743 426 4798 Paschasius
450 4744 612 4809 Quesnellus
634 4744 783 4798 dissert.V
810 4745 838 4798 in
861 4745 943 4798 Leon.
968 4747 1072 4814 parti
1097 4751 1186 4815 capt
1214 4744 1332 4798 multum
1360 4744 1480 4801 laborat
1507 4747 1546 4803 de

265 4829 347 4898 hujus
364 4829 418 4882 leci
435 4829 674 4899 interpretatione,
693 4829 739 4882 nbi
758 4829 904 4899 episcopus
916 4828 1122 4884 Ebreduuensis
1139 4831 1200 4901 ejus
1212 4829 1373 4899 provincias
1392 4838 1545 4902 atropoli

266 4921 321 4967 {terri
336 4936 436 4983 semper
453 4919 577 4968 subnixus
595 4919 689 4970 tonos-c
712 4915 741 4967 et
763 4915 797 4968 de
822 4915 881 4983 ejus
904 4921 995 4969 ulredum
1018 4920 1049 4969 ab
1068 4922 1210 4983 apostolico
1232 4920 1294 4969 sede
1312 4921 1405 4971 illicita
1421 4925 1545 4977 ceuton
