3204 5506
322 365 468 416 1011111
490 367 599 418 amsa.
623 366 695 416 uon
717 366 887 417 11111111.
911 368 944 415 u.
961 366 1120 415 11-vm.
1292 347 1355 415 995

85 537 154 585 1000
170 532 304 600 episcopo
321 533 541 586 communionem
558 536 679 598 tenente,
695 531 888 602 quadraginta
895 529 1011 601 lltprici
1017 529 1215 600 Graeciaeque
1228 530 1357 599 episcopi

85 633 145 669 una
162 617 362 670 conuenientes
378 615 482 670 tabulis
497 618 580 670 etiam
596 615 715 670 testibus
728 613 861 686 professi
881 619 960 681 snrtt,
985 614 1021 669 ab
1043 629 1075 669 00
1096 615 1172 669 uelut
1192 631 1210 668 a
1230 616 1354 684 proprio

85 701 265 770 metropolita
281 715 312 754 sc
327 701 482 767 discedere,
506 703 654 771 missisque
669 699 787 755 Romam
812 699 918 754 tabuiis
933 698 1057 754 Romani
1067 700 1215 770 pontilicis
1231 714 1353 754 commn-

85 788 197 839 nionem
211 785 367 840 obseruare
380 786 502 855 polliciti
515 791 592 840 sunt.
630 782 707 851 Quod
723 784 803 839 etiam
823 783 908 857 magis
924 781 1082 839 Hormisdae
1103 782 1216 856 epistola
1232 781 1271 837 22
1294 780 1354 837 n.4

85 866 260 924 confirmatur
275 866 359 939 (coni.
375 868 444 924 intra
459 886 486 924 n.
503 867 556 941 Xl).

703 995 743 1061 V.

85 1101 114 1164 a.
132 1105 297 1166 5151110,
350 1106 521 1163 Theoderici
538 1106 691 1162 Gothorum
718 1109 796 1179 repis
821 1107 861 1162 ad
879 1107 1063 1163 Hormisdam
1087 1075 1142 1178 pro
1163 1107 1305 1163 mittendis
1324 1108 1354 1162 in

240 1191 393 1247 Graeciam
409 1194 511 1266 tepetis
525 1195 705 1252 intercessio.

171 1292 322 1349 Secundum
338 1291 434 1347 librum
450 1291 630 1366 pontificalem
646 1292 787 1348 hormisda
808 1293 971 1367 legationem
993 1294 1021 1348 in
1037 1291 1173 1349 Graeciam
1196 1293 1269 1348 misit
1290 1310 1354 1350 cnm

86 1381 204 1434 consitio
220 1381 296 1450 repis
314 1378 490 1434 Theoderici.
530 1377 658 1434 Similiter
672 1378 849 1451 Theophanes
870 1378 1016 1453 chronogr.
1034 1394 1095 1452 pag.
1115 1377 1174 1435 138
1197 1377 1352 1448 (0118011.

85 1482 112 1538 p.
127 1461 199 1535 248)
215 1463 289 1517 illum
305 1462 410 1536 legatos
426 1460 576 1518 Ennodium
592 1470 618 1518 et
633 1463 722 1518 socios
738 1463 843 1519 misisse
860 1464 895 1518 ait
911 1466 1093 1520 sollicitatum
1108 1482 1126 1517 a
1145 1463 1169 1518 Τ
1167 1464 1351 1532 nendericho,

85 1553 137 1621 qui
155 1548 297 1604 t'itationo
310 1547 439 1618 fauebat.
477 1546 550 1604 Unde
566 1548 637 1603 hune
653 1564 745 1619 regem
760 1546 899 1602 Ravennae
915 1546 1078 1603 habitantem
1093 1549 1202 1621 propria
1218 1547 1354 1622 legatione

86 1635 165 1688 missa
181 1632 250 1705 apud
266 1630 419 1706 pontificem
435 1631 572 1705 postulata
588 1632 708 1688 Vitaliani
729 1630 863 1702 adjuvisse
883 1631 1018 1703 conjicere
1038 1640 1089 1688 est.
1126 1631 1207 1688 lmmo
1224 1639 1251 1687 et
1266 1633 1353 1705 ipsum

85 1717 117 1772 ad
134 1712 266 1790 synodum
283 1716 485 1772 Heracleensem
501 1717 620 1790 legatum
637 1717 778 1791 hgapitum
795 1717 938 1781 direxisse,
960 1733 991 1773 ex
1013 1716 1071 1789 ejus
1087 1716 1200 1792 epistola
1221 1715 1274 1791 (ap.
1292 1716 1353 1771 Cas·

85 1801 187 1857 siodor.
205 1802 303 1857 Variar.
321 1801 342 1856 ll
357 1819 400 1875 ep.
416 1800 445 1873 6)
460 1803 649 1876 comperimus.

691 1928 747 1994 VI.

85 2058 113 2095 a.
127 2039 188 2097 515
209 2043 287 2096 initio
301 2039 380 2095 Jutii.
424 2039 597 2095 Hormisdoe
612 2013 739 2112 synodus
753 2039 885 2095 Romana
904 2019 960 2111 pro
981 2042 1171 2098 instructione
1191 2043 1352 2114 legatorum

240 2125 512 2196 Constantinopolim
528 2127 735 2180 mittendorum.

172 2226 207 2282 lie
222 2224 479 2300 legatioueEnnodii
495 2235 521 2282 et
536 2227 673 2282 sociorum
689 2227 717 2282 in
732 2221 947 2282 vitall‘ormisdae
962 2225 1030 2282 liber
1041 2224 1201 2299 pontificalis
1217 2227 1254 2283 ita
1268 2226 1352 2283 refert

85 2312 185 2386 (hligne
207 2320 275 2385 patr.
298 2311 344 2367 lat.
361 2310 481 2365 cxxvttt
501 2313 554 2367 eol.
570 2311 631 2368 413
644 2309 711 2384 sq.):
739 2313 845 2366 Eodem
866 2317 993 2383 tempore
1019 2328 1058 2368 eac
1079 2315 1230 2369 constituto
1251 2314 1355 2383 synodi

86 2401 161 2453 misit
176 2400 203 2451 in
221 2397 387 2465 Graeciam,
405 2398 609 2453 humanitatem
625 2398 776 2453 osteudens
791 2399 1067 2468 sedisapostolicae.
1093 2397 1148 2453 h'ec
1163 2395 1352 2471 ambigendum

85 2490 136 2544 est,
159 2482 223 2555 quin
238 2480 369 2554 pontifex,
391 2498 473 2555 quum
488 2482 624 2554 inopinata
639 2498 701 2554 spes
717 2481 867 2537 schismatis
882 2483 1022 2538 inveterati
1037 2481 1226 2556 exstinguendi
1247 2483 1352 2537 arrisis-

85 2575 142 2628 set,
164 2567 253 2621 statim
274 2582 377 2621 morem
399 2566 572 2622 decessorum
588 2582 700 2621 suorum
722 2574 830 2622 secutus
850 2566 899 2628 sit,
925 2575 955 2621 ut
980 2583 1031 2641 pro
1052 2566 1237 2641 componenda
1257 2583 1287 2622 re
1306 2567 1352 2622 illa

84 2651 241 2725 gravissima
260 2649 395 2724 synodum
409 2649 518 2706 11010111
545 2659 714 2706 convocaret.
753 2650 789 2706 En
810 2650 914 2707 collatis
937 2652 989 2707 hoc
1009 2651 1089 2708 modo
1110 2651 1229 2708 consiliis
1250 2651 1351 2726 legatio

85 2735 130 2791 illa
152 2737 276 2791 instituta
297 2743 352 2799 est,
380 2752 458 2808 quam
478 2734 504 2790 d.
523 2735 560 2791 11
579 2737 695 2809 Augusti
716 2753 738 2790 a.
757 2735 817 2792 515
839 2735 979 2792 llormisda
1000 2738 1128 2793 instruxit
1148 2745 1175 2793 et
1196 2737 1351 2810 imperatori

84 2822 265 2895 praesentavit
280 2818 363 2894 (epi
381 2829 408 2876 et
424 2820 463 2892 8).
505 2819 591 2888 Quum
608 2829 695 2876 autem
708 2818 763 2890 jam
778 2820 804 2875 d.
822 2821 840 2877 8
856 2821 916 2876 tulii
939 2821 1001 2877 huic
1022 2823 1073 2895 ipsi
1088 2821 1206 2878 eamdem
1222 2822 1352 2877 nuntiarit

85 2906 177 2980 (epist.
196 2905 239 2976 6),
269 2906 387 2979 suspicio
409 2904 498 2969 adest,
522 2904 576 2975 jam
597 2913 663 2961 tunc
683 2903 817 2978 synodum
831 2905 904 2961 illam
919 2915 1110 2980 congregatam
1126 2906 1209 2962 inisse
1225 2914 1252 2961 ct
1267 2907 1351 2980 ipsius

84 2992 193 3046 nomine
204 2988 360 3063 pontificem
372 2989 442 3045 dieta
453 2992 553 3063 scripta
565 2990 703 3045 direxisse.
725 2989 789 3044 Nam
801 2990 1023 3046 consuetudinem
1031 2989 1188 3054 obtinuisse,
1206 2998 1235 3046 ut
1243 2992 1351 3064 quoties

83 3078 155 3131 iutra
169 3074 269 3130 ltaliam
285 3083 397 3148 propter
413 3074 606 3130 ecclesiasticas
622 3091 715 3130 causas
736 3074 857 3148 synodus
873 3076 1036 3138 conveniret,
1060 3092 1127 3149 papa
1150 3075 1226 3131 selus
1242 3074 1351 3148 synodi·

84 3177 128 3216 cas
144 3160 249 3215 litteras
264 3158 445 3215 subscriberet
461 3167 488 3216 et
505 3161 712 3223 transmitteret,
734 3162 833 3233 apertis
854 3158 941 3216 verbis
956 3159 1076 3234 synodus
1092 3159 1188 3216 Felicis
1203 3159 1225 3215 ll
1246 3159 1313 3232 (iel.
1330 3159 1351 3214 ll

84 3247 163 3318 epist.
178 3245 214 3300 11
232 3263 259 3300 n.
277 3243 411 3316 4)110001.

677 3338 741 3403 VH

85 3469 113 3505 a.
132 3448 191 3505 515
208 3451 236 3505 d.
253 3449 289 3503 11
307 3449 379 3523 Aup.
425 3449 597 3506 Hormisdou
618 3451 657 3505 ud
678 3450 849 3505 Vitalianum
864 3468 921 3521 pro
937 3449 1105 3522 adJuoando
1127 3451 1208 3521 opud
1225 3452 1349 3522 impera·

238 3541 326 3590 torem
342 3538 452 3590 unitate
468 3538 666 3592 ecclesiastica
683 3538 861 3591 intercessio.

171 3635 313 3692 llormisda
327 3636 424 3709 legatis
445 3638 501 3691 suis
517 3634 640 3691 Eunodio
656 3644 683 3691 et
699 3635 847 3692 Fortunato
864 3637 1011 3710 episcopis.
1034 3636 1164 3691 Venantio
1181 3635 1349 3709 presbytero,

85 3721 162 3776 Vitali
178 3721 291 3777 diacono
307 3729 333 3776 et
350 3721 439 3776 1111110
455 3723 568 3784 notario,
590 3739 659 3794 quos
680 3729 793 3795 propter
813 3723 924 3794 petitam
946 3720 1079 3794 synodum
1095 3719 1296 3776 Heracleensem
1320 3721 1350 3774 ad

86 3807 254 3861 Anastasium
269 3807 459 3878 imperatorem
475 3806 572 3861 direxit
587 3806 690 3878 (llorm.
708 3808 786 3879 epist.
801 3805 839 3878 8),
862 3808 940 3862 etiam
956 3807 1059 3862 litteras
1075 3805 1107 3860 ad
1124 3806 1281 3860 Vitalianum
1298 3823 1351 3859 ma·

84 3893 200 3965 gistrum
222 3891 336 3946 militum
357 3889 444 3952 dedit,
474 3889 552 3962 cujus
573 3907 655 3964 opera
676 3898 764 3946 totum
786 3890 851 3946 illud
874 3890 935 3946 lidei
957 3891 1096 3964 negotium
1112 3891 1268 3962 incoeptum
1284 3898 1350 3945 crat.

86 3975 168 4045 Quae,
185 3965 296 4031 sicut‘in
312 3975 465 4049 legatorum
480 3975 598 4032 indiculo
615 3974 717 4047 (Herm.
735 3977 813 4049 epist.
829 3977 845 4032 7
862 3994 888 4031 n.
903 3975 933 4048 3)
955 3975 1060 4046 dicitur,
1084 3977 1154 4031 nihii
1170 3976 1251 4031 uliud
1263 3975 1350 4030 hube-

86 4063 154 4117 bant
170 4065 227 4116 nisi
238 4077 344 4132 preces
360 4062 400 4116 ad
412 4064 615 4132 imperatorem
630 4064 766 4131 directas,
789 4068 820 4117 ut
835 4065 896 4133 ipse
911 4062 1141 4117 accommodaret
1157 4064 1281 4116 animum
1294 4077 1351 4131 pro

86 4150 195 4202 unitate
211 4147 376 4202 Ecclesiae:
397 4153 428 4201 ut
443 4151 597 4203 constituta
610 4154 727 4218 patrum
748 4165 804 4202 non
821 4154 1085 4218 corrumperentur,
1109 4153 1140 4201 ut
1161 4147 1303 4201 haeretici
1316 4146 1351 4200 de

86 4235 216 4288 ecclesiis
241 4238 465 4288 remunerentur.
515 4230 601 4299 Quare
626 4231 684 4286 illas
706 4231 800 4286 eodem
823 4231 878 4291 die,
906 4248 959 4304 quo
981 4229 1013 4284 ad
1034 4232 1223 4303 imperatorem
1245 4229 1351 4285 litterae

85 4315 176 4390 (epist.
190 4315 220 4389 8)
236 4318 364 4391 signatae,
380 4317 398 4372 i.
413 4334 436 4372 e.
454 4316 496 4371 die
514 4317 550 4373 11
567 4317 683 4390 Augusti
698 4317 760 4371 atini
775 4315 844 4377 515,
861 4315 935 4370 datas
951 4332 1011 4371 esse
1026 4323 1109 4389 patet.

672 4444 762 4508 VIII.

69 4528 113 4612 ⁰a.
129 4555 190 4612 515
207 4556 252 4611 die
270 4556 305 4610 11
324 4556 403 4628 Sept.
449 4556 623 4612 Hormisdou
635 4570 735 4626 papae
750 4555 904 4610 adfinitum
922 4554 1105 4611 Viennensem
1121 4553 1155 4609 de
1172 4552 1350 4608 Graecorum

240 4645 426 4698 conversione
439 4643 555 4697 litterae
571 4660 588 4695 a
600 4643 673 4712 pari
686 4642 780 4695 datae.

173 4744 263 4798 hvitus
280 4743 436 4799 Viennensis
457 4742 489 4797 ad
512 4741 678 4798 llormisdam
699 4741 819 4797 scribens
841 4740 944 4812 (liorm.
966 4742 1045 4815 epist.
1062 4739 1127 4812 21),
1154 4756 1237 4813 quum
1258 4745 1351 4811 aperte

85 4827 156 4884 illius
173 4829 313 4902 epistolam
330 4830 347 4884 9
364 4836 441 4884 notet
456 4845 526 4884 nune
542 4827 648 4902 quidem
665 4827 801 4883 Caesario
823 4830 866 4884 oct
884 4829 930 4883 his
949 4830 1000 4899 qui
1019 4827 1070 4883 sub
1092 4829 1158 4898 ejus
1172 4827 1352 4882 ordinatione

87 4920 244 4971 consistunt
259 4915 427 4987 inscriptam,
450 4932 506 4972 eam
528 4917 606 4972 etiam
628 4912 659 4966 ad
676 4930 705 4968 se
721 4915 806 4986 ipsum
823 4930 836 4967 a
852 4911 980 4986 pontilice
995 4911 1122 4969 directam
1138 4912 1224 4984 pouit.
1268 4910 1349 4968 Vien-

1089 5010 1149 5074 63*
