3204 5506
556 372 751 421 amsronaa
775 363 825 420 12.
851 363 901 420 13.
1298 356 1358 422 717

51 519 250 609 gloriosa,
281 524 474 609 accipientes
498 527 804 590 consummationem
826 526 898 590 fidei
927 548 1002 590 suae
1024 526 1059 590 in
1081 527 1216 592 salutem
1239 528 1359 591 anima-
1373 552 1397 589 a.
1409 541 1465 589 512.

53 643 152 688 rum
179 647 316 690 suarum
339 631 371 690 et
393 628 559 692 audientes
581 629 801 693 suavissimam
828 650 936 692 vocem
966 629 1035 712 ejus
1062 628 1214 693 dicentis:
1243 636 1357 706 Venite,
1371 619 1470 741 {55³3}-

54 729 244 792 benedicti
257 732 360 793 Patris
380 738 446 808 mei,
471 735 662 796 haereditate
677 744 825 812 paratam
847 737 927 796 cabis
949 752 1073 809 repnnm
1089 737 1127 795 ab
1142 738 1229 795 inilia
1244 737 1358 795 mnndi.
1406 725 1424 752 ’'
1454 728 1459 737 '

57 827 187 912 Cujus
220 829 335 895 beatae
361 832 447 895 vocis
476 855 548 897 cum
575 836 631 898 tua
659 833 858 897 beatitudine
887 836 920 896 et
945 854 1004 896 nos
1031 832 1182 917 indignos
1209 832 1362 917 dignetur

61 928 242 996 Christum
265 930 420 998 Dominus
443 939 562 1019 noster,
586 957 643 1020 per
665 935 772 1003 omnia
794 934 994 999 sanctissime
1017 936 1125 1018 pater!

596 1121 778 1223 Epistola
803 1122 858 1206 13.
883 1190 890 1200 ,

1371 1268 1395 1305 a.
1405 1257 1454 1304 oli
1467 1249 1492 1302 d.

402 1270 605 1354 Symmachi
629 1291 739 1358 papae
761 1273 805 1340 ad
829 1273 1044 1342 orientales.
1385 1318 1474 1372 300„

9 1416 49 1467 n.
113 1411 179 1462 Eos
198 1413 376 1463 communionis
396 1428 459 1462 suae
481 1431 604 1479 nunquam
624 1417 768 1479 participes
787 1414 847 1476 sare
868 1414 1000 1471 rescribit,
1027 1416 1070 1479 qui
1092 1416 1178 1479 paonis
1200 1415 1285 1464 calare
1308 1430 1324 1463 a

112 1497 310 1556 martorum,
328 1496 352 1545 b.
365 1512 386 1549 e.
401 1498 557 1562 Entpcbetis,
577 1500 704 1557 Dioscuri,
726 1499 855 1562 iimolbei,
874 1498 948 1548 Petri
964 1506 990 1548 et
1001 1500 1093 1548 Aeacii
1108 1501 1230 1549 societate
1243 1501 1327 1550 diuelli

660 1586 793 1637 noluerint.

246 1713 568 1802 Dilectissimis¹)
591 1717 787 1781 iratribus
810 1717 1010 1780 universis
1033 1717 1249 1801 episcopie,
1272 1738 1359 1801 pre-

340 1818 531 1902 sbyteris,
561 1819 758 1902 diaconis,
794 1817 1127 1882 archimandritis
1158 1821 1196 1882 et
1218 1822 1360 1883 cuncto

340 1918 532 1983 ordintet
552 1920 660 2004 plebi
681 1943 751 2004 per
771 1920 994 2005 Illyricum,
1022 1919 1265 2001 Dardaniam
1287 1921 1359 2006 et²)

339 2023 543 2105 utramque
566 2022 729 2087 Daciam
752 2021 1014 2107 Symmachus.

180 2141 209 2203 1.
246 2138 369 2226 Quom)
392 2140 486 2224 plene
514 2142 583 2205 fieri
611 2141 770 2226 cupimuS,
800 2142 828 2206 si
854 2163 935 2226 quae
961 2142 1128 2206 scribimus
1152 2141 1359 2225 impleantur,

10 2230 14 2281 *f
85 2240 202 2305 nullus
224 2245 354 2325 stupeat
375 2245 536 2307 servatum
558 2243 712 2307 hactenus
734 2266 793 2308 nos
811 2266 898 2308 nunc
914 2244 1045 2308 solvisse
1061 2243 1239 2326 silentium,
1263 2266 1361 2327 quum

17 2348 21 2357 '
86 2343 335 2428 prudentissimi
349 2343 527 2408 Salomonis
543 2345 606 2409 ista
620 2368 680 2410 vox
695 2349 859 2429 personet:
886 2350 1012 2426 Tempus
1027 2352 1179 2424 loquendi,
1202 2357 1231 2410 et
1245 2357 1360 2428 ternpus
1372 2335 1473 2430 &⁰¹0⁸

87 2452 227 2510 tacendi.
262 2444 343 2520 Quia
364 2447 618 2511 taciturnitatem
640 2469 790 2532 praesens
806 2451 932 2532 tempus
947 2450 1127 2533 expugnat:
1150 2469 1226 2510 nam
1241 2448 1359 2534 inter⁴)
1382 2414 1406 2469 δ’
1419 2410 1441 2457 τ’

88 2569 145 2631 ea,
178 2569 260 2632 quae
283 2548 433 2612 accidunt
454 2571 555 2632 nuno,
590 2549 682 2614 silere
710 2571 770 2614 nee
799 2550 872 2615 fidei
900 2549 1036 2614 stimulis
1064 2549 1213 2633 excitari,
1248 2550 1359 2635 magni

34 2706 37 2711 .
89 2652 223 2715 constat
251 2671 319 2715 esse
346 2651 478 2716 fastidii.
529 2650 653 2736 Quippe
682 2652 735 2715 uhi
758 2652 932 2737 'religionis
960 2652 1140 2717 reverentia
1173 2655 1205 2715 et
1237 2673 1360 2716 summa

87 2753 294 2837 concutitur,
329 2757 438 2837 aptum
462 2753 557 2837 juxta
583 2753 726 2817 divinam
748 2754 945 2839 Scripturam
968 2755 1088 2836 dicere,
1123 2776 1176 2818 eos
1203 2756 1256 2839 qui
1285 2758 1362 2818 sunt
1373 2743 1452 2866 213⁰&

84 2855 199 2938 mites,
223 2853 338 2918 debere
360 2877 427 2918 esse
449 2877 624 2939 pugnaces.
658 2856 751 2941 aaa)
774 2856 929 2940 siquidem
952 2858 984 2920 et
1006 2855 1182 2940 spiritualis
1204 2855 1361 2941 quaedam
1407 2853 1414 2878 ’
1454 2854 1458 2864 '

160 3046 182 3111 ¹)
201 3042 234 3095 In
261 3040 326 3095 edit.
350 3040 432 3096 Basil.
457 3041 631 3097 desideratur
654 3049 828 3097 Dilectissimis
847 3047 974 3109 fratribus
996 3048 1118 3096 arrisersis
1140 3048 1279 3110 episcopis,
1308 3041 1362 3095 'sed

11 3144 14 3174 ἱ
77 3126 240 3196 inscriptio
258 3127 294 3181 ab
312 3126 354 3180 his
371 3127 462 3181 verbis
480 3126 589 3196 incipit:
614 3133 787 3197 Presbytero,
812 3134 926 3181 diaconis
944 3137 992 3180 etc.
1029 3126 1160 3195 Superior
1178 3126 1308 3194 epistola,
1331 3129 1363 3180 ut

76 3232 119 3270 ex
138 3230 221 3267 num.
242 3217 257 3264 5
279 3211 379 3280 liquet,
401 3230 457 3266 non
475 3214 585 3266 tantum
607 3229 715 3278 eorum,
739 3211 839 3278 quibus
856 3211 993 3264 nullarum
1012 3212 1167 3265 animarum
1185 3212 1247 3265 crat
1264 3211 1361 3264 solliei—

72 3299 173 3365 tudo,
194 3295 244 3350 aeti
262 3299 416 3363 eteorum,
439 3303 526 3366 picibus
548 3304 679 3351 multarum
702 3307 839 3350 animarum
861 3318 923 3350 cara
946 3303 1074 3351 commissa
1098 3308 1167 3356 erat,
1190 3296 1315 3364 adeoque
1334 3300 1363 3350 et

70 3385 290 3458 episcoporum
306 3380 417 3437 nomine
435 3381 539 3451 scripta
555 3382 614 3436 luit.
647 3382 691 3435 Sic
710 3385 739 3436 at
750 3380 931 3450 Symmachus
949 3381 985 3435 ad
1004 3381 1149 3451 episcopos
1167 3380 1319 3434 rescribere
1333 3397 1362 3434 se

67 3473 118 3529 ab
139 3470 211 3539 ipso
232 3467 344 3522 exordio
362 3467 430 3522 satis
447 3466 563 3532 indicat,
582 3469 610 3521 et
627 3485 701 3520 num.
721 3473 737 3521 o
755 3468 907 3541 confirmat.

156 3557 184 3621 ²)
202 3553 248 3606 lta
266 3552 300 3606 G¹
318 3557 354 3607 a'.
390 3555 428 3606 At
449 3552 531 3606 Basil.
554 3565 578 3606 et
597 3558 701 3606 Daciam
724 3558 866 3606 constitutis
889 3556 1048 3621 Symmachus
1071 3557 1196 3606 Rornanas
1218 3558 1362 3621 episcopus,

63 3638 234 3699 Batonius
257 3640 397 3692 autemst
418 3649 549 3707 atramque
575 3642 707 3691 Thraciam
729 3641 922 3692 consistentibus
946 3641 1106 3705 Symmachus
1129 3644 1270 3705 episcopus.
1313 3636 1363 3690 eui

64 3724 220 3800 quodam
242 3723 325 3776 modo
347 3724 436 3787 iavet,
459 3722 534 3792 quod
556 3723 585 3775 in
607 3722 770 3776 Hormisdac
794 3721 873 3791 epist.
893 3728 925 3775 22
948 3721 984 3775 ad
1001 3722 1114 3776 Avitum
1136 3742 1162 3776 n.
1182 3729 1198 3776 3
1217 3724 1279 3775 etl
1301 3739 1364 3775 cum

62 3808 214 3883 Illyricis
233 3810 262 3861 ct
273 3807 409 3862 Dardanis
422 3807 543 3861 Thraces
562 3809 767 3877 conjunguntur
785 3809 814 3861 et
831 3825 848 3861 a
866 3807 1013 3861 schismate
1031 3807 1112 3861 simul
1130 3807 1286 3861 ffisccsnsse
1303 3824 1384 3885 nar-¹
1461 3809 1466 3820 '

61 3899 201 3956 rantur.
240 3891 295 3946 Sed
312 3893 471 3962 hujusmodi
488 3893 605 3947 mutatio
623 3895 736 3963 praeter
754 3911 818 3946 mss.
837 3892 920 3947 fidem
938 3892 997 3946 fieri
1015 3908 1070 3945 non
1089 3891 1180 3947 debet.

157 3979 249 4048 ⁸)1ca
271 3977 305 4032 G¹
322 3979 352 4044 b;
380 3977 423 4032 ed.
446 3978 528 4032 Basil.
555 3977 660 4032 omittit
682 3982 755 4041 (laod
775 4007 809 4017 -
831 3985 1016 4046 commeantes,
1044 3976 1205 4032 immediate
1230 3976 1364 4047 incipiens

63 4074 183 4128 Νκιιω
195 4073 309 4131 stupeat.
340 4061 429 4116 Simili
444 4063 584 4116 sententia
599 4061 737 4132 incipiant
753 4069 810 4116 tres
823 4061 927 4117 Gelasii
945 4062 1092 4132 epistolae,
1110 4061 1216 4116 scilicet
1227 4061 1326 4115 Felicis
1338 4061 1364 4114 II

61 4152 174 4227 epist.
197 4153 232 4202 1't
250 4149 279 4201 et
296 4153 328 4202 le
347 4153 376 4202 et
392 4148 495 4203 Gelaaii
512 4147 593 4218 epist.
612 4155 634 4202 3.
730 4176 735 4198 i

155 4237 182 4304 ⁴)
201 4231 281 4287 Ediii
297 4239 365 4287 inter
382 4246 480 4297 cetera,
499 4235 528 4287 et
545 4233 678 4288 omittunt
695 4254 768 4287 nane.

158 4325 182 4390 5)
203 4319 250 4372 lta
267 4318 316 4384 G¹‚
333 4318 385 4372 nisi
402 4319 477 4388 quod
495 4331 520 4372 ct
536 4325 659 4388 siquidem
675 4331 702 4372 et
772 4324 831 4373 inde
849 4328 882 4371 et.
905 4317 978 4370 Edit.
999 4317 1081 4373 Basil.
1100 4323 1222 4387 siquidem
1239 4323 1365 4384 spiritalis

62 4429 154 4487 quae
174 4414 264 4460 estet
283 4408 336 4458 Deo
354 4416 461 4472 accepta
478 4411 624 4473 conpressio
642 4409 760 4457 uniuersa
780 4408 943 4456 laudabiliter
964 4410 1058 4457 tolerat
1130 4413 1276 4471 separetur.
1312 4404 1367 4455 Sed

62 4509 234 4566 marasan
251 4494 364 4546 estillic.
401 4489 526 4557 bc²seq.
547 4492 676 4558 Siquidem
694 4499 718 4541 el
791 4494 849 4542 inde
868 4499 893 4541 et
967 4495 1072 4549 tolerat,
1092 4509 1123 4541 nc
1196 4493 1365 4541 necessariam

61 4596 97 4642 ιε
120 4583 197 4635 utile
218 4580 284 4627 tales
301 4580 452 4628 adraonere:
471 4596 517 4628 nec
535 4581 605 4628 enim.
644 4572 723 4638 Quod
740 4573 786 4626 hio
803 4573 903 4627 suadet
921 4573 1116 4641 Symmachus,
1135 4571 1298 4626 Constantio
1316 4572 1365 4624 im·

61 4664 228 4743 peratore
251 4657 361 4712 Arianis
383 4660 493 4714 favente
513 4659 715 4729 praestiterimt
736 4657 788 4711 viri
810 4675 894 4712 sanae
918 4661 946 4711 et
965 4658 1136 4711 orthodoxae
1158 4657 1222 4710 fidei
1240 4655 1365 4721 studiosi,

63 4761 123 4829 qui
149 4750 276 4808 ramera,
305 4743 455 4814 Gregorius
478 4745 666 4800 Nazianzenus
690 4746 760 4797 orat.
783 4751 814 4797 ai
838 4743 940 4813 inquit,
966 4749 1061 4813 alioqui
1080 4752 1170 4813 pacati
1190 4765 1221 4797 ac
1242 4749 1367 4797 moderati

63 4849 145 4901 m,
167 4841 225 4891 hac
244 4844 328 4887 tannen
345 4836 371 4884 in
388 4852 417 4884 re
435 4838 504 4885 lenes
521 4844 547 4887 et
567 4838 658 4897 faciles
677 4850 732 4883 esse
751 4850 801 4884 non
818 4835 952 4891 sustinent,
975 4851 1046 4898 pirum
1057 4850 1107 4898 per
1118 4837 1242 4884 silentiam
1260 4840 1285 4882 et
1298 4836 1366 4898 quie·
1457 4852 1459 4858 ’

63 4944 128 4988 em
150 4928 212 4981 Dei
230 4940 311 4975 caasa
327 4925 461 4988 proditur:
483 4940 566 4974 verram
585 4925 717 4973 adnrodurn
735 4922 843 4972 bellaces
860 4927 920 4969 siant
936 4928 1011 4985 alque
1029 4921 1055 4968 in
1072 4921 1231 4984 consituendo
1249 4935 1323 4969 acres
1341 4925 1367 4968 el
