3224 5506
631 121 802 172 srisross
826 112 876 171 26.
1326 105 1390 170 403

969 213 987 246 Q

126 271 199 339 lies
220 274 272 340 ilde
297 278 333 339 et
360 273 582 341 communione
609 272 810 360 aliquatenus
837 274 1034 360 impetitum,
1067 274 1195 339 duxerit
1222 274 1496 339 melsdun-aies.

127 373 222 461 dum,
251 379 282 442 et
312 376 511 443 hamaticum
542 377 750 442 manifestum
777 376 908 442 Petrum
941 399 999 441 sua
1030 398 1154 462 quoque
1187 376 1390 442 exsecutione

127 475 310 544 damnatum
331 479 479 564 pontifici
502 479 660 544 catholico
679 478 863 563 permiserit
885 479 1117 566 subrogari⁶¹)3
1145 501 1241 564 quum
1263 480 1389 544 etiamsi

125 598 208 646 reus
223 580 405 646 manifestus
432 585 521 646 esset
537 581 719 664 Johannes,
753 584 827 667 post
854 602 925 645 eum
953 582 1067 645 saltem
1095 581 1287 646 catholicum
1315 603 1390 646 con-

123 683 264 748 venisset
282 683 414 769 praefici
437 683 650 767 sacerdotem,
687 679 865 768 sicutipse
893 705 1016 768 quoque
1031 684 1110 761 ,suis
1138 684 1237 748 sacris
1258 687 1389 748 sanctae

120 786 291 850 memoriae
319 785 489 851 Timotheo
519 785 676 851 catholico
704 787 739 849 in
767 784 965 850 Alexandria
997 786 1179 850 laciendum
1208 786 1391 870 promisisse

117 883 245 972 legitur
263 889 445 972 imperator.
483 887 553 964 Qua
574 888 696 973 synodo
717 889 832 953 tertiae
855 888 938 952 sedis
961 889 1144 973 episcopum
1163 887 1392 954 Oaleudionem

111 985 215 1052 iden
226 988 336 1074 expelli
350 989 431 1054 fecit
442 990 580 1054 Aeacius
588 991 638 1075 ⁵²),
663 1012 701 1054 ac
722 988 930 1053 nihilominus
952 990 1054 1053 eidem
1077 989 1208 1054 Petrum
1230 993 1297 1054 tam
1319 989 1392 1053 hae·

109 1091 258 1155 retieum
270 1091 489 1176 manifestum,
512 1096 549 1156 ut
563 1091 667 1156 eidem
682 1091 789 1175 palam
810 1113 870 1156 nee
893 1113 926 1155 se
949 1091 1182 1156 communicare
1203 1090 1391 1175 praetende·

109 1195 194 1275 et,
212 1215 263 1258 sua
283 1216 396 1278 passus
418 1197 468 1259 est
489 1193 698 1278 dispositione
721 1193 895 1257 substitui?
937 1193 1008 1269 Qua
1035 1192 1171 1279 denique
1202 1214 1260 1277 per
1287 1195 1391 1256 totum
1485 1223 1488 1229 ·

109 1292 287 1360 Jrientem
308 1296 431 1380 synodo
453 1296 564 1380 ejectis
586 1295 770 1361 orthodoxis
792 1295 928 1380 nullo⁶³)
956 1295 1089 1359 crimine
1112 1294 1290 1379 maculatis,
1319 1316 1392 1378 pra-.

109 1417 190 1460 ὀε
205 1419 338 1482 quosque
361 1402 394 1462 et
415 1397 602 1463 criminibus
623 1397 783 1462 involutos
806 1419 863 1461 sua
885 1397 1067 1481 provisione
1089 1397 1280 1482 supposuit?
1322 1396 1392 1473 Qua

109 1499 244 1582 ynodo
264 1502 313 1564 tot
335 1500 442 1565 aliena
456 1499 676 1585 privilegia⁵⁴)
697 1498 857 1564 nefandus
879 1499 1049 1583 populator
1063 1499 1207 1563 invasit?
1240 1499 1302 1564 Sed
1316 1498 1391 1563 libri

109 1622 198 1664 ron
214 1601 386 1686 sufficient,
409 1602 438 1666 si
459 1600 643 1688 tragoedias
666 1602 750 1685 ejus,
778 1622 857 1685 quas
880 1621 938 1685 per
959 1600 1110 1664 eeclesias
1132 1600 1231 1664 totius
1247 1600 1390 1664 Orientis

109 1704 272 1787 xercuit,
296 1703 488 1790 singillatim
496 1704 535 1791 ⁵⁵)
559 1703 697 1779 scribere
719 1702 897 1768 moliamur.

212 1805 238 1870 8.
281 1806 333 1869 An
356 1804 437 1869 illud
459 1804 558 1890 ipsius
581 1808 808 1890 argumentum
829 1803 922 1867 nobis
945 1803 1132 1868 existimant
1152 1803 1386 1889 opponendum,

109 1925 197 1992 ,uo
212 1905 350 1971 facinora
378 1927 437 1970 sua
458 1906 493 1971 in
515 1906 713 1991 imperialem
745 1905 834 1971 nisus
863 1909 913 1970 est
936 1906 1062 1989 jactare
1088 1907 1282 1990 personam?
1326 1905 1390 1972 Gur

109 2006 227 2096 gitur
245 2009 371 2093 quando
399 2007 510 2091 voluit,
533 2008 661 2072 obstitit
682 2005 837 2071 Basilisco
865 2009 1021 2091 tyranno,
1054 2012 1139 2073 certe
1167 2013 1200 2072 et
1227 2009 1389 2073 haeretico

109 2106 326 2175 elimenta
346 2108 491 2174 infesto?
524 2109 588 2174 Gur
609 2109 672 2193 ipsi
693 2109 879 2193 imperatori
901 2108 1032 2194 Zenoni,
1056 2111 1132 2195 quia
1153 2110 1260 2195 palam
1277 2109 1390 2176 Antio·

109 2213 230 2280 hero
249 2208 344 2276 Petro
371 2211 478 2276 noluit
504 2211 755 2295 communicare,
788 2233 878 2276 suam
906 2233 973 2275 non
1000 2211 1142 2276 subdidit
1168 2205 1391 2278 voluntatem?

109 2314 218 2384 Ecce
233 2313 381 2400 potuit⁵⁶)
404 2314 493 2378 etin
516 2313 588 2378 aliis
609 2313 775 2396 resultare,
798 2313 826 2376 si
843 2312 954 2377 vellet!
986 2312 1048 2378 Sed
1070 2317 1108 2378 ut
1130 2336 1168 2378 ea
1190 2336 1271 2400 quae
1292 2314 1390 2380 latius

110 2411 311 2496 explicanda
331 2420 410 2481 sunt
428 2417 633 2498 omittamus,
657 2414 792 2500 quide),
815 2414 898 2499 quod
920 2415 989 2499 ipse
1011 2415 1122 2481 Zenon
1144 2418 1318 2500 imperator
1339 2416 1391 2480 lit·

210 2632 233 2700 Ι“)
245 2633 283 2689 la
298 2634 331 2689 (i'
346 2633 391 2702 Ql.
421 2635 497 2691 Edit
514 2634 664 2692 secundum
683 2633 716 2690 0¹
730 2633 765 2690 0²
782 2639 976 2704 subrogandum.
1006 2635 1127 2707 Moxque
1139 2635 1175 2702 Q²
1191 2644 1337 2707 permisisse
1355 2644 1390 2691 le·

139 2717 216 2787 p'w.
236 2716 362 2790 ergrius
380 2721 432 2788 ΠΙ,
452 2729 496 2790 12,
513 2721 563 2776 ubi
580 2721 717 2776 narrarit:
740 2720 787 2789 qui
804 2720 945 2776 Jobsnnes
968 2729 1066 2790 leonius
1083 2728 1172 2776 rrissus
1189 2733 1228 2776 esi
1247 2727 1391 2777 Constanti—

148 2805 252 2864 ’ΜἸ,
270 2813 393 2875 pedm
410 2826 427 2860 a
445 2805 576 2875 (Zenone)
593 2811 725 2876 principe,
748 2815 776 2860 ut
793 2810 903 2873 risorie
921 2811 1056 2874 episcopus
1077 2813 1188 2875 ipsorum
1207 2805 1389 2874 (Timotheus)

154 2884 209 2935 ἠὺ
221 2891 316 2956 uuor,
333 2897 425 2945 liceret
442 2895 536 2946 deibus
553 2896 742 2946 Alexandrinis
759 2911 825 2953 aas,
845 2910 915 2961 quens
932 2898 1036 2954 uellent,
1053 2898 1198 2959 episcopum
1216 2896 1324 2959 eligere:
1343 2891 1390 2945 ad·

158 2960 241 3035 mill:
256 2976 394 3044 inpariter
411 2981 466 3043 lege
484 2981 538 3030 iaia
554 2982 657 3039 sanxit,
675 2987 702 3030 ai
717 2987 778 3044 posi
794 2986 896 3030 moriem
912 2979 1034 3030 Timothei
1044 2980 1066 3029 is
1078 2987 1145 3030 essee
1158 2981 1300 3044 episcopus,
1319 2995 1391 3046 quem

167 3049 227 3144 Q
235 3066 255 3108 el
265 3067 368 3129 populus
380 3065 433 3114 sust
444 3065 578 3130 suffragiis
590 3066 732 3130 recusent.
763 3059 823 3114 Hoc
841 3060 884 3115 est
900 3059 999 3130 igitur,
1017 3059 1093 3130 quod
1109 3058 1264 3130 imperator
1274 3059 1321 3114 ille
1333 3060 1390 3114 suis

167 3141 228 3188 “mi
240 3143 382 3210 promisisse
399 3160 473 3198 nunc
491 3147 669 3201 memoratur.

214 3218 288 3289 “llis
302 3228 333 3285 G*
347 3227 396 3294 0¹„
421 3229 460 3283 At
477 3228 545 3284 editi
560 3235 626 3299 fecit
644 3235 768 3284 Aeacius:
787 3234 944 3285 nltilmninus
961 3236 1071 3285 amdam
1089 3235 1192 3285 Petrum
1250 3237 1335 3299 patara
1347 3250 1390 3285 rre-

170 3314 220 3356 Μ
231 3320 399 3372 Mem.
429 3314 456 3368 ls
474 3314 573 3370 Petrus
591 3314 713 3384 Evagrio
730 3314 783 3381 111,
802 3320 833 3368 16
856 3317 929 3370 teste
950 3319 1178 3371 Colchdonensem
1200 3321 1322 3385 synodum
1342 3336 1391 3384 pu·

171 3383 214 3438 “²
225 3400 436 3460 submersis·
454 3419 519 3469 quae
536 3420 581 3455 res
598 3421 670 3470 quum
683 3405 801 3453 nundum
814 3411 882 3454 esset
894 3406 1003 3462 Aeacio,
1022 3421 1072 3456 noa
1090 3407 1253 3456 mediocriter
1265 3421 1319 3455 eum
1331 3419 1391 3454 oon·

170 3472 254 3530 ‘Mt
277 3478 341 3540 Vide
358 3485 389 3539 et
405 3482 530 3539 subnexa
547 3487 723 3553 (n.8et13)‚
741 3500 793 3537 nec
809 3500 866 3539 non
882 3483 982 3538 Felicis
999 3485 1025 3537 11
1043 3484 1190 3555 epistolam
1210 3492 1248 3539 11.

207 3555 242 3626 ¹⁵¹)
253 3560 344 3623 Henna
361 3568 477 3625 nomina
493 3586 527 3624 ac
544 3569 623 3625 sedes
640 3568 826 3639 Theophanes
843 3585 908 3638 pag.
929 3575 978 3624 207
996 3574 1130 3625 recenset

218 3639 304 3711 ‘lton
319 3655 430 3710 tanturn
447 3653 493 3708 hio
510 3669 600 3709 sermo
619 3656 661 3710 est
678 3654 712 3708 de
729 3654 927 3724 praerogativa
944 3654 1081 3709 secundae
1100 3655 1187 3721 sedis,
1206 3671 1291 3724 quam
1307 3652 1360 3709 sibi
1374 3670 1391 3707 a

169 3723 561 3811 l1¹²¹³l⁰Constantinopolitano
582 3738 748 3795 attributam
771 3740 799 3793 et
819 3755 838 3794 a
855 3737 1073 3794 calchedonensi
1095 3742 1206 3794 auctam
1227 3739 1390 3808 arrogabat,

167 3808 206 3867 ”d
218 3808 243 3904 lt
255 3815 393 3896 phisgiis
405 3823 625 3892 ordinationum,
644 3842 713 3894 quas
732 3824 955 3896 metropolitanis
972 3841 1024 3895 per
1036 3824 1180 3880 Orientem
1197 3824 1274 3879 nulla
1284 3821 1389 3892 synodo

165 3899 295 3963 samaa
310 3910 464 3967 amorerat.

217 3983 240 4056 “l
253 3986 317 4047 tuiti
331 4001 460 4066 sigillatim
532 4001 686 4052 existiment.

145 4100 151 4111 ·
214 4069 240 4141 “l
253 4072 281 4140 θ’
293 4086 375 4147 potii
392 4085 468 4136 eitun
484 4086 553 4144 aliu,
572 4080 605 4146 Q¹
622 4086 707 4151 porus
724 4091 751 4135 er
762 4086 828 4136 aliu.
856 4078 927 4135 Eum
938 4096 994 4135 non
1005 4080 1116 4134 tantum
1128 4078 1269 4133 obstitisse
1286 4091 1338 4148 pro
1351 4093 1390 4145 se,

155 4153 230 4217 ledii
241 4167 362 4221 maeror
373 4174 400 4220 et
408 4172 529 4235 populum
546 4169 616 4220 urbis
627 4171 715 4234 regiae
731 4172 854 4221 aduersus
867 4170 1028 4228 Basiliscum,
1048 4176 1074 4217 ui
1093 4170 1136 4234 qui
1152 4156 1296 4218 trebericae
1312 4173 1388 4230 esset,

148 4249 281 4317 utalaae,
297 4246 434 4320 Zragrius
450 4250 503 4318 111,
522 4257 537 4305 7
554 4249 692 4306 Zacharia
709 4251 830 4320 quodam
848 4251 962 4305 auctore
979 4249 1075 4304 tradit.
1104 4249 1169 4303 Mox
1182 4246 1214 4311 Q*
1233 4249 1300 4318 post
1316 4253 1390 4301 certer

144 4329 227 4395 ,sdic
243 4335 279 4387 Ar
295 4354 344 4389 ros
361 4343 494 4406 apostolus
511 4342 586 4400 dicii,
605 4356 655 4391 non
672 4344 752 4390 solum
770 4342 813 4406 qai
828 4341 940 4403 faciunt,
957 4342 1005 4389 sed
1021 4347 1046 4388 ei
1064 4343 1107 4402 qai
1117 4338 1276 4388 consentiunt
1291 4338 1389 4400 socier

137 4425 210 4483 aas,
228 4429 294 4472 rests
308 4426 413 4489 parlier
428 4432 487 4475 sunt
503 4425 616 4475 irretiti?
645 4423 700 4475 Sed
716 4432 743 4474 ur
760 4432 808 4475 etc.
839 4420 932 4493 Etiam
948 4420 977 4472 in
995 4419 1038 4472 his
1055 4418 1195 4487 sequimur
1213 4416 1257 4472 Gl.

197 4507 230 4573 ὅ7)
244 4501 317 4558 Zditi
334 4510 459 4576 qudquid
473 4512 537 4575 ipse.
573 4504 638 4559 Mox
656 4504 690 4569 Q’
708 4516 792 4566 recto,
816 4504 849 4569 Q*
867 4508 1013 4559 eomeritii.
1051 4503 1177 4559 (talasius
1195 4502 1256 4555 tum
1274 4501 1391 4557 Zenonis

128 4603 186 4658 mm
202 4587 294 4645 Aeacii
315 4588 426 4645 litteras
448 4589 493 4646 hic
509 4591 660 4657 memorat,
685 4605 754 4656 quas
771 4588 873 4660 legatis
890 4589 994 4644 Miseno
1013 4591 1042 4644 et
1058 4587 1145 4642 Vitali
1165 4593 1230 4658 post
1251 4587 1391 4658 praevari-

122 4673 462 4746 ationcmredeuntibm
483 4674 520 4733 ad
540 4673 664 4731 Felicem
686 4673 836 4742 dederunt,
861 4675 896 4728 de
920 4673 1020 4744 quibus
1041 4673 1071 4731 iu
1092 4672 1193 4729 notitia
1211 4672 1391 4746 epistolarum

1125 4757 1191 4826 26*
