3204 5506
188 381 248 428 XIV
622 379 819 429 PRAEFATIO
843 379 1017 430 horroris.

186 545 286 612 lector,
312 544 337 598 εἰ
357 559 414 616 quo
437 545 513 598 inter
534 545 682 617 rependam
704 546 874 617 quandoque
895 545 1079 600 occurrerint
1101 550 1210 609 errato,
1235 545 1454 616 quaedamque

187 635 295 683 notare
319 643 423 685 canere
446 646 502 684 uon
521 632 659 700 potuerit.

770 781 801 871 s.
830 781 863 851 3.

229 910 446 993 Prospectns
468 909 578 994 hujus
599 927 709 977 norae
732 910 914 977 editionis.
947 909 1122 999 Quomodo
1146 910 1349 978 coustantii
1372 912 1410 977 ot

273 1011 437 1080 Durandi
460 1012 512 1078 ibi
535 1011 656 1079 studita
678 1029 849 1079 connexa.
894 1012 1081 1096 Principis
1103 1013 1249 1093 eritioa,
1272 1029 1364 1095 qnae

633 1115 672 1180 ln
694 1113 814 1181 eadem
836 1113 1010 1180 adhibita.

293 1257 323 1328 l.
367 1254 593 1351 Cognovisti,
625 1256 740 1329 lector
766 1255 1037 1344 candidissime,
1078 1256 1140 1349 qui
1168 1280 1233 1351 pro
1259 1280 1297 1330 re
1325 1259 1454 1330 nostra

186 1375 328 1449 fructus
355 1398 399 1448 ex
425 1375 557 1447 studiis
583 1375 844 1449 sollertissimis
870 1375 1164 1449 doctissimorum
1191 1376 1337 1449 illorum
1362 1374 1452 1447 filio-

185 1518 269 1568 rum
301 1518 328 1567 s.
352 1493 543 1568 Benedicti
574 1496 697 1590 parati
731 1498 848 1567 erant.
907 1493 1068 1578 Quonim
1101 1495 1209 1590 plena
1241 1495 1378 1589 species
1413 1495 1453 1566 in

186 1616 287 1685 tomo
305 1614 423 1709 primo
440 1615 679 1708 epistolarum
698 1613 970 1708 pontificiarum
988 1617 1141 1708 prostat,
1161 1614 1223 1707 qni
1243 1613 1452 1687 Constantii

185 1732 299 1829 ipsius
326 1757 440 1805 manu
467 1734 602 1828 prodiit
628 1737 667 1806 et
684 1733 787 1827 cujus
805 1737 998 1827 sequentes
1022 1732 1116 1805 tomi
1133 1733 1342 1806 fidelissime
1359 1733 1452 1805 ima·

186 1852 309 1947 ginem
335 1852 558 1927 retulissent.
603 1851 725 1946 Atque
751 1853 790 1923 in
816 1852 981 1946 pluribus
1007 1853 1155 1946 quidem
1182 1853 1359 1947 partibus
1389 1851 1452 1923 nbi

186 1971 352 2067 integrae
384 1971 545 2065 ejusdem
578 1972 646 2044 viri
680 1972 872 2045 clarissimi
905 1971 1059 2045 schedae
1097 1996 1175 2045 sese
1209 1970 1450 2065 excipiebant,

185 2089 264 2164 fieri
290 2095 450 2186 poterat,
477 2096 521 2164 ut
547 2092 675 2165 eadem
701 2091 824 2187 imago
850 2093 920 2164 hae
947 2091 1026 2185 ipsa
1050 2091 1209 2164 editione
1227 2090 1451 2164 redderetur.

186 2208 269 2282 Non
295 2233 398 2305 nego,
427 2234 486 2283 me
513 2212 641 2304 perdiu
668 2212 776 2284 anxie
793 2211 1006 2300 haesitasse,
1034 2234 1108 2304 qua
1133 2210 1367 2305 potissimum
1394 2234 1451 2282 ra·

184 2329 286 2401 tione
311 2329 393 2400 illas
419 2331 647 2402 venerandas
674 2331 847 2424 reliquias
873 2333 1086 2419 tractarem,
1114 2353 1229 2423 quum
1256 2328 1356 2400 aliud
1379 2329 1452 2423 pie-

99 2521 101 2524 ,
185 2447 278 2519 tatis
305 2447 405 2519 alind
432 2448 600 2520 veritatis
628 2472 732 2521 amor
749 2449 932 2522 suaderet.
977 2448 1020 2519 in
1038 2448 1203 2543 pluribus
1221 2449 1330 2536 enim,
1358 2471 1454 2540 quae

186 2566 328 2659 optima
361 2566 410 2637 ibi
445 2566 728 2651 exhibebantur,
763 2591 836 2639 non
869 2568 1022 2640 deerant
1056 2590 1214 2661 quoque,
1249 2568 1288 2638 in
1321 2567 1453 2659 quibus

186 2684 325 2758 codices
358 2683 514 2757 Romani
548 2684 763 2758 Corrstantio
796 2709 943 2781 prorsus
970 2687 1104 2782 ignoti,
1139 2686 1263 2758 studia
1296 2685 1454 2757 aliorum

185 2803 348 2876 virorum
366 2803 696 2877 eruditissimorum
715 2807 946 2899 (praeprimis
963 2805 1110 2898 Maffeji,
1137 2804 1342 2892 Blanchini,
1369 2803 1453 2876 Bal-

186 2923 410 3011 leriniorum,
440 2922 584 3011 Mansii,
612 2923 712 3017 Maji,
741 2924 845 2997 Rossi
873 2925 945 3015 al),
975 2927 1013 2996 et
1040 2947 1144 2997 meae
1171 2924 1285 3018 ipsius
1311 2924 1453 3017 quales-

186 3066 327 3135 cunque
354 3043 626 3115 lucubrationes
653 3044 821 3137 supplere
853 3042 939 3137 quid
972 3047 1040 3114 aut
1066 3044 1245 3138 corrigere
1267 3043 1453 3135 juberent.

185 3160 228 3233 In
254 3162 336 3234 aliis
363 3162 573 3235 deterrebat
600 3164 776 3236 sermonis
809 3162 1016 3257 prolixitas;
1063 3165 1175 3255 atque
1210 3162 1274 3233 illa
1306 3162 1455 3233 omnino

187 3281 352 3354 oodicum
378 3304 481 3353 mera
508 3283 723 3376 appellatio,
757 3306 831 3374 qua
861 3304 928 3354 nec
955 3283 1059 3353 aetas
1087 3303 1152 3353 neo
1179 3279 1265 3353 ordo
1292 3280 1454 3373 ipsorum

186 3399 412 3493 proderetur,
439 3423 514 3473 non
540 3401 662 3472 minus
689 3401 919 3474 incommoda
944 3423 1058 3494 quam
1075 3399 1295 3472 stabiliendo
1317 3398 1455 3491 judicio

188 3518 315 3592 critico
341 3518 499 3592 difficilis
526 3542 603 3592 esse
631 3521 845 3614 apparebat.
912 3519 1076 3612 Denique
1103 3520 1264 3613 ipsorum
1294 3519 1455 3591 virormn

187 3661 331 3711 summe
369 3639 660 3712 venerandorrun
699 3638 906 3711 Constantii
950 3643 988 3711 et
1032 3661 1280 3711 successorum
1318 3638 1453 3726 studia,

187 3759 462 3851 quanticunque
489 3782 554 3851 per
579 3782 618 3829 se
637 3758 869 3831 aestimanda
896 3763 935 3830 et
953 3757 1208 3852 praedicanda,
1237 3761 1364 3829 tamen
1382 3781 1456 3830 non

189 3877 244 3949 ita
270 3877 417 3971 publica
443 3875 664 3949 documenta
691 3880 757 3949 aut
785 3878 926 3950 a'etemi
954 3877 1146 3970 cujusdam
1168 3877 1262 3969 juris
1282 3899 1359 3948 esse
1377 3877 1457 3947 visa

189 3999 286 4084 sunt,
315 3999 358 4067 nt
380 3996 461 4088 jam
487 3995 636 4068 omnino
663 3998 911 4069 mutationem
938 4019 1010 4067 non
1038 4000 1221 4090 saperent,
1251 3998 1319 4067 aut
1337 4018 1381 4066 ea
1399 3998 1456 4066 at-

188 4115 331 4210 tingere
357 4114 541 4187 diceretur
566 4115 681 4187 nefas.
723 4115 789 4186 His
816 4116 931 4210 igitur
954 4114 1074 4187 causis
1100 4114 1192 4185 nihil
1209 4113 1455 4186 dubitandum

188 4233 285 4320 duxi,
314 4234 402 4327 quin
420 4236 566 4305 textum
584 4232 793 4307 Constantii
819 4237 856 4308 et
873 4233 1049 4321 Durandi,
1078 4234 1230 4306 tametsi
1255 4232 1456 4327 plmimnm

188 4353 397 4440 retinerem,
424 4356 553 4425 tamen
579 4357 761 4446 quantum
788 4354 950 4425 rationes
975 4375 1067 4444 quas
1098 4353 1205 4426 modo
1232 4352 1345 4425 extuli
1374 4375 1456 4422 sua-

190 4470 329 4559 derent,
363 4471 568 4545 desererem
595 4476 633 4545 et
660 4495 741 4545 meo
767 4473 873 4567 genio
901 4471 1110 4544 formarem.
1165 4470 1202 4542 Si
1229 4475 1358 4543 antem
1384 4470 1456 4541 sin·

189 4590 298 4685 gulae
326 4590 503 4683 ejusmodi
530 4593 756 4663 mutationes
784 4591 937 4685 singulis
971 4591 1057 4664 loeis
1089 4590 1224 4662 litteris
1258 4595 1325 4661 aut
1359 4591 1456 4660 notis

191 4708 419 4804 significatae
446 4713 578 4799 essent,
607 4711 669 4781 vix
686 4714 811 4782 ortum
829 4710 912 4782 inde
932 4709 1201 4783 incommodum
1220 4731 1334 4802 aeque
1352 4708 1456 4779 tulis-

191 4832 248 4900 set
282 4829 523 4923 aequissimus
549 4830 673 4902 lector.
732 4827 961 4924 Quapropter
994 4832 1054 4916 ut,
1087 4830 1268 4928 quantam]
1300 4851 1365 4921 per
1397 4852 1457 4897 me

191 4950 327 5039 staret,
362 4971 429 5024 nec
456 4947 593 5020 veritas
627 4971 693 5022 neo
714 4948 867 5040 justitia
900 4949 1091 5043 pietasque
1112 4946 1348 5048 laederetur,
1390 4969 1456 5021 nee
