3224 5506
581 367 794 416 assemanus
819 359 910 417 1-3.
1013 349 1016 355 ’
1339 358 1378 422 61

134 535 223 608 longam
236 531 451 606 fragmentorum
462 529 661 586 Gelasianorum
677 530 774 586 seriem
790 529 919 586 exhihuit.
950 528 987 587 lix
1004 530 1142 588 codicibus
1157 533 1286 607 imprimis
1303 533 1380 590 nobis

135 621 183 674 usui
194 617 298 674 fuerunt
312 616 458 673 Vaticanus
474 615 555 673 3832
572 632 609 690 eu¹
619 615 696 670 initio
712 613 812 671 saeculi
828 614 881 680 Xll,
903 624 967 690 post
982 616 1261 673 Pseudo-lsidorianas
1280 621 1379 693 primo·

132 720 179 758 run
191 700 344 776 pontificum
360 701 490 775 epistolas
512 709 539 756 et
560 701 631 755 varia
646 708 770 773 excerpta
791 699 1030 774 locupletissimam
1052 701 1265 776 fragmentorum
1282 703 1379 759 Gelasii

131 787 263 861 Pelagiique
284 788 390 861 copiam
405 784 537 860 praebens
557 784 616 857 (fol.
634 784 784 857 66-70);
808 801 858 841 nee
872 803 927 842 nou
942 786 1085 842 Vaticanus
1103 787 1184 844 1364
1205 790 1381 861 praestantis·

131 874 199 928 simus
212 871 327 928 Anselmi
344 870 473 927 lucensis
489 870 582 927 codex.
618 869 760 927 Praeterea
781 887 831 926 uec
850 871 1083 945 supersedendum
1105 874 1155 927 rati
1176 890 1285 938 sumus,
1312 891 1379 947 quo·

130 959 203 1012 miuus
215 958 349 1030 principes
370 956 434 1013 illus
455 953 562 1012 codices
584 954 777 1011 collectionum
792 954 880 1011 lvonis
901 965 928 1011 et
944 956 1084 1012 cardinalis
1101 956 1255 1019 lleusdedit,
1277 958 1379 1014 Vatica-

130 1042 257 1099 uos1357
274 1049 302 1098 et
318 1040 401 1099 3833
417 1041 486 1105 tbco,
508 1038 654 1108 iterumad
670 1041 796 1096 trutinam
813 1056 978 1098 vocaremus.
1015 1039 1116 1109 Quibus
1137 1042 1217 1098 simul
1238 1060 1271 1098 eo
1293 1044 1379 1117 magis

129 1128 228 1201 suspicio
248 1127 335 1183 omnis
356 1134 524 1191 removeam,
556 1143 589 1183 ne
613 1125 721 1184 Gefcsii
734 1125 754 1181 Ι
777 1142 827 1200 pro
850 1127 959 1183 Gelosii
972 1127 1006 1184 ΙΙ
1032 1143 1131 1183 nomeu
1157 1128 1301 1201 irrepsisse
1322 1128 1378 1183 ullo

129 1211 195 1269 nodo
208 1211 370 1268 admittatur.
1303 1227 1306 1236 “

330 1430 368 1491 Iu
390 1429 507 1491 dotarii
528 1445 629 1508 papae
652 1428 860 1507 fragmentum
881 1429 897 1488 1
920 1425 998 1510 (.,1)e
1013 1426 1147 1510 sacra‘).

197 1551 232 1608 Er
246 1551 456 1615 vindobonensi,
474 1560 502 1607 ut
516 1551 635 1614 videtur.
651 1551 744 1608 codice
760 1552 902 1625 exscripsit
917 1561 945 1607 et
956 1550 1056 1626 publici
1067 1551 1136 1622 juris
1152 1551 1217 1607 fecit
1232 1552 1272 1608 vir
1287 1552 1378 1609 claris·
1392 1555 1469 1626 [Ed]

128 1639 198 1693 sium
211 1639 380 1712 Augustinus
396 1637 513 1694 Theiuer
528 1653 598 1693 anuo
608 1637 688 1694 1836
703 1639 732 1692 in
748 1653 840 1711 opere,
856 1638 899 1692 cui
916 1637 1012 1692 titulus
1020 1638 1240 1711 Bisquisitiones
1256 1641 1378 1694 criticae

128 1726 153 1779 ia
162 1726 332 1796 prcedpuus
347 1739 492 1780 ennorrnm
507 1729 534 1778 et
548 1725 737 1779 decretalium
752 1724 938 1780 collectiones
954 1729 1017 1777 tom.
1035 1721 1046 1777 l
1065 1740 1092 1796 p.
1107 1721 1179 1779 201.
1215 1721 1301 1778 Porro
1323 1722 1377 1778 duo
1420 1774 1427 1790 ,

127 1808 171 1864 hoc
182 1816 298 1882 tempore
313 1807 346 1863 ab
362 1808 501 1864 historicis
512 1801 533 1880 ¹)
554 1816 737 1864 memorantur
752 1807 900 1864 lohannes
920 1807 1103 1870 illustrissimi.
1126 1807 1194 1862 alter
1215 1808 1378 1881 cognomine

128 1893 229 1965 Scytha.
252 1893 321 1949 alter
341 1894 506 1967 cognomine
522 1892 644 1960 Gibbns,
666 1894 712 1966 qui
734 1892 766 1947 ab
782 1894 922 1949 Anastasio
944 1893 1107 1966 imperatore
1128 1891 1256 1948 adversus
1271 1891 1378 1948 lsauros

128 1975 271 2035 rebellantes
286 1979 360 2033 missi
377 1976 409 2032 ab
425 1995 495 2034 anuo
510 1976 572 2034 492
589 1994 676 2051 nsque
691 1976 724 2032 ad
739 1993 838 2033 annum
854 1977 916 2035 498
937 1994 994 2033 rem
1009 1975 1192 2033 Romanorum
1212 1979 1239 2032 iu
1261 1978 1380 2052 regioni·

127 2061 168 2117 hus
186 2064 303 2119 Asiaticis
330 2072 443 2119 strenue
469 2061 648 2119 sustinebant.
700 2062 828 2119 Fortasse
849 2063 971 2119 Gelasius
997 2078 1081 2135 quum
1107 2060 1293 2118 celeberrimas
1320 2061 1378 2117 illas

119 2147 238 2220 epistolas
259 2149 409 2222 encyclicas
430 2147 463 2204 ad
483 2147 628 2204 orientales
649 2147 725 2203 daret
749 2147 888 2222 (epistolas
906 2147 945 2205 26
962 2155 989 2203 et
1005 2146 1070 2219 27).
1099 2146 1193 2202 iisdem
1214 2147 1311 2221 legatis
1333 2146 1379 2202 dc·

128 2231 257 2289 ferentibus
272 2233 375 2290 addidit
390 2235 471 2290 etiam
486 2235 644 2289 monitorias
666 2232 698 2288 ad
715 2233 905 2289 honoratiores
924 2232 1063 2307 quosdam,
1087 2249 1156 2306 quos
1174 2249 1270 2288 causae
1285 2232 1378 2287 catho-

129 2316 279 2374 licaefarere
299 2327 346 2374 aut
366 2319 525 2392 praeprimis
546 2318 678 2392 prodesse
693 2334 775 2392 posse
790 2319 882 2374 sciret.
926 2316 1064 2390 Ejusmodi
1087 2316 1195 2391 quidem
1219 2318 1326 2392 scriptis
1347 2326 1378 2372 nt

130 2418 195 2475 supra
207 2403 332 2476 epistolas
343 2402 384 2461 28
396 2402 479 2466 erre.
495 2405 531 2459 ita
546 2404 625 2460 etiam
641 2404 693 2460 hoc
707 2402 890 2478 fragmentum
906 2402 937 2458 ad
952 2403 1114 2461 Jclronnem
1129 2404 1269 2459 illustrem
1285 2418 1377 2458 aocca-

130 2503 208 2551 acasur,
222 2490 276 2544 sive
291 2488 454 2544 alterutrum
468 2487 577 2544 illorum
595 2487 723 2544 adversus
734 2488 842 2545 lsauros
858 2489 965 2551 dacum,
982 2489 1038 2543 sive
1055 2487 1134 2544 alium
1149 2488 1176 2565 iu
1192 2487 1273 2543 rebus
1289 2486 1378 2562 puhli-

131 2572 161 2626 cis
176 2573 335 2647 aliquateuus
355 2573 514 2647 pollentem.
554 2572 610 2629 Nisi
630 2573 702 2630 forte
723 2575 782 2648 quis
804 2575 875 2631 idem
896 2574 928 2630 ad
950 2573 1022 2630 illam
1043 2574 1133 2648 potius
1149 2570 1241 2630 Fausti
1256 2573 1378 2648 magistri

132 2654 272 2730 legationem
286 2667 314 2715 et
329 2658 506 2733 epistolarum
521 2659 627 2717 8-10
642 2660 740 2715 seriem
756 2659 859 2716 referre
875 2660 1008 2716 maluerit.

292 2792 331 2853 In
353 2792 469 2854 (falesii
489 2809 591 2871 papae
614 2791 822 2872 flamonium
843 2790 863 2853 2
884 2790 1029 2872 („Precor
1045 2788 1184 2874 Μίκων’).

197 2911 232 2969 Eu
246 2914 374 2971 Vaticano
390 2914 472 2972 3833
486 2914 656 2972 'collectionis
674 2915 814 2973 cardinalis
831 2915 975 2973 deusdedit
996 2915 1014 2971 l.
1032 2915 1052 2970 ll
1074 2934 1097 2973 c.
1112 2916 1174 2974 100
1188 2916 1303 2989 primum
1320 2914 1377 2969 vul·
1391 2917 1467 2988 [Ed]

134 3006 212 3069 garunt
224 2998 357 3056 ballerinii
372 2999 422 3074 Op.
438 2998 522 3057 Leon.
539 3009 605 3056 tom.
622 2999 656 3056 lll
670 3019 697 3075 p.
714 2999 816 3064 ccclv,
834 2999 930 3057 deiude
945 3000 1062 3056 blansius
1078 2999 1139 3056 coll.
1157 3017 1232 3062 cunc,
1250 2998 1377 3056 tom.Vlll

135 3082 173 3138 col.
180 3083 240 3148 141,
254 3086 276 3140 is
293 3093 382 3142 tamen
398 3102 480 3141 sensu
495 3103 609 3160 prorsus
625 3094 737 3150 mutato,
754 3102 837 3159 quum
853 3103 885 3141 ex
898 3087 999 3142 incuria
1011 3085 1111 3142 librarii
1124 3088 1253 3160 regulam
1264 3102 1287 3141 s.
1295 3085 1379 3141 Petri

135 3164 180 3223 loro
197 3173 320 3226 reculam
341 3187 366 3227 s.
381 3171 463 3227 Petri
480 3172 612 3246 posuerit.
658 3171 742 3227 Porro
764 3171 904 3228 ecclesiam
919 3170 1064 3227 Romanam
1085 3172 1156 3227 iuter
1178 3171 1227 3226 alia
1249 3171 1328 3225 etiam
1351 3171 1377 3224 in

135 3249 236 3310 baluatia
255 3253 325 3312 bona
352 3255 482 3330 quaedam
508 3256 677 3330 possedisse,
706 3274 737 3312 es
759 3256 881 3331 Gregorii
903 3256 914 3311 l
935 3272 1045 3331 quoque
1065 3255 1187 3330 epistulis
1208 3263 1376 3328 compertum

135 3334 238 3395 murus
252 3339 336 3413 (conf.
353 3341 435 3415 Greg.
453 3342 532 3416 epist.
548 3341 579 3404 ll,
596 3342 637 3401 20
651 3350 679 3397 et
694 3341 744 3399 46.
773 3340 814 3405 lll‚
832 3340 892 3414 22).
934 3340 1021 3415 lgitur
1036 3341 1106 3397 inter
1120 3340 1231 3396 multam
1246 3339 1377 3395 sollicitu-

136 3418 211 3486 diuem.
226 3425 431 3498 quamGelasius
447 3426 480 3482 de
496 3427 646 3483 schismatis
662 3429 689 3482 in
705 3426 751 3482 illa
761 3427 873 3500 regione
885 3427 1060 3483 restinctiouc
1076 3427 1171 3500 gessit,
1185 3426 1377 3500 patrimonium

137 3510 201 3564 nucu
213 3508 282 3567 Petri
297 3513 369 3568 tueri
389 3527 443 3567 uon
465 3512 565 3568 omisit.
602 3510 729 3568 Fortasse
749 3513 879 3586 scriptum
899 3520 1023 3567 nostrum
1040 3512 1222 3586 fragmentum
1245 3511 1323 3566 unius
1344 3526 1377 3565 es

138 3589 275 3666 iacpistohs
292 3603 343 3660 est,
357 3613 423 3671 quas
435 3596 533 3653 sollers
544 3597 667 3672 pontifex
679 3597 770 3672 plures
783 3596 877 3652 eodem
889 3605 1012 3671 tempore
1025 3595 1121 3652 dicerit
1129 3595 1172 3670 (cl.
1181 3598 1259 3671 epist.
1268 3594 1376 3668 4,5,7),

140 3678 273 3735 utschisma
294 3680 397 3737 artibus
413 3681 534 3739 Andreae
556 3683 677 3757 episcopi
698 3681 948 3738 Thessalonicensis
975 3690 1001 3737 et
1021 3681 1227 3756 Pelagianorum
1252 3689 1377 3736 exortum

141 3772 228 3819 amiel.
269 3764 347 3823 Certe
369 3768 416 3842 qui
443 3767 485 3823 hic
506 3775 671 3824 memoratur
691 3769 852 3832 Honorius,
880 3775 921 3823 est
941 3766 987 3822 illc
1008 3767 1196 3824 Saloaitunns
1216 3770 1376 3839 episcopus.

142 3844 197 3942 ‘titt
210 3865 255 3988 ppe
269 3852 375 4010 egplias
391 3852 525 3909 Gelasium
541 3870 591 3927 pro
607 3853 804 3927 exstinguenda
819 3853 924 3909 haeresi
940 3869 1018 3908 usum
1034 3870 1094 3908 csse
1109 3854 1208 3909 sciurus
1225 3850 1270 3922 (cf.
1288 3850 1375 3906 Gelas.

142 3939 199 4000 titt
242 3944 268 3993 et
315 3979 321 3992 .

306 4072 344 4132 Iu
366 4070 485 4132 estasii
506 4088 607 4151 papas
630 4068 837 4152 fragmentum
858 4070 877 4132 3
901 4067 1173 4153 (‚.Experientio⁴·).

208 4191 372 4268 AStephano
394 4193 502 4251 baluzio
525 4194 670 4251 Miscellau.
694 4194 792 4251 tom.V
819 4194 958 4268 vulgatum
980 4210 1010 4248 ac
1031 4191 1128 4248 deiude
1148 4210 1162 4246 a
1183 4189 1374 4247 collectoribus
1389 4195 1447 4266 [at]

148 4273 285 4334 uranum
299 4281 446 4353 repetitum
462 4279 521 4336 luit.
550 4279 664 4336 Perinde
679 4281 706 4335 in
722 4296 755 4335 eo
771 4278 1029 4354 loquiturGelasius,
1045 4296 1074 4332 ac
1090 4279 1112 4332 si
1127 4277 1274 4332 Lucerinae
1290 4276 1377 4332 eccle·

149 4352 188 4408 Sl&
198 4361 356 4438 episcopalem
371 4363 463 4421 sedem
479 4382 550 4421 nunc
565 4366 680 4440 primurn
696 4373 808 4426 crearet.
824 4381 881 4420 eam
897 4363 1054 4426 Aemiliano,
1077 4362 1253 4418 (lorrstantino
1270 4369 1297 4416 et
1313 4363 1375 4417 Aur-

151 4436 202 4506 l‘llt
213 4443 369 4506 laudantibus
385 4457 467 4523 atque
483 4451 651 4506 Anastasium
673 4451 696 4505 ei
712 4447 920 4524 praeficiendum
942 4447 1106 4523 petentibus.
1143 4447 1220 4515 Quod
1235 4448 1258 4502 si
1272 4447 1309 4502 ita
1325 4457 1375 4509 est,

152 4519 204 4579 bltd
220 4527 323 4591 Gelasius
343 4535 415 4591 mrca
435 4533 607 4609 pontificatus
628 4536 703 4591 initia
723 4535 863 4609 scripserit
883 4550 993 4590 necesse
1014 4543 1069 4596 est.
1101 4549 1183 4607 quum
1206 4531 1375 4606 epistolarii

153 4599 245 4670 buenni
256 4620 368 4695 episcopi
383 4621 535 4678 meminerit
549 4620 662 4677 clericos
677 4628 786 4696 praeter
800 4621 839 4677 fas
856 4619 1014 4677 ordinantis.

156 4766 412 4796 k...-

158 4913 190 4971 ἢ
207 4859 221 4923 'l
233 4861 317 4937 Frage.
335 4869 369 4924 H.
389 4868 420 4922 ll.
438 4868 485 4935 ΠΙ,
496 4876 537 4937 35,
560 4869 745 4940 Theophanes
764 4870 908 4939 chronogr.
928 4885 956 4938 p.
969 4874 1028 4935 213,
1053 4866 1229 4921 Marcellinus
1247 4867 1375 4932 chronic,

191 4924 254 4984 auu
265 4933 353 4992 lector.
372 4935 408 4996 IL
426 4936 455 4992 E.
473 4956 501 5009 p.
515 4942 565 4994 obli
583 4937 638 5008 (ed.
651 4937 764 5008 Feles).
