3204 5506
210 366 272 431 538
686 383 714 430 s.
732 381 873 430 (incisu
895 382 1008 428 iuria

60 545 199 610 Runiaa.
212 536 326 620 inquit,
356 548 385 599 et
406 542 579 600 rumoridus
600 544 748 616 apparuit
771 540 939 601 Salvatori's
960 543 1058 601 rioslrr‘
1078 541 1153 609 Dei‚·
1182 540 1215 600 et
1238 536 1326 602 alibi:
1353 543 1464 615 orest

209 646 421 718 superomnia
444 644 523 702 Deus
549 644 720 703 beriedi‘rtirs
748 647 778 702 i'u
801 646 933 703 saeculo.
969 638 1131 722 Numquid
1146 661 1246 724 quum
1259 637 1472 707 anamodo

210 741 295 805 Deus
318 741 444 822 dieitur,
468 739 609 825 humor)
633 741 819 825 denegatur,
849 741 1001 825 numquid
1024 762 1121 825 quum
1143 741 1326 806 humanitas
1345 743 1476 811 burst,

209 842 310 905 deitas
333 843 407 906 iiule
429 842 630 905 removetur?
660 842 821 926 Numquid
850 864 947 927 quum
974 842 1058 906 tilius
1080 842 1221 907 hominis
1249 843 1372 927 dicitur,
1392 853 1486 908 noll

209 946 306 1009 etiam
321 944 421 1009 Filius
433 943 492 1008 Dei
509 948 739 1028 consequenter
751 945 950 1008 advertitur?
972 943 1136 1029 Numquid
1151 966 1250 1029 quum
1265 944 1390 1009 Verbum
1398 930 1495 1009 Dei

209 1046 336 1128 dicitur,
360 1069 426 1110 uon
448 1047 542 1110 simul
565 1046 758 1130 intelligitur
786 1050 819 1110 et
847 1068 920 1111 earo
948 1047 1032 1132 quod
1054 1046 1178 1110 factum
1201 1046 1275 1111 est?
1315 1029 1504 1131 Numquid

209 1171 305 1233 quum
329 1171 401 1212 earo
430 1171 604 1232 corpusque
627 1149 838 1231 depromitur,
868 1170 933 1212 iion
956 1149 1053 1213 etiam
1075 1149 1228 1213 divinitas
1258 1148 1511 1214 indubitanter

208 1250 410 1314 ostenditur?
438 1250 534 1313 Aliud
558 1254 616 1332 est,
646 1251 819 1335 quandum)
842 1251 961 1313 usitato
989 1251 1138 1335 loquendi
1168 1251 1352 1336 compendio
1374 1257 1511 1335 saepe

209 1352 247 1415 de
269 1352 414 1436 qualibet
435 1353 481 1415 rei
504 1356 595 1435 parte
618 1352 763 1431 dicimus,
788 1356 820 1416 ct
842 1355 946 1416 totum
969 1353 1052 1437 quod
1075 1353 1216 1417 estsine
1239 1352 1333 1418 dubio
1347 1352 1509 1437 pruine

208 1475 294 1535 mur3
318 1453 413 1535 aliud,
437 1476 534 1537 quum
556 1454 735 1538 prorumpit
756 1453 914 1518 humanae
936 1455 1127 1519 teineritatis
1151 1455 1295 1538 audacia,
1324 1475 1395 1540 quae
1415 1444 1506 1516 si

209 1555 347 1638 aliquam
376 1559 502 1639 partem
529 1578 716 1640 nuncupare
746 1557 928 1639 contendit,
959 1560 996 1620 ut
1023 1557 1104 1641 quod
1137 1560 1243 1621 totum
1276 1559 1326 1621 est
1354 1568 1511 1641 nega-1

208 1657 368 1740 moliatur,
393 1661 425 1721 et
447 1679 576 1721 neeesse
599 1658 650 1739 sit,
675 1680 732 1741 pro
756 1659 890 1722 veritate
914 1662 1073 1723 certantes
1095 1659 1178 1743 illos,
1202 1660 1256 1744 qui
1279 1662 1396 1743 partem
1413 1675 1511 1721 st

208 1758 351 1842 acipiunt
378 1763 564 1843 partemque
598 1763 823 1840 contemnunt,
858 1761 955 1824 etiam
983 1761 1021 1825 de
1048 1764 1117 1825 toto
1147 1761 1346 1826 convincere.
1386 1759 1511 1825 Nun

208 1861 362 1944 quomodo
385 1884 451 1925 non
472 1862 583 1925 vident
605 1862 703 1925 etiam
725 1862 789 1925 suis
816 1862 920 1925 verbis
943 1862 1109 1943 admoniti,
1138 1861 1214 1946 quia
1240 1884 1338 1948 quum
1363 1862 1511 1926 dicit-J

135 2025 138 2029 ,
207 1964 350 2046 quolibet
371 1964 463 2027 modo
485 1970 647 2028 Immunem
670 1977 822 2046 autmari,
846 1964 934 2027 salva
958 1964 1097 2048 eorporis
1113 1965 1301 2050 animaeque
1323 1963 1511 2029 distant

208 2067 351 2148 uiiam²¹)
375 2070 483 2129 tamen
506 2066 647 2151 quolibet
669 2066 761 2130 modo
783 2067 956 2130 humanam
978 2066 1194 2149 pronuncient
1215 2088 1284 2130 esse
1304 2069 1511 2131 naturan

207 2166 291 2230 lluic
319 2189 395 2252 ergo
424 2190 457 2232 se
486 2169 648 2233 adunante
675 2168 799 2250 diviua,
834 2168 932 2231 etiarn
965 2168 1140 2232 secundum
1167 2168 1253 2251 ipsos
1282 2168 1362 2232 duae
1386 2190 1511 2232 sax]

208 2270 316 2353 utique
338 2269 479 2335 humana
506 2271 628 2354 pariter
655 2273 687 2334 et
708 2269 826 2334 divina.
871 2269 946 2334 Una
973 2269 1073 2355 igitur
1099 2291 1161 2334 nec
1187 2272 1295 2354 potest
1321 2291 1387 2334 esse
1410 2292 1511 2335 n,

208 2370 281 2453 dici,
306 2394 402 2455 quum
424 2373 505 2438 duae
527 2373 609 2455 sint,
638 2373 741 2436 unitio
764 2376 813 2436 cst
835 2371 920 2436 eninr
943 2372 1086 2455 duarum,
1115 2394 1183 2436 non
1206 2371 1377 2456 cujuslibet
1395 2371 1511 2437 ila

207 2473 272 2535 rius
295 2473 441 2557 aboliti03
464 2498 540 2539 nam
562 2497 621 2539 nec
644 2474 705 2538 dici
728 2478 835 2558 potest
849 2474 962 2556 unitio,
986 2474 1050 2538 nisi
1065 2474 1215 2557 duamm3
1238 2474 1378 2559 alioquin
1396 2473 1511 2539 <lu

207 2573 298 2639 litate
321 2576 477 2659 submota,
503 2598 568 2640 non
591 2576 740 2661 unitio²²)
763 2580 870 2659 potest
890 2575 941 2640 vel
963 2575 1025 2640 dici
1048 2575 1098 2640 vel
1121 2597 1200 2659 esse,
1223 2575 1281 2640 sed
1303 2575 1387 2640 unio.

295 2678 342 2743 ie.
387 2677 463 2753 Quis
493 2679 562 2761 jam
594 2681 679 2742 ferat
691 2729 699 2760 ,
736 2678 904 2762 dedignari
937 2700 990 2742 eos
1023 2679 1179 2743 vocabula
1210 2699 1356 2762 promere
1385 2700 1407 2741 a
1422 2690 1511 2742 αι

207 2800 312 2843 riuum
319 2829 328 2861 ,
358 2802 455 2864 quum
481 2781 591 2864 utique
618 2780 707 2843 nulla
735 2802 786 2843 res
813 2781 870 2862 sit,
899 2802 980 2863 quae
1008 2801 1074 2844 non
1102 2779 1266 2864 propriam
1292 2780 1392 2864 possit
1457 2779 1511 2843 ha

207 2880 281 2944 bero
315 2882 550 2964 substantiam,
592 2882 772 2946 substantia
800 2903 874 2946 vero
907 2882 996 2946 nulla
1033 2882 1094 2964 sit,
1136 2903 1218 2966 quae
1257 2903 1325 2946 non
1358 2885 1511 2946 natam

277 3073 306 3138 ¹⁹)
324 3069 418 3123 Verba
436 3075 507 3124 torio
526 3076 673 3137 derepere,
693 3086 764 3136 quae
782 3068 827 3121 liic
845 3068 974 3133 deerant,
992 3084 1155 3122 revocamus
1174 3085 1208 3122 ex
1220 3068 1381 3137 Fulgentio,
1411 3081 1511 3135 apo<

207 3174 289 3225 quein
307 3154 426 3208 vicissim
445 3154 582 3221 quaedam
600 3154 673 3206 infra
689 3152 755 3206 hinc
772 3152 927 3222 supplenda
944 3154 1017 3206 aimt.

273 3244 305 3307 ⁴²⁰)
324 3241 354 3293 ln
373 3239 449 3308 prius
467 3238 587 3308 vulgatis
611 3244 681 3291 aliud
697 3249 736 3311 est
754 3243 834 3307 qaod,
860 3236 925 3291 vitio
948 3236 1113 3306 legentiinn,
1136 3236 1184 3306 qui
1208 3243 1278 3307 qaod
1296 3256 1348 3309 pro
1372 3236 1511 3309 parandi

207 3328 346 3394 legerunt,
371 3327 401 3377 ut
422 3325 503 3392 patet
526 3341 559 3376 ex
582 3323 706 3377 membro
730 3338 793 3375 mox
817 3321 960 3391 opposito,
984 3327 1026 3375 abi
1048 3328 1119 3376 uliud
1140 3344 1224 3392 quum,
1248 3339 1304 3376 non
1321 3328 1398 3377 aliu!
1425 3333 1511 3388 qm

206 3410 315 3476 legitur.

274 3498 305 3560 ²¹)
325 3495 367 3548 lta
385 3493 588 3547 emendandum
606 3493 745 3559 duximus,
765 3492 839 3561 quod
858 3493 885 3545 in
905 3493 1024 3562 vulgatis
1042 3514 1129 3554 narrar
1147 3496 1176 3548 et
1192 3510 1259 3548 mox
1276 3498 1413 3561 tuieerqo
1439 3498 1511 3556 ΡΝ

206 3585 263 3633 liius
280 3600 349 3648 erpo.
385 3579 430 3632 sie.
446 3595 530 3660 porro
549 3578 730 3632 ratiocinatur
748 3578 885 3633 Geiesius:
904 3583 1012 3631 turiano
1030 3589 1123 3632 nature
1142 3585 1217 3633 etium
1235 3583 1305 3635 roob
1319 3580 1510 3649 praedira·-

206 3669 271 3717 iibur
290 3686 338 3717 uuo
362 3675 400 3717 est
419 3676 522 3725 notura,
545 3683 591 3717 uec
612 3683 703 3721 vocare
725 3671 750 3717 i'u
773 3667 871 3717 dubium
895 3669 1036 3733 qiu'squaui,
1062 3669 1122 3733 qri'a
1143 3669 1230 3718 diviua
1251 3672 1351 3734 pariter
1372 3677 1434 3715 iim
1464 3653 1510 3703 *ἃ

208 3760 312 3807 initiari:
331 3755 387 3802 dura
406 3755 482 3817 i'pitur
500 3752 620 3800 dicrimine
639 3754 721 3801 diviua
740 3754 836 3808 uritur,
861 3768 955 3815 repere
978 3768 1027 3801 nou
1046 3752 1155 3810 debetis,
1180 3760 1230 3802 tani
1248 3755 1312 3804 diras
1328 3766 1380 3804 erre
1394 3746 1509 3795 ΜΝ·

207 3854 251 3887 rus·
268 3840 340 3886 simiel
357 3840 449 3889 irrii'tiis.

273 3921 305 3986 ²²)
323 3918 529 3972 Vocabulorum
548 3924 625 3972 unitio
644 3918 673 3970 et
691 3924 760 3976 uuio,
780 3934 851 3983 quae
870 3935 887 3971 a
905 3917 1062 3971 recentibus
1079 3919 1220 3988 theologis
1232 3917 1358 3975 consimili
1368 3897 1511 3970 solt-²¹¹¹*

207 4007 306 4073 aperta
323 4005 365 4057 est
383 4004 427 4057 hic
445 4006 476 4056 ut
494 4003 568 4072 apud
586 4002 654 4056 alios
672 4004 767 4071 patrea
786 4002 938 4067 distinctio,
958 4002 1027 4057 adeo
1046 4004 1078 4056 ut
1094 4010 1153 4058 urii'o
1173 4003 1388 4073 singularitatem,
1414 3983 1511 4045 ’μ’

206 4097 241 4141 u'u
267 4091 384 4143 duarum
410 4106 502 4142 reruni
531 4087 752 4157 conjunctionem
780 4090 867 4141 sonet
910 4086 1045 4152 Quocirca
1067 4087 1187 4154 vigilius
1208 4087 1352 4161 Tupsemis
1368 4068 1511 4161 ωνῗῗ

208 4175 350 4244 Eutychen
365 4174 396 4233 ΙΙ,
411 4180 426 4227 5
439 4172 519 4225 dixit:
545 4175 608 4237 Qui'u
626 4185 664 4226 est
683 4179 708 4225 i‘u
722 4176 822 4226 Cri-uto
835 4185 860 4226 ei
878 4185 1025 4226 naturarum
1041 4180 1192 4241 proprietas
1210 4185 1236 4227 et
1253 4182 1448 4243 personari!-
1472 4162 1497 4196 ⁸

207 4267 342 4314 ,vacuus
354 4265 537 4326 proprietatem
550 4264 705 4311 uiteuilerido
718 4271 865 4312 naturarum
883 4280 899 4310 a
916 4278 1044 4326 perronae
1056 4264 1154 4312 excidit
1171 4264 1291 4314 unione.
1317 4237 1511 4312 'l'iiiiiiffie

207 4345 373 4398 vocabulum
392 4361 451 4412 cap.
467 4348 495 4409 6,
509 4350 523 4396 7
537 4345 593 4397 et8
612 4342 710 4397 eodeni
728 4342 869 4397 intellectu
887 4342 1040 4397 identidem
1057 4344 1199 4412 repetens,
1224 4343 1292 4413 quid
1308 4340 1397 4398 camo
1495 4324 1511 4355 '¹

206 4436 311 4483 eiuubuu
330 4441 478 4482 naturarum
498 4433 695 4496 proprietatem,
720 4434 781 4498 qaid
797 4434 931 4482 seeundum
951 4448 1078 4499 pei-sorae
1096 4434 1211 4482 autorem
1228 4439 1348 4498 eoupreoi
1360 4424 1406 4480 det
1424 4404 1511 4511 5,

208 4515 312 4569 Eadem
331 4520 429 4569 uuioui‘s
447 4528 513 4566 voco
532 4513 669 4567 haeresim
682 4512 808 4577 Sabellii,
828 4514 874 4580 qui
893 4512 1049 4566 divinarum
1067 4529 1251 4582 personarum
1269 4500 1511 4602 distaedet⁴

208 4601 356 4668 respuebat
379 4599 584 4666 inducebatque
607 4598 841 4665 singularitatem,
869 4597 1017 4667 designant
1039 4597 1163 4653 Hilarius
1185 4598 1303 4669 passim,
1328 4582 1497 4651 mndl‘

207 4683 361 4737 l¹arisionse
380 4684 403 4749 l,
423 4684 606 4752 Hieronymus
625 4683 703 4752 epist.
718 4690 749 4737 57
769 4683 805 4736 ad
823 4684 984 4748 Dariiasiiin,
1004 4683 1139 4752 Sulpicius
1158 4681 1277 4738 Severus
1294 4680 1352 4737 liist
1367 4678 1394 4741 ll.

208 4772 268 4822 etor
286 4769 416 4836 antiquus
437 4770 542 4836 quaest.
564 4774 616 4822 vet.
637 4772 665 4822 et
682 4786 743 4822 iiov.
764 4769 828 4822 test.
849 4769 923 4837 apud
941 4769 1058 4837 August.
1079 4768 1228 4838 appendic.
1249 4772 1314 4823 tom
1327 4762 1345 4822 ’3
1358 4742 1511 4834 qius

209 4859 253 4915 ῖι),
276 4852 412 4905 Maxinnis
431 4852 544 4905 Triaria.
566 4854 639 4906 liom.
662 4861 672 4905 1
693 4854 727 4906 de
746 4873 766 4906 s.
787 4853 920 4918 siurbia,
943 4852 1107 4923 Fulgentius
1124 4853 1161 4907 ad
1180 4853 1282 4931 object
1301 4851 1382 4909 Aristo
1395 4818 1511 4899 ῤ

209 4934 253 4970 ..iri
