3204 5506
504 405 705 456 saronicus
729 408 780 455 111.
1214 391 1275 458 53⁷

102 565 231 647 satque
259 562 404 626 eumdem
437 582 566 626 manere
594 560 768 625 Dominum
799 561 910 625 Jesum
944 560 1131 651 Christump
1156 562 1209 646 qui
1243 561 1276 625 in

102 684 150 748 que
169 685 249 728 unus
279 665 375 748 atque
403 662 486 727 idem
509 663 666 727 veraciter
688 663 774 727 Deus
795 662 890 727 homo
918 664 951 727 et
978 663 1073 728 homo
1099 662 1277 727 Deus'ma·

121 787 178 830 non
199 765 311 850 possit,
335 766 397 829 nisi
420 766 554 849 utraque
576 768 702 847 natura,
726 765 761 830 in
783 765 899 850 quaid
922 767 1099 849 permanet,
1122 764 1278 828 veraciter

102 869 225 931 caneret:
254 868 291 930 ut
317 866 428 930 iisdem
457 866 581 930 naturis
609 867 766 931 veraciter
792 866 1064 952 permanentibus,
1099 888 1136 930 ex
1163 865 1278 949 quibus

102 968 253 1054 aquibus
275 990 358 1032 unus
387 971 481 1052 atque
504 968 587 1032 idem
610 989 702 1034 verus
724 968 819 1033 homo
840 969 926 1033 Deus
949 971 982 1032 et
1004 968 1090 1033 Deus
1112 967 1205 1032 homo
1227 989 1278 1032 ve·

101 1071 219 1153 exsistit,
243 1070 328 1134 idem
350 1091 475 1154 semper
490 1069 584 1134 homo
600 1071 685 1135 Deus
707 1072 854 1136 verus-et
872 1070 957 1135 Deus
980 1070 1074 1135 homo
1096 1092 1188 1135 verus
1210 1070 1278 1154 ipse

101 1175 206 1237 laneat.

102 1271 128 1338 9.
159 1273 273 1339 Adhuc
297 1277 403 1338 autem
426 1275 524 1339 etiam
545 1274 624 1339 illud
647 1275 813 1358 adjiciunt,
838 1277 874 1338 ut
888 1274 972 1338 sicut
994 1296 1031 1338 ex
1047 1275 1169 1340 duabus
1184 1275 1278 1339 rebus

101 1377 141 1440 tat
160 1376 265 1460 horno,
290 1376 322 1440 id
345 1380 394 1441 est
416 1399 453 1441 ex
478 1377 632 1441 animast
655 1398 796 1460 corpore,
820 1377 965 1460 quamvis
987 1377 1149 1461 utriusque
1172 1377 1218 1441 rei
1236 1377 1279 1440 sit

101 1498 139 1542 sa
159 1481 287 1562 natura,
317 1479 400 1543 sieut
428 1478 558 1542 dubium
587 1500 651 1543 non
680 1478 831 1560 habetur,
860 1478 1141 1563 plenitudinemw)
1169 1480 1278 1542 tamen

110 1578 257 1665 loquendi
281 1580 488 1667 singulariter
515 1580 717 1664 pronunciet,
747 1581 840 1645 simul
863 1583 1030 1665 utrumque
1054 1579 1277 1664 complectens,

101 1703 231 1747 emonam
254 1682 341 1746 dicat
368 1693 511 1747 notarum
534 1705 599 1746 non
627 1689 776 1747 humanas
797 1694 940 1765 naturas;
969 1683 1015 1746 sic
1043 1682 1222 1766 potentiam
1244 1681 1279 1746 in

101 1784 133 1847 ei
160 1784 312 1869 mysterio
346 1788 378 1849 et
406 1784 584 1848 unitionem
612 1783 790 1848 divinitatis
820 1786 914 1868 atque
943 1782 1154 1848 humanitatis
1182 1806 1279 1847 unam

101 1885 147 1950 vel
169 1886 283 1950 debere
313 1885 361 1950 vel
389 1907 481 1969 posse
509 1889 672 1950 naturam:
701 1907 768 1949 non
797 1885 1050 1968 considerantes,
1082 1885 1156 1969 quia
1183 1907 1280 1969 quum

101 1990 213 2051 natura
236 1988 362 2052 dicatur
383 1987 533 2070 humana,
563 2010 644 2072 quae
666 1991 775 2051 tamen
799 2009 837 2050 ex
860 1986 981 2051 duabus
1005 1990 1140 2068 constet,
1171 1987 1204 2050 id
1231 1991 1280 2051 est

100 2089 183 2153 nima
204 2092 237 2153 et
260 2111 391 2173 corpore
413 2089 645 2173 principaliter,
669 2089 725 2152 illa
748 2091 923 2171 causaest,
946 2111 1008 2173 qua
1031 2111 1090 2153 nec
1112 2088 1280 2152 initialiter

101 2212 123 2252 a
149 2191 224 2256 alibi
253 2191 355 2276 possit
382 2191 534 2255 exsistere
566 2213 662 2275 quam
694 2191 729 2255 in
764 2212 911 2274 corpore,
946 2213 1005 2255 nec
1034 2212 1147 2275 corpus
1175 2189 1280 2255 valeat

100 2311 163 2355 zare
184 2292 254 2357 sine
278 2292 395 2376 anima,
426 2295 458 2356 et
485 2293 599 2356 merito
627 2315 708 2378 quae
736 2293 889 2357 alterutro
917 2291 977 2357 sibi
1005 2293 1048 2356 sit
1076 2314 1171 2356 causa
1200 2292 1280 2356 exsi-

100 2390 132 2476 li,
154 2395 276 2478 pariter
297 2417 394 2459 unam
419 2395 549 2458 abusive
572 2394 634 2458 diei
658 2418 749 2479 posse
772 2397 931 2478 naturam,
956 2416 1036 2479 quae
1059 2394 1120 2457 sibi
1142 2393 1281 2458 invicem

100 2517 142 2561 im
169 2497 337 2581 praebeat,
367 2500 404 2560 ut
433 2519 471 2560 ex
500 2495 653 2560 alterutro
680 2499 796 2560 natura
824 2497 978 2561 subsistat
1005 2496 1161 2579 humanu,
1192 2495 1281 2560 salva

100 2597 208 2662 rietate
231 2599 398 2662 dumtaxat
420 2598 564 2662 duarum.
594 2599 685 2662 Licet
707 2601 814 2661 autem
836 2620 923 2662 more
938 2599 1107 2662 locutionis
1122 2597 1281 2662 humanae

100 2720 112 2761 1
135 2703 264 2784 aparte
287 2721 381 2784 saepe
403 2703 506 2764 totum
528 2700 692 2784 quodlibet
713 2701 814 2784 possit
836 2699 985 2785 intelligi,
1017 2699 1281 2784 quemadmodum

100 2822 113 2863 r
134 2803 282 2867 dicimus:
304 2813 348 2867 tot
370 2809 500 2883 animae,
525 2823 657 2886 corpora
680 2802 800 2885 pariter
821 2802 1010 2884 indicamus,
1039 2803 1089 2866 vel
1117 2825 1214 2887 quum
1236 2803 1281 2866 di-

100 2925 133 2968 s:
162 2913 256 2969 omnis
278 2926 361 2983 curo,
386 2908 519 2968 naturas
541 2905 720 2967 atnbnarum
742 2902 838 2966 simili
861 2903 1082 2988 designatione
1101 2903 1281 2987 complecti-

107 3006 149 3089 ἲ);
176 3029 236 3072 nec
265 3007 419 3070 habemus
447 3005 664 3089 incognitum,
699 3006 744 3069 sic
771 3026 830 3068 nos
856 3027 954 3068 unam
982 3027 1049 3068 rem
1076 3026 1133 3088 pro
1161 3003 1282 3069 duabus

100 3129 122 3171 e
144 3109 183 3173 ad
205 3113 356 3194 utrasque
379 3107 618 3193 significandas,
648 3111 683 3169 ut
710 3110 819 3170 tamen
842 3109 875 3170 et
902 3107 979 3170 duas
1002 3128 1071 3170 esse
1100 3104 1282 3170 nullatenus

99 3230 209 3292 remus,
240 3214 273 3274 et
294 3210 432 3294 propriis
456 3212 602 3273 constare
625 3207 829 3290 substantiis,
859 3207 1028 3292 quantavis
1056 3207 1200 3272 unitione
1227 3228 1281 3271 ne·

99 3312 154 3375 tur.
200 3312 283 3376 Nam
317 3316 350 3376 et
382 3312 483 3376 deitas
517 3312 635 3395 absque
666 3310 866 3374 humanitate
898 3312 1066 3394 permanet
1098 3331 1166 3374 esse
1199 3310 1282 3394 quod

99 3417 204 3497 sest,
229 3419 263 3479 et
284 3414 466 3479 humanitas
490 3413 586 3478 etiam
610 3413 678 3476 sine
702 3412 924 3496 adsumptione
939 3412 1048 3476 divina
1070 3412 1105 3476 in
1128 3434 1195 3495 sua,
1220 3435 1282 3497 qua

99 3516 168 3580 ritus
190 3516 340 3581 instituta
363 3518 421 3598 est,
445 3520 613 3599 permanet
635 3537 702 3579 esse
725 3517 857 3596 natura3
887 3517 982 3598 atque
1009 3513 1055 3577 ita
1083 3516 1116 3578 et
1142 3513 1212 3578 sine
1234 3514 1283 3579 sui

99 3618 209 3683 ratione
239 3621 373 3703 possunt
408 3618 442 3681 in
476 3617 541 3680 suis
568 3616 819 3702 proprietatibus
847 3636 1044 3700 permanere.
1090 3615 1138 3679 Ex
1167 3638 1229 3700 quo
1256 3616 1282 3680 si

99 3740 127 3783 m
148 3721 234 3784 facta
258 3720 413 3804 processit
435 3719 547 3801 unitio,
572 3722 703 3803 propter
725 3717 912 3782 servandam
930 3716 1164 3801 plenitudinem
1179 3739 1283 3782 sacra-

99 3821 119 3884 ti
149 3822 440 3907 perfectionemque
472 3821 615 3905 mysterii
648 3820 705 3884 has
740 3819 868 3884 easdem
894 3822 1108 3884 necessarium
1137 3823 1186 3884 est
1213 3842 1283 3903 pro-

99 3921 147 4008 pe)
175 3924 320 3987 suburra
349 3923 519 4006 eademque
547 3944 682 4006 persona
710 3922 757 3985 sic
784 3922 974 3986 indiscretas
1002 3926 1097 4006 atque
1122 3922 1284 4006 insepara-

99 4024 173 4089 ;illa
196 4024 341 4088 unitione
371 4027 527 4106 constare,
558 4027 595 4087 ut
622 4027 833 4107 permaneant
861 4046 928 4088 esse
957 4023 1040 4107 quod
1069 4027 1154 4087 sunt.
1199 4022 1284 4087 Nam

99 4147 114 4188 n
139 4125 200 4191 hoc
228 4126 380 4211 mysterio
406 4149 503 4211 quum
533 4125 622 4189 nulla
650 4126 824 4190 necessitas
852 4124 1107 4211 impugnationis
1136 4125 1282 4208 emergit,

99 4227 205 4292 liciter
228 4251 325 4291 unam
348 4251 414 4292 rem
445 4228 630 4312 frequenter
657 4250 715 4311 pro
743 4231 876 4312 utraque
898 4226 1104 4310 proferimus,
1133 4227 1169 4288 ut
1199 4224 1283 4289 dica-

109 4337 188 4405 Νέης
215 4336 359 4412 hominib,
396 4334 442 4395 et:
465 4334 544 4405 (laid
568 4337 781 4409 acquireretis
804 4334 1112 4404 occidereliomiuem,
1138 4334 1189 4405 qui
1210 4334 1433 4401 veri-Johsuo.

98 4438 251 4498 clocutus
272 4454 335 4496 sam
359 4439 460 4496 vobis?
483 4434 514 4494 et
537 4432 652 4494 iterum
668 4432 847 4515 apostolus:
873 4435 966 4506 (licum
989 4440 1086 4492 nutem
1102 4433 1281 4507 benignitus,
1297 4440 1350 4496 Tit.
1360 4448 1413 4508 3,4.

100 4606 319 4614 *ψ-

100 4704 118 4770 ⁸)
134 4702 209 4757 Editi
224 4709 390 4773 plenitudine.

100 4790 119 4855 ⁷)
135 4787 210 4843 Editi
227 4794 409 4855 complectitur.

101 4875 119 4939 ⁸)
136 4873 166 4926 ln
189 4871 309 4943 vulgatis
331 4878 458 4942 proferri,
481 4873 571 4941 magis
594 4872 698 4927 arridet
721 4890 782 4927 cuni
807 4873 941 4927 Thuaneo
965 4871 1058 4927 codice
1085 4871 1114 4926 in
1136 4870 1286 4927 novissima

98 4957 157 5012 antii
175 4956 298 5014 editione
316 4957 431 5012 laudato
448 4964 574 5026 profiteri.
