3204 5506
202 363 265 429 656
654 375 681 423 s.
700 373 880 424 sinnicnr
901 373 1015 420 Paean

95 545 189 594 abac.
202 533 323 613 rantis,
354 530 381 593 si
410 550 491 613 quae
518 527 587 614 inssss)
616 528 792 591 sacerdotio
820 525 1039 610 praecipiunt,
1075 525 1196 589 eisdem
1227 524 1421 590 transeuntibus

203 631 442 696 dissolvantur?
484 629 680 714 Relcgentes
702 650 779 714 ergo
800 631 943 692 veterum
966 627 1152 693 antistitum
1173 649 1268 712 super
1287 627 1342 691 hac
1358 648 1427 691 causa

202 734 436 814 ordinationes,
472 732 586 816 quibus
615 731 867 796 ecclesiasticum
894 733 1048 815 gravatur
1070 730 1240 813 scrinium,
1268 729 1434 794 dilectionem

202 840 291 900 tuam
314 834 495 899 enixissime
520 855 770 915 commonemus,
799 835 835 896 ut
856 833 891 896 in
912 832 1101 897 ordinandis
1129 831 1348 917 persingulas
1366 830 1439 895 nrbes

203 937 420 1002 sacerdotibus
449 937 564 1020 carra⁷)
594 958 631 999 ac
662 934 835 999 reverenda
862 938 1004 998 servetur
1032 935 1228 1019 antiquitas,
1257 956 1317 999 nec
1341 932 1447 997 novella

203 1039 389 1103 constitutio
405 1041 549 1102 vetustae
565 1038 741 1101 sanctionis
764 1037 860 1099 robur
881 1037 1061 1118 imminuat,
1086 1036 1162 1119 qnia
1177 1058 1246 1100 non
1269 1035 1361 1100 aliter
1383 1035 1452 1099 inter

202 1163 257 1204 vos
285 1140 403 1224 poterit
430 1140 549 1204 servari
580 1140 764 1215 concordia,
795 1138 859 1201 nisi
888 1138 978 1202 novis
1007 1137 1240 1222 cupiditatibus
1270 1137 1459 1223 antiquitatis

201 1242 380 1306 reverentia
409 1241 520 1305 modus
548 1241 747 1324 prudentiori
776 1239 966 1303 adhibeatur
995 1240 1137 1304 consilia.
1190 1238 1353 1304 Dominus
1373 1242 1406 1303 te
1424 1240 1465 1304 in·

203 1343 357 1406 columem
381 1343 555 1424 custodiat,
579 1343 707 1427 frates)
732 1342 910 1407 carissime!
957 1342 1043 1406 Data
1063 1341 1112 1406 Ill
1136 1341 1301 1407 Calendas
1316 1341 1470 1421 Octobris,

201 1446 318 1508 iteruin
340 1449 414 1528 post
436 1445 635 1509 consulatum
659 1444 786 1508 Paulini
807 1451 943 1522 junioris
970 1444 1030 1507 viri
1059 1444 1243 1507 clarissimi.
1269 1482 1313 1492 —
1336 1442 1475 1508 Domini·

203 1548 308 1633 0111119)
332 1546 456 1609 Pascha
480 1545 557 1610 Vlll
581 1545 737 1611 Calendas
760 1545 892 1629 Aprilis.

717 1767 901 1870 Epistola
925 1768 960 1850 4.

62 1915 186 2038 effi}-
296 1916 499 2000 Symmachi
523 1937 635 2002 papae
657 1920 701 1986 ad
724 1919 872 1986 Avitum
896 1920 1100 2003 episcopum
1121 1918 1391 1987 Viennensem.

203 2061 254 2110 Cur·
270 2062 408 2110 inaraditmn
419 2077 520 2110 cansam
538 2063 617 2125 ipsias
629 2061 753 2124 judicare
766 2061 883 2119 nolaeerit,
903 2060 1018 2125 qrcodque
1030 2061 1100 2124 leyes
1112 2061 1165 2110 aiat
1176 2062 1328 2127 aliqrrnado
1341 2062 1485 2114 soluendae.
1493 2073 1514 2126 p.

354 2193 633 2257 Dilectissimo
655 2193 781 2257 fratri
805 2192 923 2257 Avito
946 2190 1216 2275 Symmachus.

285 2312 360 2377 Non
389 2312 499 2376 dcbuit
528 2313 697 2377 caritatem
725 2316 814 2377 tuam
842 2311 1051 2397 offendera¹),
1086 2311 1170 2395 qnod
1209 2311 1255 2377 ad
1290 2312 1436 2380 fratrem
1456 2320 1486 2381 et

268 2555 289 2618 ὓ)
307 2551 325 2604 b
344 2559 369 2604 tn
387 2555 563 2606 caenantibus
580 2557 734 2619 praecipiat.
766 2550 797 2603 In
815 2548 876 2605 aliis
895 2551 988 2604 autern
1006 2548 1083 2603 libris
1100 2555 1125 2603 ia
1143 2556 1316 2608 sacerdotio:
1337 2554 1418 2624 quod
1430 2570 1486 2625 par

199 2635 263 2689 inde
282 2637 331 2701 cst,
350 2638 445 2705 atquc:
465 2642 521 2690 dam
538 2640 687 2689 sacerdotes
705 2641 730 2688 tn
748 2641 811 2688 aivis
829 2647 914 2704 cyrini.

267 2723 288 2788 7)
307 2719 337 2773 L'
358 2721 459 2774 recent.
479 2737 563 2775 manu
581 2740 701 2775 canonum
719 2720 817 2790 (antiq.
837 2722 926 2787 canen)
943 2735 1063 2789 moxque
1082 2731 1208 2775 uetustate
1226 2730 1392 2780 emenone.

268 2807 288 2872 ⁸)
307 2804 340 2858 L'
351 2804 384 2858 ld
397 2805 429 2859 II
442 2805 460 2858 b
475 2812 515 2872 fili
531 2809 654 2871 etfrater
666 2812 804 2862 carissime.
832 2804 897 2858 Mox
915 2819 1010 2860 vocem
1022 2811 1137 2872 junioris
1153 2809 1387 2876 expungendum
1404 2812 1434 2865 et
1450 2809 1483 2864 ab

200 2889 294 2956 aliquo
307 2888 392 2944 sciolo
404 2889 541 2943 intrusam
552 2892 649 2944 monet
660 2890 764 2959 Pagina
783 2889 819 2943 ad
838 2907 900 2944 ann.
912 2896 962 2943 499
980 2907 1006 2943 n.
1020 2896 1059 2955 13,
1077 2908 1163 2959 quum
1176 2889 1324 2948 Paulinus
1343 2911 1419 2950 anno
1436 2900 1484 2949 4⁹8

200 2973 294 3027 consul
308 2973 464 3029 ordinarius
477 2974 531 3028 dici
543 2990 599 3028 non
611 2975 699 3044 possit
710 2982 811 3042 ‚jarden
831 2974 875 3028 cui
892 2973 982 3028 nullus
1000 2974 1125 3043 ejusdem
1141 2976 1269 3031 nominis
1282 2979 1481 3048 praecesserit.

200 3059 286 3113 immo
300 3065 415 3126 jrmioris
433 3059 544 3115 nomine
563 3059 635 3114 alter
652 3059 783 3114 Paulinus
801 3058 867 3113 anni
881 3065 931 3113 530
949 3058 1042 3113 consul
1059 3057 1087 3112 in
1104 3061 1304 3117 monumentis
1323 3063 1483 3119 denotatur.

266 3147 287 3213 ⁹)
305 3143 401 3198 Verba
417 3145 548 3210 subnexa,
566 3144 594 3197 in
613 3144 713 3213 quibus
731 3143 786 3198 diei
803 3143 940 3214 paschalis
956 3143 1179 3213 metropolitanis
1199 3145 1389 3216 significandi
1401 3149 1482 3203 habe·

199 3229 245 3282 tur
262 3229 389 3293 formula,
407 3228 544 3282 Baronius
563 3231 591 3283 et
608 3228 731 3283 Labatus
750 3227 909 3282 omiserunt.
942 3226 998 3282 Sed
1015 3245 1048 3283 ex
1059 3227 1212 3284 L¹L²c⁵a⁸
1224 3234 1414 3302 revocantnr,
1432 3232 1481 3287 nisi

199 3313 273 3381 qnod
290 3313 323 3366 L¹
345 3316 438 3367 VIIII
457 3317 509 3367 Gal.
525 3318 633 3382 Aprilis,
661 3316 689 3367 a³
707 3312 798 3367 nescio
817 3312 889 3366 unde
912 3316 1005 3366 VIIII
1023 3317 1156 3368 Kalendas
1174 3319 1283 3384 Major.
1323 3317 1409 3374 Unde
1431 3319 1481 3373 hoc

198 3415 271 3453 anno
289 3398 396 3452 Pascha
417 3397 446 3450 in
464 3397 636 3452 Occidentali
659 3396 774 3451 ecclesia
796 3397 946 3452 secundnm
968 3400 1092 3454 veterem
1114 3401 1358 3469 supputationem
1381 3404 1480 3458 Roma·

197 3500 263 3537 nam
281 3482 452 3537 celebratum
470 3498 528 3536 esse
547 3481 745 3551 cognoscimus,
768 3500 853 3551 quum
871 3481 1021 3537 secundnm
1037 3483 1260 3540 Alexandrinam
1280 3489 1328 3555 (ct
1344 3505 1481 3545 monam

197 3566 399 3635 Victorianum)
418 3567 466 3620 illo
485 3584 557 3622 anno
575 3568 600 3621 X
617 3566 678 3620 Kal.
697 3567 787 3635 Maias
806 3567 1000 3622 celebraretur.
1036 3565 1115 3633 Quod
1132 3567 1209 3624 idem
1230 3573 1427 3630 confirmatur
1442 3577 1481 3629 ta·

197 3651 265 3706 bula
282 3651 331 3705 illa
342 3650 530 3721 Neapolitana
547 3651 699 3706 indiculum
716 3652 875 3721 paschalem
894 3652 929 3706 ab
942 3668 967 3707 a.
980 3657 1031 3706 464
1048 3669 1136 3722 nsque
1153 3653 1193 3708 ad
1205 3671 1231 3710 a
1246 3661 1304 3712 cu
1322 3660 1481 3729 praebente

198 3735 252 3804 (cd.
265 3735 391 3790 Roncalli
409 3736 471 3791 Vet.
491 3736 539 3790 lat.
554 3737 647 3790 chron.
661 3738 682 3801 1,
695 3741 848 3804 iii-735),
867 3754 923 3806 qua
940 3736 977 3791 ad
994 3753 1019 3791 a.
1030 3743 1078 3792 501
1096 3738 1226 3794 notatur:
1253 3743 1367 3799 Pascis
1381 3749 1409 3800 Χ
1420 3749 1481 3800 Kal.

199 3824 269 3888 maji
285 3828 344 3873 leena
362 3825 469 3874 XVIII
487 3826 594 3876 Itomaar'
609 3825 684 3874 VIII
699 3825 759 3878 h'al.
774 3826 858 3889 April.
876 3830 936 3876 lana
949 3826 1027 3875 XXI.
1063 3820 1150 3876 Simul
1167 3823 1222 3878 hoc
1240 3830 1382 3899 tempore
1401 3845 1480 3885 cano

197 3923 260 3960 nam
278 3905 477 3972 victorianum,
495 3906 543 3976 qni
560 3907 612 3961 hac
628 3906 658 3959 in
675 3906 756 3975 parte
775 3923 837 3960 cnm
854 3905 1047 3961 Alexandrinis
1065 3906 1218 3975 consensit,
1245 3909 1365 3969 Romae
1388 3915 1481 3985 neglc-

198 3992 273 4044 ctnm
294 4007 352 4045 esse
375 3991 438 4057 (etsi
460 3991 505 4046 rix
528 3991 696 4046 credendum
718 3991 801 4059 putat
822 3990 934 4045 Itossins
955 3991 1038 4046 Inscr.
1058 3991 1151 4049 christ.
1172 3993 1186 4047 1
1207 4011 1239 4064 p.
1256 3994 1338 4052 XCV
1363 4001 1396 4054 et
1411 4006 1480 4070 25³),

196 4075 270 4130 hisco
288 4077 381 4146 palam
399 4077 440 4131 fit.
470 4076 595 4145 Denique
614 4077 650 4131 ad
667 4075 744 4130 illam
762 4074 947 4130 differentiam
965 4076 1139 4132 referendum
1153 4079 1236 4147 puto,
1256 4082 1342 4152 quod
1353 4082 1481 4155 Symma-

197 4161 263 4215 chus
281 4161 324 4215 vel
342 4162 416 4230 apud
429 4161 632 4216 Theodericum
650 4177 747 4229 regem
763 4163 907 4215 acclinatus
918 4163 1059 4229 narratur,
1076 4168 1145 4233 qaod
1162 4183 1213 4218 aaa
1231 4185 1293 4221 eun
1311 4175 1480 4227 anim

197 4250 298 4299 Pascha
316 4251 481 4308 celebrasset,
509 4248 593 4314 atque
611 4245 647 4300 ad
665 4244 803 4300 rationem
825 4245 860 4300 de
883 4245 1020 4315 ejusmodi
1042 4245 1215 4304 dimanantia
1233 4249 1423 4311 reddendam
1444 4254 1479 4311 ad

197 4330 302 4384 curiam
320 4331 427 4401 regiam
446 4331 576 4386 evocatus
597 4329 733 4395 innuitur,
757 4330 839 4397 (conf.
859 4346 1012 4401 anonymus
1029 4331 1252 4390 Blanchinianns
1271 4338 1479 4408 replantati

196 4416 289 4485 script.
309 4433 362 4470 ror.
381 4416 442 4470 Ital.
461 4415 608 4484 t.111p.a
627 4415 677 4471 col.
691 4419 743 4483 45).
783 4415 842 4470 Nec
863 4416 936 4470 forte
960 4416 1065 4471 temere
1079 4415 1324 4491 judicaverimus,
1345 4424 1404 4481 hac
1420 4426 1479 4497 ip·

197 4499 355 4555 differentia
372 4503 438 4555 tunc
456 4500 546 4554 denuo
565 4517 629 4555 vore
646 4500 742 4554 hiante
764 4500 842 4555 novis
865 4500 936 4554 curis
958 4500 1121 4570 pontificum
1137 4501 1345 4565 Romanorum
1368 4512 1401 4567 et
1416 4510 1478 4566 [tia

196 4585 266 4652 nysii
283 4584 382 4654 Exigui
397 4586 504 4656 justam
522 4603 619 4640 ansam
638 4584 733 4639 datam
751 4602 820 4640 csse.
851 4585 893 4639 De
912 4585 1000 4640 causis
1019 4593 1113 4642 antem
1130 4587 1280 4657 ejusmodi
1298 4593 1478 4653 maman

197 4669 355 4725 conteratur
373 4688 457 4741 supra
475 4694 494 4724 s.
509 4670 596 4724 Hilari
614 4669 723 4739 epist3
741 4688 766 4723 n.
782 4676 805 4723 i.

266 4757 284 4823 ¹)
303 4754 392 4819 Quam
413 4773 469 4811 non
491 4755 585 4824 iniquo
610 4752 702 4807 animo
721 4755 817 4809 Aritus
839 4756 937 4811 tulerit
955 4754 1114 4828 Symmachi
1127 4759 1290 4835 judicium,
1318 4768 1351 4824 et
1372 4768 1476 4840 (μὴ

196 4855 264 4907 erga
281 4858 344 4894 cnm
362 4839 518 4894 reverentia
535 4841 650 4893 attactus
662 4839 753 4907 fucrit,
771 4840 850 4895 testis
868 4845 910 4897 cst
927 4842 1014 4913 ipsius
1026 4843 1063 4898 ad
1073 4843 1211 4903 Faustum
1230 4852 1264 4906 et
1276 4850 1476 4923 Symmachum

196 4927 337 4978 sacratores
355 4923 472 4993 epistola
489 4931 530 4978 31.
