3224 5506
125 716 160 765 (a.
173 712 244 777 aaa.)

733 352 759 399 S.
777 351 918 399 cahastt
940 351 1054 400 PAPAE

772 539 953 642 Epistola
979 540 1013 622 3.

589 692 725 762 Gelasli
748 709 858 778 papae
880 692 924 757 ad
947 691 1200 776 Euphemiam.

291 836 424 901 duplicanti
440 837 547 886 blandas
565 836 747 885 insinuationes
759 834 890 883 declinans
902 831 938 896 (n.
947 832 1021 895 t-t)
1040 841 1065 882 et
1077 849 1168 884 camna
1177 849 1229 899 pro
1242 834 1391 898 &smne
1402 834 1585 889 Aeeaena

289 923 406 985 prolatas
429 923 526 972 diluens
545 918 580 982 (n.
593 920 700 984 8-11'),
725 921 858 987 rettpioans
879 920 1002 983 pontifex
1024 920 1186 970 concordiam
1209 920 1373 971 ecclesiarum
1395 935 1499 971 nont
1514 925 1581 973 a‘si

288 1006 364 1069 bans
385 1005 475 1055 Aeacii
491 1009 555 1055 sicut
573 1007 676 1056 connium
695 1006 868 1055 damnatorum
887 1005 1055 1055 communnione
1077 1003 1179 1068 abJ'ecta
1196 1005 1300 1055 restitui
1314 1021 1392 1070 posse
1409 1013 1572 1057 oeten-

383 1092 421 1141 dit
438 1088 474 1151 (n.
489 1090 607 1153 ta—lo)‚
626 1091 701 1154 idque
721 1096 747 1137 ut
761 1092 809 1152 fiat
825 1088 872 1138 snt
891 1091 979 1138 timore
997 1089 1076 1139 diuini
1087 1089 1184 1152 judicii
1199 1090 1280 1139 instat
1296 1086 1333 1152 (n.
1348 1090 1399 1153 16).

409 1223 686 1288 Dilectissimo
709 1222 830 1286 fratri
855 1220 1105 1307 Euphemio¹)
1130 1220 1327 1287 Gelasius.

342 1348 369 1408 1..
415 1342 505 1419 Quod
529 1343 661 1428 planat)
690 1343 834 1427 cupimus
863 1346 958 1427 atque
980 1342 1106 1407 sincera
1127 1342 1202 1406 fidei
1233 1342 1581 1428 communionisque

257 1446 432 1512 catholicae
454 1446 728 1531 redintegratione
751 1446 885 1526 firmari,
921 1445 1036 1509 asserit
1063 1447 1120 1509 tua
1147 1444 1293 1510 dilectio:
1322 1445 1405 1530 quod
1432 1445 1576 1511 ulceri

256 1548 341 1615 solus
363 1570 429 1612 non
451 1548 604 1626 sufficit³t
628 1547 765 1631 auditus,
795 1548 859 1622 nisi
886 1569 943 1631 per
971 1547 1098 1612 litteras
1127 1539 1322 1632 spectaverit
1344 1547 1572 1633 significan-

256 1652 334 1716 tiam
356 1653 584 1735 provocantem
607 1651 645 1714 de
667 1649 728 1732 his,
752 1671 832 1735 quae
857 1651 942 1714 ciros
964 1672 1022 1714 nos
1037 1649 1236 1735 dispensatio
1257 1650 1367 1714 divina
1381 1646 1568 1734 perfecit,

258 1756 293 1818 ut
314 1753 360 1818 sic
382 1753 417 1816 in
439 1753 587 1817 secundis
610 1753 711 1817 vicem
734 1751 939 1817 salutationis
962 1752 1189 1836 impenderem.
1225 1751 1302 1816 Non
1324 1751 1568 1825 arbitramur,

258 1855 305 1919 vel
329 1854 531 1919 dilectionem
554 1858 643 1919 taam
666 1853 715 1918 vel
738 1853 875 1937 aliquem
899 1855 945 1918 sio
968 1854 1028 1919 hoc
1050 1876 1179 1937 sperare
1201 1855 1357 1938 potuisse,
1380 1856 1418 1919 ut
1437 1853 1565 1939 pute·

325 2114 344 2177 ¹)
363 2111 541 2178 N³Euptinnio
554 2111 593 2175 (et
605 2109 633 2162 iu
647 2109 826 2181 inscriptione
839 2074 1039 2179 adEptiiniunn),
1053 2109 1268 2177 Potesttamen
1281 2111 1462 2179 c'Ie'unpinia,
1482 2108 1562 2162 a'to

151 2192 158 2200 ’
257 2200 430 2265 Euphemiam
448 2197 561 2264 praeter
580 2213 642 2249 mss.
662 2195 745 2249 fidam
764 2197 793 2248 et
811 2193 934 2247 omnium
952 2193 1131 2262 antiquorum
1143 2194 1311 2264 comptorum
1324 2195 1557 2250 auctoritatem.

255 2281 292 2336 Hi
308 2280 458 2350 praeterea
474 2279 660 2349 Euphemiam
679 2279 851 2335 orthodoxae
863 2279 929 2334 fidei
940 2278 1096 2333 studiosum
1112 2278 1196 2334 fuisse
1207 2295 1312 2349 magno
1326 2297 1472 2337 consensu
1493 2278 1557 2331 tra

257 2366 333 2421 dunt.
370 2365 460 2420 Docet
476 2363 641 2419 nominatim
659 2363 795 2433 Euagrius
814 2363 840 2416 h.
859 2380 882 2418 e.
901 2364 954 2430 ΙΙΙ,
972 2371 1018 2429 23,
1038 2380 1102 2418 eum
1120 2363 1243 2435 acceptis
1260 2364 1338 2420 Petm‘
1355 2363 1497 2421 Fullonia
1527 2360 1555 2415 od

256 2449 393 2506 Flavitam
411 2448 523 2516 litteris,
541 2449 569 2503 in
588 2449 688 2517 quibus
701 2448 921 2503 Calchedonensi
939 2448 1055 2504 concilio
1068 2449 1219 2504 anathema
1239 2449 1395 2518 dicebatur,
1412 2448 1492 2507 inde
1512 2460 1554 2499 vc

256 2535 401 2589 hementer
419 2534 614 2588 conturbatum
634 2551 693 2588 sese
711 2552 728 2588 a
745 2533 821 2588 Petri
840 2533 1033 2588 communione
1057 2551 1228 2605 segregasse.
1265 2533 1354 2588 Addit
1371 2531 1553 2590 Theodorus

256 2619 346 2673 lector
362 2618 390 2672 h.
404 2634 427 2672 a.
440 2617 488 2671 lib.
502 2618 528 2670 Π
547 2617 705 2685 (advolas.
720 2637 747 2689 p.
762 2621 835 2685 558),
854 2618 983 2672 eumdem
999 2618 1138 2673 anastasii
1155 2616 1336 2689 imperatoris
1348 2615 1490 2674 electioni
1520 2612 1551 2666 io

256 2702 426 2768 tercessisse,
445 2720 496 2757 nac
514 2702 569 2757 alia
587 2702 613 2757 ei
630 2702 788 2757 conditione
805 2702 967 2773 praebuisse
986 2720 1141 2771 mensum,
1160 2702 1213 2757 nisi
1231 2702 1368 2774 scriptum
1385 2704 1422 2760 ab
1440 2716 1486 2756 eo
1509 2712 1549 2751 eo·

257 2788 385 2859 cepisset,
404 2804 460 2855 quo
477 2795 656 2858 profiteretur,
674 2809 702 2842 se
719 2807 768 2856 pro
782 2792 930 2855 defensione
944 2794 1009 2856 fidei
1020 2795 1139 2858 amplecti
1150 2809 1193 2850 ea.
1212 2795 1317 2860 quaein
1332 2785 1549 2845 Gatciedoutfl'

256 2879 354 2945 synodo
372 2879 478 2929 decreta
492 2879 606 2942 fuerant.
641 2873 689 2928 His
707 2872 803 2928 Victor
822 2873 1008 2940 Tuuunensis,
1026 2872 1203 2929 Marcellinus
1222 2890 1316 2929 comes
1334 2891 1368 2930 ac
1386 2865 1548 2942 Theopha-

259 2976 308 3014 nes
327 2957 482 3013 concinunt.
520 2958 548 3012 Si
567 2959 657 3013 eidem
676 2958 841 3030 Theophani
859 2961 934 3028 (pag.
955 2962 1014 3027 209)
1032 2958 1163 3013 habenda
1180 2958 1260 3027 fides,
1279 2965 1418 3030 synodales
1429 2953 1549 3023 Euplo-

257 3042 300 3098 inii
316 3049 417 3123 litteras
435 3048 511 3098 setta
530 3050 630 3112 accepit
647 3056 672 3098 et
689 3055 715 3098 nt
733 3049 857 3099 cuilatico
875 3049 1051 3098 communionis
1069 3049 1191 3113 impertiit
1210 3052 1374 3101 camortinus·
1403 3040 1510 3100 aad
1520 3044 1549 3087 ω’

257 3149 312 3183 men
331 3135 475 3198 episcopum
494 3137 607 3198 opnoot’t,
632 3135 701 3198 quod
718 3134 809 3182 Aeacii
831 3149 861 3181 ac
882 3134 997 3183 Flauitae
1015 3136 1072 3196 ejus
1088 3137 1245 3185 successoris
1263 3150 1353 3186 nomen
1370 3150 1385 3184 e
1402 3120 1548 3199 diptvcfli

259 3233 309 3270 non
326 3220 492 3283 expunxerit.
530 3214 585 3268 Sed
604 3215 663 3284 ejus
682 3213 716 3268 da
734 3212 877 3284 impertito
897 3212 1096 3267 communionis
1116 3214 1255 3270 consortio
1272 3215 1355 3270 valde
1373 3204 1549 3286 snspecffll

259 3301 304 3355 est
318 3298 518 3355 testimonium.
555 3299 596 3353 De
615 3315 647 3352 eo
667 3298 792 3366 quidem,
811 3299 887 3367 cujus
907 3298 1091 3353 orthodoxam
1107 3299 1251 3368 probabat
1267 3299 1364 3368 fidem,
1381 3300 1461 3354 bene
1495 3296 1551 3353 ⁸1*

260 3401 323 3440 rare
341 3383 434 3454 potuit
451 3384 540 3449 Folium
559 3384 606 3438 sed
626 3401 708 3451 quem
727 3383 1007 3454 compertinentiis,
1032 3400 1100 3452 quos
1116 3384 1177 3454 ipse
1195 3385 1393 3452 damnaverat,
1415 3382 1552 3439 comm·

260 3469 412 3533 nicantem,
432 3468 457 3522 ei
475 3486 554 3523 suam
572 3468 794 3523 communionem
810 3468 949 3540 impertiri
967 3485 1022 3523 non
1040 3469 1139 3539 potnit.
1171 3469 1204 3523 ld
1221 3485 1306 3540 porro
1319 3465 1464 3525 mussat
1479 3455 1553 3510 hm

261 3552 365 3609 Gelaeii
386 3552 512 3622 epistola.
554 3552 729 3623 Quamquam
753 3554 910 3609 orthodoxa
926 3553 1074 3623 Euphemii
1095 3554 1177 3620 fides,
1200 3555 1233 3608 ut
1250 3553 1369 3624 (tyrillus
1390 3554 1419 3609 in
1437 3540 1553 3602 vim

262 3637 402 3708 Euthymii
421 3639 476 3707 (ap.
491 3637 695 3699 danamassi
713 3641 822 3705 narrat,
841 3638 926 3694 etiam
945 3639 1106 3710 episcopum
1118 3639 1404 3710 Hierosolymitanum
1418 3616 1554 3694 infimi

263 3726 295 3778 ut
305 3722 431 3778 Palladio
449 3724 623 3779 Antiocheno
642 3727 671 3778 et
688 3723 895 3790 Alexandrinis,
914 3724 989 3791 quod
1002 3724 1255 3780 Calchedonemem
1273 3725 1410 3794 synodum
1420 3702 1554 3779 θύω·
1595 3770 1599 3777 .

263 3808 441 3875 mutuarent,
460 3809 576 3863 exclusis
595 3810 655 3877 ejus
674 3810 753 3864 unius
771 3809 993 3863 communionem
1010 3810 1184 3881 amplexaret
1219 3853 1226 3865 .

329 3894 350 3962 ²)
368 3893 387 3947 b
398 3900 483 3962 plane,
494 3894 567 3963 vulg.
583 3912 645 3948 cum
658 3894 692 3948 0²
701 3901 785 3964 plene.
805 3894 952 3963 Sequimur
963 3894 1134 3963 FiFeK¹K³,
1153 3895 1253 3964 quibus
1269 3890 1445 3965 andaugiba
1461 3884 1557 3948 quum

262 3978 330 4032 illud
342 3977 442 4033 Felicis
454 3979 479 4032 Π
493 3979 627 4048 epistolae
642 3987 673 4033 tl
685 3999 710 4033 u.
725 3986 749 4046 2,
767 3996 838 4049 quae
852 3979 962 4035 Gelasio
975 3979 1004 4033 in
1016 3980 1167 4050 archetypo
1180 3979 1327 4035 tribuitur:
1346 3970 1558 4036 comunt&

263 4069 362 4133 quidem
380 4076 492 4118 nostram
509 4069 655 4119 contristati
673 4069 824 4124 distulimus,
844 4085 917 4134 qnam
934 4071 1038 4120 remotis
1055 4070 1225 4121 dubietatibus
1241 4070 1393 4135 optabam
1411 4064 1491 4136 pte
1503 4054 1558 4096 *Ἰ

259 4155 334 4216 fidet,
356 4150 417 4202 tum
439 4148 514 4202 istud
537 4148 663 4217 ejusdem
680 4148 779 4203 Felicis
802 4148 881 4218 epist.
901 4156 932 4203 17
950 4149 1015 4203 huic
1030 4165 1144 4219 prorsus
1166 4149 1257 4205 simile
1275 4150 1437 4206 exordium:
1488 4122 1560 4191 Ψ

262 4241 366 4289 unitatis
378 4241 501 4290 ecclesiae
517 4241 594 4302 plena
606 4241 719 4303 cupimus
730 4234 949 4302 redinteprutione
962 4242 1072 4302 limari.
1098 4232 1463 4292 stoderaniam-lein
1487 4213 1558 4269 hm
1601 4242 1605 4249 '

263 4319 387 4374 modum:
406 4325 443 4374 Id
459 4325 554 4374 asserit
571 4333 615 4373 tran
633 4324 750 4384 ditectio,
770 4325 838 4389 qnod
853 4326 932 4388 plena
949 4326 1061 4389 cupimus
1079 4332 1127 4375 etc.
1159 4364 1164 4375 .

332 4408 351 4471 ³)
369 4404 445 4459 Editi
456 4409 575 4473 stesflciat.
598 4405 664 4458 Mox
676 4404 710 4458 Fi
721 4404 761 4458 Fe
774 4415 938 4473 expectasset
951 4405 981 4459 at
992 4403 1081 4460 omitt.
1092 4411 1199 4476 aliquem
1208 4437 1238 4446 -
1251 4428 1297 4462 nos
1309 4412 1362 4468 oel.·
1378 4406 1414 4461 K¹
1422 4386 1557 4471 θείω

263 4504 316 4547 eet:
339 4492 398 4544 tum
415 4490 434 4544 b
452 4496 658 4559 sipnifioationem
667 4500 835 4559 prouocatam
847 4487 980 4559 additque
994 4489 1185 4561 explicationis
1199 4507 1280 4562 ergo:
1299 4496 1348 4549 hoc
1361 4502 1408 4557 est,
1424 4466 1556 4560 rcfflf'
1570 4492 1574 4499 “

264 4581 397 4630 certiorem
410 4596 474 4639 estne,
494 4582 538 4646 qui
548 4586 625 4629 nnntea
637 4581 729 4630 litteris
739 4587 933 4645 provocaverat.
961 4576 987 4629 Is
999 4576 1057 4632 tere
1070 4593 1166 4631 sensus
1177 4576 1301 4633 videtur:
1321 4582 1424 4634 Auerit
1438 4554 1554 4625 dam

264 4670 321 4726 tua,
341 4666 408 4730 quod
424 4667 501 4715 alteri
517 4666 586 4716 solus
604 4681 652 4716 non
669 4665 765 4729 sufficit
776 4667 888 4728 nudius,
908 4667 939 4715 de
956 4666 995 4715 tis
1012 4668 1123 4730 scilicet,
1142 4682 1208 4733 quae
1225 4668 1297 4719 circa
1314 4684 1361 4720 nos
1378 4639 1554 4732 W

266 4749 350 4800 dimna
364 4750 478 4814 perfecit
496 4749 716 4815 (adapostolicam
728 4753 844 4802 uidelicet
861 4766 908 4801 nos
925 4751 1039 4802 ίὰνυιιιιιιι
1056 4749 1205 4817 estotim),
1224 4754 1276 4804 nioi
1288 4768 1341 4819 per
1357 4752 1475 4805 tow
1508 4729 1553 4811 ms

266 4836 373 4884 ctaoerit
390 4850 420 4885 ea
437 4836 486 4885 siti
500 4838 654 4900 significari:
676 4852 819 4900 provocans
836 4853 874 4888 me
890 4839 1073 4902 sipniflcationc
1089 4844 1243 4903 masconta,
1267 4824 1296 4891 itt
1311 4841 1350 4891 sio
1371 4840 1397 4889 ia
1415 4836 1485 4886 8⁶⁶

265 4920 354 4970 saltem
371 4921 447 4971 oiccrn
463 4922 624 4972 salutationis
648 4923 823 4986 impenderem.
1371 4924 1374 4929 ’
