3204 5506
563 120 776 169 FRAGMENTA
800 109 946 170 21-23.
1329 108 1390 173 497

148 274 333 358 comperimus
355 274 554 360 destitutum,
577 276 628 340 vel
648 278 721 359 post
736 276 975 341 damnationem
990 275 1185 361 Eucharisti,
1209 298 1271 361 quo
1286 277 1393 343 fuerat

144 372 318 459 depravante
346 376 540 463 dispersum,
571 399 665 443 curae
693 382 818 443 vestrae
846 379 1043 444 decrevimus
1070 400 1139 444 esse
1161 378 1390 466 delegandum:

140 477 168 539 ut
190 477 370 565 diligentia,
408 501 472 565 qua
498 502 554 544 vos
583 502 641 564 pro
668 480 821 544 ecclesiae
854 481 1048 545 utilitatibus
1076 482 1294 546 existimamus
1324 505 1392 547 esse

138 575 305 665 vigilantes,
329 581 461 665 praedia
484 582 626 646 culturae
648 582 826 647 restituatis
849 583 1011 668 antiquae,
1036 572 1070 646 et
1090 586 1257 668 revocetis,
1280 585 1307 647 si
1330 607 1392 668 qua

135 684 200 744 sunt
231 683 359 748 vendita
387 682 443 747 aut
470 684 590 748 donata
618 685 790 769 mancipia.
848 684 1067 749 Possessiones
1096 685 1210 770 etiam,
1244 709 1322 771 quas
1351 687 1392 750 ab

134 777 310 873 Eumaci02)
342 787 375 849 et
403 784 553 870 Opilione
586 787 743 871 episcopis
777 787 826 851 vel
860 786 972 851 ceteris
1003 788 1113 872 quovis
1143 789 1215 871 jure
1249 789 1393 853 videritis
1456 814 1460 818 ¹

131 883 238 972 teneri,
260 887 336 973 quia
360 889 505 972 000001)
530 889 738 953 constitutum
753 889 867 972 synodi
890 889 930 953 ab
948 889 1096 974 episcopo
1111 891 1243 974 praedia
1259 891 1393 956 alienari

128 985 211 1051 nullo
234 994 407 1074 potuerunt
430 994 625 1075 commenta,
648 991 857 1055 nihilominus
880 994 1080 1056 revocentur.
1125 991 1175 1057 Sit
1197 993 1393 1077 emptoribus

127 1086 161 1150 ad
184 1112 257 1157 eum
280 1095 436 1177 recursus,
465 1093 519 1178 qui
542 1093 755 1178 praesumpsit
783 1093 903 1178 aliquid
926 1092 964 1156 de
987 1093 1140 1158 ecclesiae
1163 1095 1257 1159 rebus
1280 1095 1394 1159 illicita

126 1192 308 1260 venditione
331 1195 525 1281 distrahere,
547 1195 593 1260 ita
615 1199 652 1259 ut
673 1195 843 1279 pensiones
867 1217 991 1259 annuas
1015 1196 1055 1259 ad
1070 1196 1256 1280 pontificem
1270 1198 1393 1261 defera-

124 1286 174 1372 tis,
200 1298 251 1361 cui
274 1297 445 1382 privilegia
467 1320 524 1362 sua
546 1298 675 1383 integra
691 1299 841 1362 convenit
862 1298 950 1362 omni
973 1298 1097 1362 ratione
1120 1298 1251 1384 servari,
1274 1303 1310 1363 ut
1326 1301 1394 1383 ejus

123 1387 363 1478 dispensatione
384 1401 547 1485 portiones
570 1400 762 1484 proveniant
785 1405 972 1464 consuetae:
995 1400 1041 1463 ita
1057 1403 1093 1463 ut
1107 1402 1287 1484 portionem
1302 1424 1394 1487 quar-

122 1491 228 1584 1101),
259 1523 340 1589 quae
370 1503 411 1567 ad
439 1524 492 1567 eos
521 1502 678 1586 pertinet,
716 1523 772 1565 sua
800 1502 946 1586 pontifex
976 1502 1178 1566 ordinatione
1210 1503 1392 1586 distribuat,

122 1606 219 1673 prout
242 1604 394 1689 cujusque
416 1605 520 1669 locum
534 1605 753 1689 meritumque
777 1605 952 1689 cognoscit.
990 1603 1115 1667 Pariter
1138 1605 1235 1668 etiam
1259 1628 1297 1669 ex
1319 1605 1394 1669 fide·

122 1690 200 1765 lium
224 1706 388 1771 oblatione
410 1706 603 1792 faciendum,
627 1710 663 1770 ut
685 1711 832 1792 quartam
856 1707 978 1771 clericis
1002 1710 1113 1791 eroget
1134 1728 1192 1791 pro
1215 1707 1395 1771 considera-

122 1793 212 1869 tione
240 1830 317 1873 suae
345 1808 511 1873 electionis
540 1810 685 1873 antistes.
743 1809 950 1873 l¹abriearum
978 1808 1075 1872 ctiam
1106 1808 1210 1892 portio
1245 1809 1395 1894 episcopo

123 1899 246 1975 sciente
274 1913 307 1974 et
334 1911 524 1995 disponente
554 1915 660 1975 vestra
693 1912 879 1996 erogatione
912 1911 1087 1995 pendatur,
1122 1914 1280 1995 quatenus
1312 1910 1393 1974 nihil

122 2007 252 2078 renisus
275 2013 310 2077 in
332 2013 560 2078 detrimentum
589 2014 723 2097 alicujus
751 2015 796 2077 rei
825 2012 995 2099 patiamini
1023 2013 1181 2097 generari.
1228 2012 1262 2077 Si
1272 2015 1297 2099 1)
1320 2011 1395 2097 quid

121 2117 198 2173 vero
228 2115 263 2179 in
291 2115 446 2180 ecclesiae
473 2120 597 2181 vestrae
625 2117 778 2180 damnum
812 2119 868 2179 aut
896 2115 930 2178 in
958 2116 1013 2199 iis,
1056 2137 1138 2200 quae
1165 2118 1240 2178 sunt
1267 2137 1394 2198 praece-

118 2205 235 2281 ctione
243 2218 271 2303 1)
305 2221 416 2282 nostra
448 2218 626 2303 prohibita,
662 2217 847 2303 pontificem
875 2221 1013 2302 vestrum
1044 2218 1186 2283 videritis
1214 2217 1394 2300 admittere,

116 2320 196 2379 ¹⁰0¹
220 2320 339 2385 nostris
362 2320 491 2385 auribus
513 2321 669 2385 relatione
691 2321 835 2405 signate,
867 2324 902 2383 ut
930 2320 1005 2404 quid
1033 2320 1103 2384 fieri
1130 2318 1246 2384 debeat
1269 2342 1394 2384 censea-

114 2421 216 2479 mus?

109 2633 171 2701 1111,
195 2646 320 2700 severius
338 2648 406 2700 tanc
423 2644 482 2716 egit
494 2642 651 2714 Simplicius
671 2662 733 2698 cum
745 2642 917 2712 Gaudentio,
936 2660 1020 2714 quam
1038 2661 1111 2699 nunc
1123 2644 1183 2714 agit
1196 2641 1321 2699 Gelasius
1333 2663 1396 2700 cum

107 2703 310 2786 1018000000
329 2731 473 2800 episcop03
496 2732 593 2799 utpote
617 2730 694 2799 cujus
718 2729 892 2800 dispositioni
911 2747 1047 2784 summam
1065 2747 1098 2783 ex
1116 2729 1297 2800 proventibus
1315 2731 1396 2784 colle-

105 2795 197 2863 01·Ἠῦ
222 2815 368 2885 permittat
392 2832 425 2869 ac
447 2816 557 2869 tantum
579 2815 686 2869 moneri
710 2815 789 2882 velit,
812 2817 835 2868 si
858 2815 926 2884 quid
944 2816 979 2868 ab
999 2814 1046 2868 illo
1067 2815 1094 2868 in
1113 2814 1165 2868 hac
1188 2813 1396 2882 dispensatione

103 2890 225 2955 ⁰⁰¹¹tra
241 2901 335 2971 legum
352 2899 556 2969 praescriptum
574 2900 749 2954 admittatur.

186 2983 216 3051 ²)
233 2985 252 3039 Z
271 2990 425 3047 Eumeneia,
444 2988 519 3039 01010
537 2989 651 3040 Ennatio
669 2986 770 3040 omisso
788 2987 872 3039 antea
889 3004 961 3054 quas.

189 3068 217 3137 3)
234 3069 289 3123 ΤΖ
309 3081 399 3125 contra
416 3080 565 3133 corrstttuta,
589 3069 688 3124 deinde
707 3072 726 3124 Z
746 3074 778 3123 ab
796 3075 932 3138 episcopt's.
969 3068 1080 3122 Hilarus
1102 3084 1178 3137 papa
1196 3067 1277 3137 epist.
1297 3074 1313 3122 8
1335 3087 1361 3123 n.
1381 3074 1395 3123 t

100 3131 239 3220 statuit,
261 3175 294 3209 ne
309 3161 420 3224 praedia
438 3160 523 3225 atiquo
539 3160 603 3221 jare
621 3161 646 3208 ia
665 3164 771 3208 alterum
789 3159 1007 3221 transferrentur,
1026 3159 1075 3207 uisi
1089 3162 1164 3222 prius
1180 3159 1252 3221 apud
1268 3160 1397 3209 concilium

100 3223 288 3294 “limatensis
305 3246 386 3309 ipsius
403 3242 647 3315 ccmo-doceretur,
671 3251 698 3293 ut
715 3245 777 3309 quid
790 3245 851 3306 fieri
868 3243 982 3304 deberet,
1007 3243 1129 3293 communi
1144 3243 1248 3291 omnium
1271 3243 1396 3292 delibera·

103 3309 193 3370 “⁰²²0
217 3335 381 3380 humaretur.

194 3409 220 3477 ⁴)
237 3409 290 3464 ΤΖ
309 3422 439 3481 quartam,
458 3409 617 3465 concinnius
636 3427 699 3463 mss.
720 3421 836 3477 quartae.
873 3408 944 3462 Nam
962 3409 1032 3462 baec
1050 3410 1151 3477 quarta
1168 3407 1198 3461 in
1219 3408 1313 3477 plures
1331 3408 1399 3462 divi·

108 3468 251 3549 dssbatur
266 3494 469 3565 portiunculas,
488 3497 518 3549 et
539 3495 652 3564 quidem
675 3512 730 3548 non
748 3493 879 3561 aequales
898 3494 948 3546 sed
966 3511 1016 3562 pro
1036 3495 1168 3564 cujusque
1187 3493 1280 3547 clerici
1297 3492 1398 3547 merito

114 3570 149 3614 ³⁴⁰
173 3571 330 3648 dignitate,
348 3581 426 3635 utin
443 3582 602 3648 fragmento
623 3586 654 3632 to
672 3579 879 3632 observavimus
898 3581 981 3647 atque
1000 3580 1053 3633 hoc
1070 3579 1132 3648 ipso
1150 3578 1283 3631 firmatur.

135 3725 142 3737 ι
200 3665 223 3730 1)
238 3663 388 3735 Sequentia
404 3682 491 3734 usque
510 3664 546 3719 ad
563 3665 651 3719 verba
668 3669 760 3717 debeat
777 3684 921 3717 censeamus
939 3663 973 3716 Χ1
993 3662 1140 3731 sejunctim
1157 3665 1186 3715 et
1204 3662 1264 3716 sola
1276 3665 1326 3715 sub
1346 3662 1399 3714 hoc

121 3726 219 3798 1111110
237 3748 353 3804 inducite
384 3755 417 3804 N.
446 3754 582 3804 CXVIII.
612 3753 727 3803 Gelasius
750 3754 849 3803 Iustino
877 3753 1057 3802 archidiacono
1085 3758 1109 3801 et
1137 3752 1231 3801 Ferrato
1259 3752 1397 3812 defensori

129 3815 240 3887 iI¹ss³rdo
255 3846 279 3889 et
300 3839 342 3890 uti
363 3841 440 3889 liccat
456 3839 564 3889 subditis
581 3843 742 3904 proclamare
760 3840 792 3887 de
813 3839 947 3902 praelatis.
978 3832 1084 3887 Desunt
1101 3831 1129 3884 in
1147 3831 1176 3898 Z,
1193 3830 1333 3901 prioribus
1352 3829 1399 3883 ad·

134 3895 278 3973 tauma
294 3919 368 3975 ra³
381 3922 429 3976 m.

207 4001 465 4066 “)ΤΙ)1Π1Χ10111
486 4011 677 4074 praeceptionis
701 4016 804 4059 normae
826 4004 926 4074 (suppl.
951 4005 1124 4070 auctoritate).
1165 3999 1199 4065 Q²
1220 4004 1400 4068 praeceptioni

144 4087 250 4150 mbae,
266 4091 339 4145 unde
356 4092 483 4146 nostram
500 4089 648 4144 lectionem
665 4089 845 4144 restituimus.

210 4169 316 4235 'lSolus
334 4175 358 4230 T
376 4175 466 4229 addit:
496 4179 612 4229 Decimus
628 4181 702 4242 justo
721 4181 811 4228 ordine
828 4195 877 4228 nco
896 4185 990 4228 tantum
1008 4177 1079 4227 nobis
1096 4177 1144 4225 sed
1164 4173 1305 4238 maioribus
1322 4175 1399 4222 cisum

100 4280 104 4305 ν·
153 4252 184 4292 111
202 4258 300 4317 Fletibus
320 4272 428 4322 tautum,
452 4264 495 4314 udi
515 4273 683 4315 sacrosancta
706 4267 800 4315 duretur
822 4264 987 4328 baptismata.
1010 4262 1110 4324 deteri,
1133 4256 1207 4310 unde
1226 4257 1255 4308 et
1272 4258 1298 4308 0⁷
1315 4257 1352 4308 0111
1370 4253 1399 4307 in

156 4321 244 4422 11ξ11110
258 4351 428 4417 receperunt.
465 4343 541 4410 Quae
560 4346 707 4414 geminans
730 4346 785 4400 sint
807 4362 843 4398 au
861 4346 897 4398 ab
916 4344 999 4398 lvone
1023 4342 1133 4397 aliunde
1155 4341 1313 4410 fragmento
1335 4338 1400 4392 buic

160 4405 362 4502 1111110000ιο
381 4430 557 4486 Constantius
576 4431 690 4486 definire
708 4448 763 4484 non
782 4431 867 4497 ausit,
886 4445 935 4482 nos
953 4445 1015 4482 cum
1033 4427 1156 4481 Berardo
1175 4426 1192 4480 l.
1211 4443 1233 4479 c.
1250 4425 1275 4477 II
1294 4429 1343 4478 347
1361 4424 1400 4477 in-

164 4487 227 4583 Ipbie
241 4511 286 4569 hoc
302 4516 423 4571 alterum
440 4515 622 4571 arbitramur:
645 4517 750 4570 scilicet
767 4532 801 4569 ea
819 4532 852 4569 ex
871 4514 992 4583 quodam
1010 4510 1177 4580 exemplari,
1201 4511 1230 4564 in
1251 4526 1306 4579 quo
1324 4509 1400 4562 nullo

167 4588 353 4676 ’1110000000
368 4601 495 4672 proxime
514 4602 715 4670 sequebantur,
739 4602 799 4655 sola
819 4599 965 4654 scribentis
983 4597 1089 4652 incuria
1107 4596 1206 4651 adsuta
1224 4611 1292 4649 esse.
1328 4593 1401 4648 Nam

215 4673 264 4742 itm
278 4686 381 4741 dudum
394 4686 513 4741 000οἰοἰ
526 4686 553 4739 in
566 4687 687 4741 ecclesiis
706 4685 921 4755 baptismatibus
938 4685 1083 4755 baptizare
1097 4681 1202 4736 licitum
1215 4682 1288 4747 erat,
1306 4681 1401 4733 tamen

193 4769 319 4830 ”breues
334 4792 437 4831 sousa.
452 4792 565 4830 rorare.
584 4777 606 4831 Ι,
1158 4776 1196 4834 32
