3224 5506
120 364 185 428 460
597 359 782 425 11111111
804 375 917 422 ranan

17 553 40 589 a·
52 540 103 589 495
205 533 287 597 Item
323 532 460 613 aetus²⁷)
490 532 576 594 beati
606 529 751 595 Silvestri
778 531 973 614 apostolicae
1002 530 1086 593 sedis
1113 528 1251 613 praesuli

14 608 104 658 «496.
121 637 189 719 ejus
211 634 266 718 qni
289 633 481 717 conscripsit
501 655 620 697 nomen
648 633 824 716 ignoretur,
853 632 1004 696 amultis
1031 635 1142 696 tamen
1170 631 1205 696 in
1227 654 1251 696 u

119 759 216 801 mana
244 734 410 799 catholicis
437 735 502 820 legi
534 735 757 819 cognovimus,
787 738 820 798 et
846 756 903 818 pro
927 734 1060 818 antiquo
1088 756 1149 798 usu
1176 733 1251 799 muli

119 839 289 903 imitantur
310 837 473 902 ecclesiae.

149 1001 152 1007 .
205 940 287 1004 Item
309 940 469 1024 scriptura
491 939 530 1006 de
552 939 738 1003 inventione
766 939 915 1023 crucier)
943 938 1150 1020 Dominicae,
1174 941 1251 1003 eta

119 1045 215 1127 ptura
237 1042 276 1106 de
290 1041 476 1106 inventione
492 1042 608 1126 capitis
623 1041 709 1105 beati
725 1041 885 1105 Johannis
902 1041 1071 1127 baptistae,
1096 1040 1244 1106 novellae

121 1145 291 1208 relationes
313 1146 405 1225 sunt,
429 1145 462 1206 et
483 1143 630 1207 nonnulli
653 1164 706 1206 eas
729 1142 877 1206 catholici
901 1144 1023 1227 legimt.
1062 1142 1124 1207 sed
1139 1164 1238 1227 quum

120 1245 349 1310 catholieormn
383 1236 498 1309 manus
527 1245 779 1329 advenerintil),
814 1246 900 1309 beati
934 1244 1026 1309 Pauli
1055 1246 1191 1328 apostoli
1219 1267 1251 1330 pl

121 1348 297 1412 sententia:
322 1351 430 1411 Omnia
449 1352 588 1426 probate,
613 1353 695 1427 qaod
715 1354 822 1412 bonurn
845 1360 888 1411 est
910 1359 1014 1411 tenete.

204 1450 286 1514 Item
309 1449 445 1513 Rufinus
473 1450 522 1512 vir
549 1449 717 1533 religiosus
747 1449 900 1532 plurimos
929 1448 1138 1514 ecclesiastici
1160 1451 1251 1534 operi

119 1552 228 1633 libros,
252 1549 423 1616 nonnullas
451 1550 547 1614 etiam
577 1552 752 1635 scripturas
780 1552 1012 1635 interpretatus
1041 1555 1100 1616 ost.
1146 1547 1251 1636 Seel‘c

120 1653 359 1738 venerabilis³⁰l
383 1652 597 1736 Hieronymus
620 1675 692 1717 euni
713 1654 748 1717 in
771 1653 929 1737 aliquibus
952 1653 991 1717 de
1014 1654 1140 1718 arbitrii
1166 1654 1251 1719 liber

120 1757 212 1837 tavit,
240 1755 295 1819 illa
317 1755 490 1837 sentimuS,
519 1776 600 1838 quae
628 1755 827 1838 praedictum
856 1757 985 1820 licatunr
1013 1755 1250 1839 Hieronymum

121 1857 358 1941 cognoscimus3
391 1859 423 1920 et
455 1878 522 1920 non
554 1856 657 1920 solum
690 1857 728 1921 ile
762 1856 895 1939 Rufino,
930 1859 985 1920 secl
1018 1859 1116 1921 etiam
1149 1858 1188 1921 de
1221 1882 1251 1921 111

50 2022 57 2036 x
119 1960 245 2044 quoe³¹)
268 1961 317 2023 vir
332 1959 459 2043 saepius
474 1961 667 2023 memoratus
689 1959 756 2023 zelo
772 1957 833 2022 Dei
856 1963 888 2023 et
910 1959 982 2022 fidei
999 1960 1155 2044 religione
1171 1982 1251 2044 repn

11 1325 104 1379 Thess.

13 1398 82 1460 am.

186 2132 218 2196 ²⁷)
236 2129 297 2183 Huc
314 2130 435 2199 spectet,
453 2128 529 2196 qnod
547 2127 661 2183 Carolus
679 2129 796 2198 Magnus
814 2128 876 2182 libr.
897 2126 1015 2184 Carohn.
1037 2129 1061 2182 11
1081 2134 1151 2184 c.13
1169 2128 1251 2183 scribi

118 2221 195 2283 ipitar
216 2225 314 2267 actum
336 2219 359 2267 h.
380 2218 508 2274 Silvestri,
531 2217 574 2266 ahi
595 2219 626 2268 de
650 2218 796 2282 hnayinihns
819 2202 1031 2283 (apostolorum'i
1050 2218 1219 2269 Constantino
1242 2221 1251 2267 i

118 2303 348 2365 delatiescrihitur,
368 2305 425 2353 ideo
444 2301 524 2352 obniti
539 2309 637 2366 potest,
657 2305 716 2368 qnia
734 2319 880 2368 quanquam
898 2321 915 2352 a
932 2303 1046 2367 plnrihne
1058 2304 1190 2354 catholicis
1208 2307 1251 2368 lep

119 2398 200 2439 tarrien
211 2391 248 2439 ad
258 2406 301 2447 ea,
321 2403 384 2453 qliae
403 2389 428 2436 in
441 2389 610 2452 quaestionem
622 2389 734 2446 veniant,
753 2388 907 2450 affirmanda
924 2389 1000 2451 plane
1019 2390 1124 2438 idonens
1140 2390 1251 2453 perhibe

118 2476 144 2523 in
167 2473 231 2524 lihro
255 2473 277 2525 h.
296 2475 391 2523 Getasii
409 2473 537 2522 Romanae
554 2471 624 2521 erbis
641 2473 773 2530 cinibtiiis,
797 2476 840 2538 qni
862 2473 1009 2523 inscribitur
1028 2474 1165 2524 Decretate
1183 2476 1216 2525 de
1234 2492 1251 2523 r¹

118 2560 157 2609 acl
174 2575 224 2608 non
241 2559 397 2622 recipiendia
415 2558 555 2615 codicibus,
574 2560 690 2622 apertius
708 2559 913 2608 demonstratam.
944 2594 947 2600 .

135 2670 146 2689 .
185 2642 218 2706 ²⁶)
236 2637 268 2692 0²
280 2637 359 2692 addit
369 2650 482 2691 sanctae.
505 2637 625 2706 Moxque
637 2638 756 2691 While
771 2638 876 2693 omittit
888 2645 1041 2702 dominicae,
1060 2640 1213 2708 1111111111
1226 2641 1251 2695 H

118 2726 190 2778 Tum
209 2726 232 2778 c¹
254 2729 317 2777 itera
334 2729 488 2790 scripturam
561 2734 586 2776 et
604 2729 678 2776 ciliani
695 2730 858 2792 ecriptnrant.
890 2727 915 2778 a¹
930 2727 956 2778 c²
974 2741 1031 2793 seq.
1052 2729 1117 2779 Item
1134 2733 1251 2794 scripta.

116 2817 228 2878 scripta,
247 2826 280 2863 ac
298 2807 398 2862 deinde
417 2824 479 2861 oum
498 2809 522 2861 1Ι
542 2814 654 2862 novellae
673 2814 796 2878 quaedinn
809 2816 954 2865 relationes.
985 2807 1017 2863 0²
1030 2810 1063 2863 F'
1082 2818 1195 2865 riouellac
1208 2819 1251 2881 qni

119 2899 194 2948 tionis
217 2893 261 2959 (F'
279 2895 315 2960 et)
339 2899 450 2948 nonnulli
472 2895 509 2959 (0²
527 2895 582 2960 eae)
605 2898 722 2947 catholici
742 2902 836 2964 tepent.
871 2902 967 2948 ames.
987 2901 1162 2951 revelationes.
1206 2897 1251 2950 na

119 2977 251 3048 Cypriani
263 2977 328 3032 edit.
343 2978 446 3031 Pamel.
460 2996 524 3047 pag.
539 2984 588 3032 577
606 2978 726 3033 habetur
744 2979 778 3033 de
797 2979 966 3034 revelatione
985 2978 1084 3049 capitis
1096 2980 1251 3036 iohannis]

63 3107 64 3110 ,
117 3066 262 3119 tractatus.
294 3061 385 3127 Quem
400 3081 485 3132 quum
497 3064 632 3118 Batonius
644 3064 872 3119 annotationibus
889 3064 919 3118 in
932 3065 1251 3135 martyr01‚,1vlial.se

117 3148 163 3203 hic
180 3148 271 3204 notari
290 3147 460 3215 observavit,
478 3165 535 3202 non
552 3149 685 3215 attendit,
705 3151 733 3202 et
750 3149 778 3202 in
797 3149 895 3204 eodem
914 3150 1037 3204 trachitu
1056 3151 1165 3205 laudari
1177 3151 1251 3205 Marc

116 3233 190 3287 mitis
208 3233 358 3288 chronicon
374 3234 438 3303 post
456 3233 560 3289 Gelasii
577 3235 696 3287 mortem
708 3234 911 3288 concinnatum.
949 3233 1003 3289 Sed
1020 3234 1086 3290 inde
1104 3235 1157 3290 hoc
1176 3235 1251 3291 (1111(

117 3318 185 3374 lusio
204 3316 313 3388 eripere
332 3318 498 3373 Pcnrsonius
515 3319 653 3388 Ignatian.
672 3336 736 3388 pag.
757 3325 790 3373 54
807 3320 910 3373 frustra
927 3319 1083 3386 contendit,
1102 3337 1189 3388 quum
1206 3320 1251 3375 ite:

118 3404 187 3458 cello
206 3402 328 3471 quodam
345 3403 564 3458 archimandrite
580 3404 646 3458 ante
665 3403 769 3458 Gelasii
787 3404 896 3457 obitum
913 3405 1012 3472 eapitis
1030 3405 1165 3460 iohannis
1183 3406 1251 3477 Bapi

118 3487 284 3543 velationem
303 3488 412 3558 scriptis
429 3489 592 3544 mandatam
610 3505 681 3555 csse,
699 3506 751 3543 nec
768 3489 828 3559 ipse
847 3489 1006 3545 diltiteatnr.

185 3574 217 3639 ²⁹)
236 3571 311 3627 aditi
333 3590 396 3626 cum
417 3573 449 3627 C²
466 3580 642 3643 pervenerint,
665 3590 784 3641 moxque
808 3573 841 3628 0²
859 3577 927 3629 beati
948 3582 1060 3643 apostoli
1081 3581 1195 3645 mebant
1216 3580 1251 3646 <at

30 3687 32 3690 ·
117 3660 269 3726 praecedat)
288 3664 448 3721 sententiam,
467 3659 507 3711 Fe
523 3665 666 3727 praecedit.
732 3678 735 3683 ’

185 3746 218 3811 ³⁰)
236 3742 280 3796 lta
296 3741 420 3812 potiores
438 3760 500 3796 mss.
531 3743 585 3797 Alii
603 3759 682 3811 vero,
702 3744 785 3811 (inter
803 3761 872 3815 quos
891 3744 968 3800 C²F'
981 3745 1026 3814 0⁹)
1045 3750 1213 3802 hraineinais.
1244 3765 1251 3801 i

118 3840 164 3882 tae.
196 3826 358 3896 Hieronymi
376 3827 480 3896 scripta
498 3828 709 3883 commendandi
726 3830 831 3885 nullam
848 3830 1050 3900 praetermittit
1061 3831 1189 3887 Gelaeins
1206 3849 1251 3888 occ

118 3928 172 3981 quo
195 3911 334 3967 efficacius
356 3911 533 3967 insolentiam
554 3914 686 3968 retundat
707 3914 830 3981 illorum,
852 3916 900 3984 qui
922 3916 1026 3970 famam
1045 3915 1105 3986 ejus
1125 3916 1251 3974 lacerare

117 3998 259 4053 sistebant.
297 3997 381 4066 (iujos
404 3997 445 4052 rei
467 4014 551 4052 causa
573 3999 733 4069 imperitum
756 3999 905 4068 quemnam
927 4017 1021 4055 senem
1045 4001 1082 4055 ab
1105 4001 1167 4072 ipse
1191 4003 1251 4074 epis

118 4082 220 4139 aeritm
236 4083 435 4153 reprehensum
453 4081 615 4138 audivimus.

186 4171 217 4236 ³¹)
235 4168 295 4222 Hoc
318 4170 360 4221 cst
376 4167 577 4236 Luciferianos,
596 4169 791 4239 Vigilantiam,
814 4170 1004 4237 Jovinianum‚
1027 4171 1201 4240 Helvidium,
1223 4189 1251 4228 at

117 4253 186 4308 alios
211 4255 264 4307 zeto
282 4258 333 4306 oei
354 4264 379 4306 et
398 4258 461 4318 tldei
480 4259 603 4323 retipione
625 4261 797 4324 reprehendit.
835 4256 914 4311 Hanc
937 4257 1031 4311 autem
1056 4257 1251 4328 approbationi

118 4336 283 4391 conditionis
301 4337 384 4405 hujus
402 4337 469 4391 lines
488 4338 630 4395 adomnia
643 4340 805 4410 Hieronymi
818 4342 904 4397 verba
921 4340 1092 4411 protendens
1104 4342 1251 4399 Pearsonit

118 4422 146 4474 in
168 4438 275 4476 caesum
300 4413 420 4491 colligit,
440 4422 513 4476 unde
538 4428 566 4477 et
588 4425 709 4479 auctoris
726 4426 809 4495 hujus
832 4426 938 4480 decreti
956 4428 985 4480 ct
1002 4426 1167 4496 Hieronymi
1185 4444 1242 4483 non

118 4506 245 4561 omnibus
255 4523 315 4562 esee
324 4507 499 4574 sententiam,
509 4508 634 4577 adeoque
647 4511 699 4564 hoc
709 4511 851 4565 decretum
859 4510 970 4566 Gelasio
980 4510 1200 4579 abjudicandum
1210 4531 1251 4584 pe:

118 4589 203 4656 Quasi
215 4606 279 4646 vero
296 4593 320 4648 is
337 4610 413 4663 papa
424 4610 483 4647 sese
496 4609 514 4647 a
526 4593 653 4663 quahbet
664 4587 827 4665 Hieronymi
841 4597 979 4652 sententia
990 4613 1025 4650 no
1038 4614 1162 4666 unguem
1174 4597 1251 4653 latua

118 4674 259 4730 discedere
276 4677 453 4747 profiteatur,
472 4679 501 4732 ot
518 4694 574 4732 non
591 4681 684 4750 potius
701 4681 754 4736 hoo
772 4683 882 4736 tanturn
900 4680 1050 4751 significet,
1071 4697 1132 4736 sese
1149 4680 1179 4736 in
1197 4681 1251 4752 aliq

118 4759 249 4814 libertate
266 4761 390 4828 arbitrii,
412 4762 440 4816 in
463 4763 564 4832 quibus
581 4766 710 4820 Rufinum
728 4783 844 4836 peecare
862 4766 1046 4835 Hieronymus
1068 4767 1191 4834 notavit,
1212 4783 1251 4822 es

120 4845 188 4910 lire,
207 4861 277 4912 quae
295 4846 341 4900 illo
360 4847 458 4902 doctor
475 4848 571 4915 sentit3
592 4853 620 4904 et
638 4852 670 4904 ut
686 4851 816 4905 Rufinum
834 4851 863 4905 in
884 4851 928 4905 his
945 4851 1162 4922 reprehensione
1180 4850 1251 4923 dina

119 4930 178 4995 cat,
203 4928 245 4984 ita
264 4930 340 4986 item
360 4932 463 5001 sentire
485 4951 515 4988 se
537 4933 572 4989 de
594 4935 722 4991 omnibus
744 4935 818 5003 aliis,
841 4952 911 5007 quoe
932 4935 1008 4992 idem
1025 4936 1124 4993 decim
1140 4943 1197 4993 sete
1213 4941 1251 4993 tle
