3204 5506
487 386 675 436 naussum.
716 388 910 436 aersronns
935 379 963 435 1.
989 377 1018 436 2.
1325 373 1380 436 991

119 564 216 626 quum
229 541 393 625 Liguriam
411 562 491 624 pene
507 563 604 605 manu
620 542 791 625 contingit,
803 541 949 624 linguam
964 541 1053 604 feriis
1068 541 1255 624 deputastis.
1280 541 1387 604 Minus

120 645 212 708 licuit
234 644 414 725 absentiae,
439 644 513 706 dum
535 643 741 707 sanctitatem
764 646 902 705 vestram
925 643 1048 726 prolixa
1072 645 1194 707 viarmn
1217 643 1386 708 intervalla

118 749 306 809 tenuerunt:
336 746 494 828 pensabat
516 744 733 812 confabulatio
756 744 922 827 dispendia
944 745 1091 826 visionis,
1121 749 1154 808 et
1183 749 1216 809 in
1239 746 1386 810 remediis

119 848 248 932 provisa
277 847 465 931 diligentiae
493 847 671 910 litterarum
701 845 889 910 commercia
917 847 1180 929 praestabantur,
1215 870 1272 931 per
1305 870 1386 932 quae

118 949 228 1013 officia
256 949 340 1012 inter
368 949 566 1012 habitatione
601 949 753 1012 discretos
781 951 828 1013 nil
856 948 982 1031 peribat
1009 948 1147 1015 affectui.
1203 949 1264 1014 Sed
1294 951 1387 1013 credo

118 1051 240 1136 eligitis
256 1051 366 1115 amicis
381 1051 563 1115 difficiliora
578 1051 733 1115 tribuere:
756 1074 822 1116 non
838 1053 989 1136 putantes
1005 1050 1204 1133 beneficium,
1228 1052 1255 1114 si
1270 1073 1386 1135 pascar

118 1152 154 1216 in
177 1155 271 1216 tanta
293 1154 458 1217 vicinitate
482 1153 657 1236 colloquiis.
698 1154 743 1216 At
766 1175 842 1237 crgo
867 1174 974 1216 casum
996 1175 1100 1216 meum
1124 1175 1215 1217 versa
1238 1154 1384 1217 aestima-

117 1256 207 1318 tione
229 1257 362 1339 snspiro,
387 1277 427 1318 uc
450 1254 613 1318 beatitudo
636 1258 691 1317 tua
714 1256 858 1319 retulerit
881 1256 920 1319 ad
938 1255 1105 1338 judicium,
1136 1256 1218 1339 quod
1242 1256 1386 1319 exhibuit

118 1357 363 1439 blandimentis3
393 1357 467 1420 dum
494 1356 577 1440 quod
606 1358 794 1439 praecessit,
819 1356 972 1421 adscribit
993 1357 1145 1439 tempori,
1180 1380 1244 1421 non
1273 1359 1383 1422 amori.

118 1458 272 1522 Facessat
294 1482 312 1521 a
334 1458 499 1522 nostruin
523 1457 672 1521 amicitiis
694 1458 783 1522 frons
806 1459 893 1542 picta
915 1460 1093 1542 proposito!
1138 1457 1205 1522 Nos
1234 1459 1273 1522 ad
1301 1459 1385 1523 hanc

117 1560 276 1624 fabricam
299 1561 387 1624 nulla
409 1560 668 1643 praecedentium
690 1561 865 1624 studiomm
886 1560 962 1624 lima
978 1560 1171 1643 composuit:
1193 1562 1312 1625 nudam
1327 1562 1385 1625 sci·

118 1684 189 1725 mus
212 1663 252 1725 ad
276 1663 534 1744 conjunctionem
556 1663 669 1726 afferre
692 1663 908 1743 concordiam,
940 1662 1154 1726 urbanitatem
1182 1664 1267 1727 inter
1296 1685 1385 1727 caros

117 1768 155 1827 ut
184 1786 307 1827 venena
341 1764 528 1847 respuimus
582 1763 684 1847 Ergo,
717 1765 760 1827 mi
789 1764 930 1846 domine,
960 1765 1185 1829 salutationem
1213 1766 1383 1848 accipiens,

119 1868 282 1929 amantem
305 1867 352 1928 tui
374 1867 407 1929 iu
431 1866 491 1930 hac
513 1867 619 1949 potius
643 1869 735 1950 parte
758 1870 894 1948 sectare,
924 1870 957 1929 et
985 1870 1019 1929 ut
1048 1867 1205 1931 culturam
1232 1868 1306 1931 fidei
1330 1890 1386 1950 per

116 1967 331 2050 frequentiam
354 1968 507 2031 sermonis
529 1968 711 2050 impendas,
742 1972 773 2030 et
796 1990 833 2030 ex
856 1972 978 2031 secreto
1006 1969 1143 2050 pectoris
1166 1969 1311 2033 infucata
1333 1991 1385 2032 ex·

117 2071 277 2151 spectanti
301 2070 397 2132 verba
419 2069 584 2133 concedas.
629 2069 720 2134 Vale.

631 2256 812 2359 Epistola
838 2260 870 2340 2.

272 2408 477 2474 Ennodius
500 2408 743 2473 Hormisdae.
1396 2451 1500 2506 Ennod.

205 2527 327 2591 Scimus
349 2529 490 2612 religiosi
512 2532 712 2592 sacramenta
733 2529 889 2613 propositi
913 2530 952 2592 ab
974 2529 1112 2592 obnoxia
1136 2530 1275 2612 peccatis
1301 2529 1379 2592 mul·
1404 2519 1482 2584 V=¹3·

117 2630 256 2693 titudine
290 2631 475 2694 innocentia
509 2635 540 2694 ct
572 2631 634 2694 fide
668 2632 828 2714 separari,
866 2636 898 2694 et
925 2632 1035 2694 titulos
1062 2631 1252 2695 venerabilis
1286 2632 1382 2696 officii

118 2755 221 2796 mores
249 2734 355 2816 potius
383 2733 554 2817 insignire,
587 2754 681 2816 quam
715 2755 857 2817 corpora.
914 2731 990 2808 Quis
1024 2733 1141 2797 bouum
1170 2734 1384 2798 conscientiae

118 2836 204 2898 inter
226 2834 369 2899 homines
393 2839 539 2919 quaerat,
563 2835 590 2897 si
614 2835 722 2899 mmrdi
745 2834 926 2898 adhibenda
948 2838 996 2898 cst
1012 2835 1096 2898 circa
1111 2835 1297 2918 pontificum
1321 2839 1383 2899 sta-

118 2940 190 3000 tuta
212 2937 402 3018 necessitas,
427 2936 453 2999 si
477 2939 676 3001 sacerdotum
698 2938 865 3021 promissio
889 2937 1118 3020 circumspecta
1147 2937 1293 3001 cautione
1321 2959 1384 3000 ser·

117 3039 268 3103 vabitur?
312 3038 485 3123 Nunquam
505 3038 619 3102 habuit
641 3039 675 3102 iu
698 3039 813 3103 affectu
837 3040 1067 3121 constantiam,
1097 3039 1147 3102 cui
1169 3040 1275 3102 facere
1298 3038 1383 3102 aliud

117 3141 158 3204 de
180 3141 412 3224 pollicitatione
434 3162 499 3205 non
522 3141 622 3205 licuit.
661 3140 785 3204 Saeculi
810 3141 1008 3205 conversatio
1030 3141 1137 3224 legum
1159 3144 1245 3203 metu
1268 3140 1383 3203 retinc-

117 3247 186 3306 tur:
219 3243 280 3307 Dei
301 3243 437 3306 famulos
460 3244 543 3327 quod
564 3244 682 3307 bonum
704 3246 753 3305 est
775 3242 923 3306 exhibere
946 3243 1095 3307 convenit
1116 3263 1180 3305 nou
1208 3241 1383 3324 formidini,

117 3345 175 3408 sed
197 3346 306 3409 amori.
351 3344 478 3408 Dudum
500 3346 574 3409 dum
597 3345 689 3409 nobis
711 3347 813 3407 nictus
835 3345 986 3427 instaret,
1022 3349 1053 3407 et
1081 3344 1119 3407 de
1149 3343 1317 3406 clementia
1339 3345 1382 3426 pii

119 3447 206 3531 regis
229 3447 324 3511 dubio
347 3447 533 3510 meritorum
556 3447 776 3510 aestimatione
797 3447 1005 3530 penderemus
1020 3447 1153 3527 incert0,
1179 3445 1314 3509 camelos
1336 3449 1385 3509 tot

118 3549 240 3612 dandos
269 3550 385 3613 domno
414 3551 549 3634 papaes)
580 3549 638 3612 tali
666 3549 863 3613 reverentiae
893 3534 1015 3612 vestrae
1045 3547 1225 3612 conditione
1253 3548 1383 3612 tradidi·

118 3673 205 3733 mus,
230 3655 266 3714 ut
288 3652 312 3714 si
337 3652 430 3714 nobis
453 3651 605 3714 animalia
628 3652 698 3734 ipsa
719 3673 785 3714 non
814 3655 921 3714 essent
948 3649 1142 3731 necessaria,
1173 3650 1296 3733 justum
1324 3672 1383 3733 pro

118 3753 198 3835 ipsis
225 3753 363 3836 pretium
391 3754 580 3817 mitteretur.
640 3752 683 3815 ht
716 3753 790 3836 quia
816 3753 906 3817 novit
938 3753 1056 3836 optime
1084 3751 1237 3816 sanctitas
1267 3755 1381 3834 vestra,

118 3876 188 3937 nos,
213 3854 287 3917 dum
309 3855 481 3939 potuimus
505 3878 563 3938 per
585 3853 811 3939 allegationem
833 3859 921 3919 tuam
944 3855 1100 3918 utilitates
1122 3856 1253 3917 sanctae
1269 3853 1383 3918 Roma·

118 3978 181 4018 nae
204 3955 354 4020 ecelesiae
378 3957 575 4039 sublevasse,
614 3979 700 4019 nunc
727 3978 784 4039 pro
813 3956 1030 4020 vicissitudine
1057 3955 1155 4023 facite
1183 3956 1221 4019 de
1248 3957 1383 4019 veritate

118 4056 319 4121 beneficium.
365 4058 560 4134 Quaesumus
589 4059 686 4122 etiam
716 4059 908 4122 salutatione
931 4059 1092 4142 praefata,
1124 4061 1160 4122 ut
1187 4059 1262 4143 quid
1289 4080 1383 4143 super

118 4158 180 4222 hac
202 4162 293 4242 parte
315 4159 500 4224 deliberatio
523 4165 627 4224 vestra
655 4161 788 4242 habeat,
818 4161 981 4225 indicetis:
1015 4161 1088 4244 quia
1117 4160 1289 4243 credimuS,
1323 4183 1382 4224 nec

117 4261 299 4344 praefatum
328 4262 411 4326 sedis
439 4263 631 4346 apostolicae
653 4263 832 4346 praesulem
854 4285 913 4327 nec
936 4285 1007 4345 vos,
1037 4263 1090 4347 qui
1120 4262 1308 4326 mediatores
1332 4287 1381 4326 ex-

117 4364 248 4447 sistitis,
273 4363 359 4427 aliud
383 4365 534 4448 cogitare,
559 4364 621 4427 nisi
643 4364 726 4447 quod
749 4369 781 4428 et
802 4366 964 4449 proposito
987 4367 1019 4428 et
1036 4364 1182 4448 justitiae
1204 4365 1273 4428 sinc
1294 4364 1382 4428 dubi·
1447 4369 1450 4377 “

117 4465 241 4529 tatione
265 4466 444 4531 conveniat.

135 4694 159 4740 ⁶2.
197 4690 216 4754 ¹)
235 4686 315 4741 Haud
338 4687 422 4740 dubie
444 4684 623 4755 Symmachus
649 4704 724 4757 papa
750 4686 789 4739 ibi
812 4687 923 4755 dicitur,
955 4687 998 4742 cui
1021 4687 1160 4741 Ennodius
1187 4694 1282 4742 nostor
1304 4705 1381 4757 prac-

117 4772 214 4842 primis
231 4773 303 4826 iuter
320 4772 474 4826 schismatis
492 4772 644 4825 certamina
662 4772 788 4824 omnibus
806 4773 895 4826 modis
917 4774 1019 4826 servire
1043 4773 1158 4837 studuit3
1183 4776 1252 4827 conf.
1277 4775 1380 4829 lhvnod.

117 4856 197 4926 epist.
216 4858 263 4923 lll,
277 4864 317 4923 10,
339 4856 385 4922 Vl,
400 4863 430 4910 16
443 4859 472 4911 ct
484 4864 524 4924 33,
551 4857 598 4910 lib.
618 4858 727 4927 apolog.
749 4876 798 4927 pro
817 4876 874 4927 syn.
892 4859 970 4911 ltom.
986 4857 1030 4925 lV,
1053 4863 1081 4912 et
1103 4876 1187 4928 supra
1209 4859 1257 4912 int.
1277 4858 1379 4928 Symrn.

118 4941 198 5013 epist.
213 4948 236 5009 7,
252 4949 276 5008 9,
295 4948 410 4996 18-24.
