3204 5506
613 341 802 391 urrsronns
827 335 951 391 7—11.
1372 334 1411 398 13

184 511 308 561 constantes
328 505 396 559 intra
423 510 539 577 quatuor
565 502 670 559 diesin
692 502 783 559 eadem
806 502 871 559 urbe
893 503 1039 578 eademque
1060 507 1087 560 in
1109 477 1217 562 basilica
1240 510 1408 565 convenisse.
1462 490 1465 504 Α

183 590 293 645 Praeterea
308 590 364 662 quis
379 589 527 644 clarissimo
544 582 599 644 viro
615 590 750 652 annuerit,
767 588 896 663 epistolas
908 589 963 644 vltt
978 597 1006 646 et
1021 589 1051 653 X,
1069 607 1151 664 quum
1168 608 1182 647 e
1197 591 1303 666 synodo
1316 595 1410 650 Antio·

180 676 259 731 cirenae
271 674 389 730 ecclesiae
404 691 482 730 eausa
499 681 664 749 congregata
679 675 775 730 missae
791 673 922 738 dieantur,
939 675 1039 730 nullam
1055 674 1176 746 ejusdem
1192 678 1321 735 ecclesiae
1336 695 1410 736 men·

179 762 259 816 donem
272 759 370 815 iacere?

243 860 268 917 t.
283 861 374 916 Verum
390 861 433 918 hic
449 863 538 917 mirari
553 860 634 924 subit,
658 861 791 917 Valesinm
807 863 892 917 virum
908 879 973 918 sane
990 862 1126 919 oculatum
1142 863 1208 920 haec
1223 863 1318 921 leviter
1333 881 1409 939 prae·

175 947 261 1002 tuisse
278 945 408 1003 subnexae
429 946 558 1022 epistolae
575 948 611 1002 11
630 944 685 1003 n.5
701 945 794 1002 verba:
817 951 859 1003 sic
880 955 976 1004 eutem
990 949 1118 1005 Aeacius
1132 953 1307 1022 impietatem
1318 954 1408 1022 pesti·

170 1032 242 1103 serae
253 1033 438 1089 damnationis
453 1034 583 1102 tetendit,
606 1039 637 1088 ut
652 1035 737 1088 etiam
751 1033 883 1104 dejectus
897 1036 1026 1104 insultet,
1049 1041 1080 1090 ut
1100 1038 1209 1090 scissus
1223 1038 1337 1092 saeuire
1352 1053 1409 1092 raon

172 1119 270 1187 deamat,
287 1125 313 1173 et
327 1136 413 1191 quum
428 1122 540 1174 omnino
551 1125 637 1174 eastra
651 1133 760 1190 eorpus
770 1118 914 1174 habeatur
921 1111 1083 1189 Ecclesiae,
1100 1122 1166 1190 ejus
1178 1125 1271 1176 tumen
1282 1121 1408 1176 membro

170 1202 298 1258 dilaceret.
327 1201 404 1258 Certe
420 1204 529 1259 Aeacius
546 1204 572 1258 in
584 1201 629 1273 jus
653 1211 762 1258 vocatus
777 1203 874 1259 sistere
889 1219 919 1258 se
934 1211 1073 1267 renuerat,
1096 1220 1184 1277 neque
1205 1203 1272 1260 adeo
1293 1206 1320 1260 in
1342 1203 1409 1260 urbe

114 1310 117 1315 ·
169 1303 238 1360 agens
249 1289 320 1361 regia
335 1285 433 1344 Romae
449 1289 525 1362 argui
541 1289 640 1361 potuit,
658 1287 732 1362 quod
746 1289 879 1360 dejectus
893 1290 1009 1344 insultet
1025 1296 1052 1344 et
1068 1296 1155 1345 extra
1172 1305 1280 1362 eorpus
1294 1291 1409 1346 habitus

168 1372 300 1429 Ecclesiae
320 1375 387 1444 ejus
407 1374 532 1430 mamhra
553 1374 708 1443 dilaceret,
730 1373 780 1428 nisi
803 1389 870 1447 quae
890 1372 937 1429 iile
960 1373 1145 1429 adenuntiata
1165 1373 1216 1430 sibi
1231 1373 1408 1431 damnationis

166 1459 281 1513 sententia
295 1467 411 1532 patrarat
427 1457 557 1521 facinora,
581 1456 653 1514 Felix
674 1458 754 1514 certis
776 1456 890 1514 testibus
906 1456 1055 1521 didicisset,
1077 1457 1150 1532 quod
1171 1457 1328 1516 brevissimo
1344 1476 1408 1533 qua-

166 1542 329 1599 tuordierum
343 1544 431 1616 spatio
447 1541 505 1599 heri
526 1542 601 1599 nullo
621 1542 702 1599 modo
723 1560 805 1616 posse
828 1542 999 1599 manifestum
1014 1552 1065 1600 est.
1102 1543 1130 1599 ln
1152 1542 1275 1600 eumdem
1298 1544 1409 1600 oliendit

163 1627 302 1701 scopulum.
334 1645 415 1702 quum
441 1629 602 1684 sententiam
628 1629 655 1683 in
682 1629 805 1684 Aeaeium
826 1627 906 1683 latam
927 1630 1104 1701 aliquamdiu
1126 1645 1314 1702 suppressam
1335 1628 1408 1690 dicit.

160 1729 233 1786 eaque
245 1712 351 1787 prolatu
366 1722 537 1787 exspectasse
553 1711 677 1776 Felicem,
694 1732 761 1771 num
768 1715 896 1770 Aeacius
906 1717 1092 1786 resipisceret
1104 1721 1131 1771 et
1141 1722 1249 1771 mutato
1260 1718 1410 1787 proposito

158 1813 213 1853 sese
226 1799 262 1869 atr
276 1799 489 1854 haereticorum
504 1801 697 1855 communione
713 1808 875 1856 reuocaret.
898 1797 990 1855 Posito
1006 1801 1085 1863 enim,
1103 1799 1176 1873 quod
1189 1799 1333 1872 quatriduo
1345 1806 1409 1874 post

154 1884 281 1956 geminata
301 1883 392 1946 inerit,
421 1885 460 1938 uti
481 1885 586 1946 asserit,
613 1882 704 1940 eadem
730 1885 864 1940 sententia
888 1884 968 1940 simul
993 1901 1124 1959 suspensa
1150 1879 1249 1941 dicitur
1269 1892 1296 1939 et
1317 1885 1408 1940 statim

151 1970 253 2030 iterata,
267 1969 305 2024 ita
320 1977 351 2023 ut
366 1967 439 2025 Felix
455 1967 518 2025 dum
534 1977 690 2044 exspectare
705 1967 826 2044 fingitur,
848 1987 912 2026 num
928 1970 1038 2026 Aeacius
1053 1971 1209 2044 resipiscat,
1229 1986 1290 2025 eum
1308 1970 1408 2026 iterum

149 2053 270 2110 damnare
285 2063 424 2128 properet.

228 2155 258 2213 5.
291 2155 348 2212 lluo
364 2164 453 2212 autem
469 2154 592 2213 observat
613 2175 627 2212 a
643 2155 748 2214 Graecis
764 2159 791 2213 in
807 2158 894 2214 Aeacii
909 2156 1079 2214 damnatione
1094 2164 1122 2213 et
1137 2156 1308 2231 depositione
1324 2155 1408 2212 iuisso

145 2242 257 2297 maxime
274 2240 451 2315 reprehensa:
466 2244 589 2315 primum.
606 2245 682 2316 quod
694 2247 724 2299 in
734 2245 843 2316 synodo
856 2246 1010 2299 damnatus
1022 2259 1058 2298 ac
1070 2244 1215 2314 depositus
1226 2260 1282 2299 non
1292 2242 1405 2314 fuisset,

143 2329 194 2383 sed
207 2329 291 2383 solus
299 2328 388 2384 Felice
399 2345 482 2400 popa
496 2345 597 2384 nomeu
612 2344 695 2384 suum
707 2333 867 2385 sententiae
876 2330 1059 2400 depositionis
1065 2331 1266 2400 praefixisset,
1284 2327 1407 2389 alterum,

142 2415 220 2486 quod
233 2427 290 2468 nec
306 2415 454 2469 conuictus
473 2429 527 2469 nec
547 2415 696 2470 discussus
710 2416 804 2486 juata
826 2416 944 2487 repulus
964 2415 1156 2470 damnationis
1170 2416 1341 2471 sententiam
1356 2429 1407 2468 eu·

142 2502 280 2570 cepisset.
303 2498 371 2553 Tum
386 2500 532 2561 excutiens,
549 2515 597 2554 eur
612 2500 736 2554 Acacium
752 2497 824 2554 nulia
839 2499 867 2554 in
882 2497 987 2572 synodo
999 2497 1152 2555 damnatum
1164 2515 1223 2554 esse
1235 2497 1407 2560 affirmarent,

141 2600 189 2639 eos
205 2582 241 2638 de
256 2581 365 2656 syuodo
380 2583 532 2656 specialiter
546 2582 581 2639 oh
596 2585 683 2657 ipsum
699 2591 865 2658 congregata
880 2583 987 2640 locutos
1003 2600 1064 2640 esse
1079 2582 1230 2648 arbitratur,
1252 2600 1282 2639 ao
1298 2583 1406 2646 latetur,

141 2686 172 2723 ex
188 2667 301 2723 duabus
315 2666 435 2740 synodis.
452 2670 480 2724 in
496 2667 593 2742 quibus
608 2667 748 2724 damnatus
764 2678 806 2725 est
821 2669 940 2731 Aeacius,
962 2677 1084 2724 neutram
1100 2669 1184 2742 ipsius
1200 2686 1279 2725 causa
1294 2685 1409 2743 cougre-

142 2762 234 2827 galam
250 2769 322 2816 esse,
344 2752 391 2808 sed
405 2754 522 2827 priorem
539 2752 573 2809 oh
585 2752 697 2809 Vitaiem
712 2762 740 2810 et
755 2753 884 2810 Misenum
900 2754 1015 2828 legatos,
1031 2754 1210 2827 posteriorem
1226 2755 1408 2810 Antioeheuae

141 2838 277 2894 eeclesiae
298 2839 393 2913 gratia.
435 2837 534 2894 ileinde
556 2838 588 2893 ad
608 2846 774 2912 postremam
796 2839 957 2895 Graecorum
978 2839 1196 2913 reprehensionis
1216 2848 1333 2913 partem,
1356 2855 1409 2912 qua

143 2925 274 2980 Felicem
289 2926 380 2980 solum
396 2926 423 2980 ei
436 2927 610 2994 sententiae,
627 2940 680 2997 qua
691 2923 831 2980 xlaurnatus
843 2933 884 2979 est
896 2926 1016 2986 Aeacius,
1027 2941 1128 2981 nonaen
1137 2941 1220 2980 suum
1228 2927 1409 2997 praefixisse

142 3010 360 3082 querebantur,
385 3007 509 3064 observat
530 3010 557 3064 in
579 3010 636 3082 ipsa
658 3009 706 3064 hae
721 3008 876 3083 epistolalll
894 3008 949 3065 mi
964 3008 1123 3083 responderi
1143 3008 1185 3064 his
1201 3008 1302 3066 verbis:
1333 3011 1409 3066 osrede

142 3111 225 3152 nunc
240 3098 271 3150 in
288 3109 381 3150 causo
396 3095 593 3150 Antiochenae
608 3096 750 3150 ecclesiae
765 3096 845 3168 apud
859 3096 971 3152 lectum
981 3095 1099 3152 Petrum
1113 3097 1273 3165 apostolum
1288 3109 1407 3167 conpre-

142 3184 209 3252 ¹qimi
222 3196 341 3235 rursum
355 3180 501 3236 dilectioni
515 3187 629 3236 uestrae
644 3195 758 3250 morem,
776 3184 825 3253 qui
838 3196 952 3252 semper
967 3181 1047 3252 apud
1060 3196 1113 3237 nos
1124 3181 1250 3250 obtinuit,
1262 3196 1408 3252 propera-

146 3269 237 3321 rimus
252 3266 393 3320 indicare.
436 3265 573 3334 Quotiens
586 3268 664 3320 intra
680 3266 796 3322 ltaliam
807 3272 932 3337 propter
946 3267 1162 3322 ecclesiasticos
1177 3281 1298 3335 causas,
1319 3280 1408 3337 prae·

144 3355 234 3424 cipue
253 3351 331 3423 (idei,
358 3352 533 3423 eollipuntur
547 3350 603 3406 Ilei
621 3352 796 3414 sacerdotes,
822 3353 996 3408 consuetudo
1022 3354 1172 3421 retinetur,
1200 3358 1231 3407 ut
1255 3365 1409 3406 successor

142 3437 318 3507 praesulum
333 3436 600 3508 sedisapostolicae
616 3452 795 3508 cupersano
812 3444 980 3493 cunctorum
999 3438 1084 3492 totius
1099 3437 1205 3492 Italiae
1226 3437 1409 3492 sacerdotum

208 3528 315 3576 cuncta
329 3524 493 3578 constituat.
516 3518 617 3588 Quibus
633 3519 712 3576 datur
727 3523 804 3583 ratio,
821 3538 869 3576 cur
884 3521 1061 3578 conciliorum
1076 3520 1258 3577 Romanorum
1273 3519 1409 3595 synodicis

147 3606 251 3662 litteris
267 3605 351 3661 solius
366 3622 450 3680 papae
465 3621 564 3661 nomen
579 3604 691 3680 praefigi
707 3605 803 3662 soleat.
831 3605 878 3661 llis
895 3615 984 3662 autem
999 3607 1153 3680 praemissis
1168 3623 1280 3663 neeesse
1296 3614 1337 3661 est
1353 3614 1411 3661 tota

146 3699 261 3746 canunt
281 3699 308 3746 et
328 3690 449 3746 iunditus
470 3698 605 3747 evertatur
625 3690 722 3747 Valesii
741 3691 900 3764 hypothesis
921 3691 954 3747 de
980 3690 1137 3748 brevissimo
1166 3691 1300 3766 quatridui
1321 3692 1410 3766 spatio

146 3778 222 3832 iuter
235 3783 377 3848 utramque
391 3775 535 3850 synodum.

237 3878 267 3935 6.
296 3876 413 3934 Primum
435 3879 511 3952 queri
532 3894 587 3934 non
605 3886 754 3952 coeperunt
770 3878 862 3934 Graeci
879 3887 940 3934 anto
956 3887 1091 3953 acceptam
1107 3887 1134 3935 et
1149 3881 1287 3936 recitatam
1302 3887 1410 3935 senten-

151 3965 216 4018 tiam
231 3964 258 4018 iu
274 3964 395 4019 Acacium
411 3963 498 4025 latam,
514 3980 564 4019 uec
575 3961 649 4019 Felix
664 3965 755 4037 potuit
769 3980 864 4020 eorum
879 3963 1044 4038 respondere
1060 3964 1187 4037 querelis,
1203 3965 1255 4020 nisi
1270 3963 1319 4020 sibi
1335 3965 1410 4038 prius

152 4049 343 4104 innotuissent.
363 4047 463 4105 Deinde
478 4050 500 4104 si
517 4050 646 4104 attentius
662 4048 848 4123 expendantur
859 4050 980 4123 proxime
992 4051 1072 4104 citata
1084 4048 1165 4119 hujus
1181 4049 1310 4124 epistolae
1322 4049 1409 4112 verba,

155 4133 294 4188 manifeste
308 4133 417 4207 patebit,
435 4131 550 4190 Felicem
565 4135 629 4189 satis
647 4133 754 4190 Graecis
771 4133 827 4190 iteri
843 4134 962 4190 voluisse
978 4132 1164 4207 querentibus,
1187 4135 1310 4191 Acacium
1327 4134 1411 4190 tuisse

155 4226 247 4273 contra
268 4235 400 4274 canonum
420 4220 584 4293 praescripta
606 4219 759 4293 depositum
775 4228 862 4276 extra
878 4221 1030 4293 synnodum,
1054 4227 1128 4275 entra
1148 4218 1282 4293 synodum
1302 4221 1411 4292 inquam

158 4305 389 4378 qualemcunque,
412 4321 466 4374 uon
482 4321 546 4360 vero
562 4313 636 4359 extra
651 4304 785 4378 synodum
800 4308 970 4377 specialiter
990 4307 1131 4377 adipsum
1147 4313 1359 4379 conpreqatam
1383 4313 1412 4360 ut

147 4387 213 4454 ‚suls
229 4389 357 4446 Valesius.
379 4389 407 4446 Si
420 4391 491 4446 enirn
507 4389 673 4463 expostulari
688 4391 818 4446 sensisset
833 4407 847 4445 a
863 4391 978 4452 Graecis,
995 4389 1068 4463 quod
1084 4407 1139 4445 nou
1154 4391 1264 4464 speciali
1280 4389 1326 4446 ille
1339 4399 1412 4446 esset

160 4474 259 4546 synodo
273 4475 428 4539 damnatus,
450 4475 551 4531 trustra
571 4476 636 4549 ipsis
658 4477 830 4549 opposuisset
845 4475 1027 4532 Romanorum
1048 4475 1224 4531 conciliorum
1239 4475 1413 4532 consuetudi·

162 4574 226 4622 uem,
240 4561 266 4616 iu
281 4568 410 4635 promptu
425 4558 535 4623 habens,
547 4577 594 4616 eos
610 4559 709 4631 injuste
726 4563 811 4633 syneri,
828 4578 912 4634 quum
927 4577 982 4616 non
994 4562 1081 4616 minus
1099 4560 1193 4616 suisset
1208 4560 1335 4617 adversus
1351 4577 1412 4616 eum

162 4654 327 4720 congregata,
343 4663 423 4720 quam
438 4645 565 4702 adversus
581 4645 694 4702 vitalem
710 4654 737 4701 et
753 4645 892 4702 Misenum.
924 4644 1028 4720 Quippe
1043 4648 1177 4702 exstincto
1194 4646 1344 4722 Simplicio,
1367 4647 1413 4721 qni

164 4744 213 4784 uun
226 4731 306 4788 semel
322 4733 444 4788 Acacium
461 4730 542 4787 cilicii
558 4733 600 4786 sui
615 4731 799 4796 admonuerat,
815 4730 1162 4787 lohannes·Alexandrinus
1178 4734 1290 4789 antistes
1303 4731 1412 4786 honoram

164 4814 282 4887 appulsus
298 4819 475 4873 accusationis
492 4813 596 4872 libellos
618 4816 745 4872 adversus
767 4834 828 4872 eum
849 4815 992 4871 obtulerat.
1027 4817 1140 4871 l'ocatus
1162 4818 1268 4874 interim
1293 4817 1342 4872 init
1366 4834 1413 4892 por

165 4895 266 4957 litalem
280 4911 307 4957 et
316 4901 444 4958 llisenmn
457 4903 561 4976 legatos
569 4902 829 4976 Constantinopolim
846 4903 950 4962 missos,
967 4910 996 4956 ut
1012 4919 1041 4956 so
1057 4904 1163 4957 sisteret
1181 4919 1270 4957 coram
1286 4903 1413 4976 pomilice
