3224 5506
714 344 900 394 1111111111
922 343 1035 391 PAPAE

742 497 923 602 Epistola
948 498 1005 581 26.

622 652 680 720 (Ex
699 651 836 708 editione
854 649 1126 718 Ballorlniorum.)

390 786 682 852 Dilectissimis
718 788 918 851 fratribus
956 785 1161 850 universis
1198 783 1401 869 episcopis
1447 813 1497 876 p

482 889 723 954 Dardaniam
746 888 983 954 constitutis
1006 886 1202 952 Gelasius.

325 1011 353 1074 1.
397 1008 500 1074 Valde
528 1008 636 1072 mirati
664 1030 782 1090 sumus,
811 1008 895 1091 quod
922 1011 1029 1070 vestra
1051 1005 1180 1070 dilectio
1209 1006 1303 1091 quasi
1330 1026 1444 1073 noram
1498 1048 1501 1063 ·

240 1112 337 1177 veluti
361 1110 525 1175 difficilem
548 1110 778 1195 quaestionem,
802 1112 835 1173 et
849 1108 953 1173 adhuc
967 1112 1131 1193 tamquam
1146 1108 1329 1172 inauditum
1344 1108 1501 1194 quidpiar

239 1237 333 1279 nosse
355 1212 524 1296 desiderat,
549 1212 631 1296 quod
654 1211 877 1296 Eutychianae
899 1209 1102 1294 pestilentiae
1121 1213 1415 1293 communicatores,
1432 1228 1501 1276 no

239 1317 395 1380 habentes
423 1315 499 1399 quid
526 1336 584 1398 pro
612 1335 688 1377 suae
715 1312 903 1398 perditionis
932 1310 1148 1376 obstinatione
1178 1312 1407 1396 respondeant,
1432 1313 1501 1377 ff«

239 1419 350 1503 quenti
370 1418 439 1502 jam
466 1417 592 1482 ratione
615 1416 771 1500 convicti,
800 1416 868 1479 sola
897 1413 1105 1479 contentione
1131 1412 1404 1478 submurmurant:
1427 1425 1501 1477 nol

239 1521 314 1605 quia
335 1520 378 1583 sit
400 1518 536 1602 alicujus
557 1517 710 1582 momenti
733 1518 816 1603 quod
838 1516 996 1602 garriunt,
1020 1537 1080 1581 nec
1094 1515 1267 1580 inveniunt
1287 1504 1501 1600 penitusqui

238 1621 420 1706 loquantur.
444 1620 509 1685 Ubi
531 1620 637 1705 magis
657 1642 721 1703 eos,
744 1619 799 1704 qui
823 1618 989 1684 catholicis
1011 1617 1157 1681 sensibus
1179 1617 1501 1700 1111111111ῑί1111111111ι

238 1723 301 1790 buc
323 1725 454 1788 haerere
476 1722 639 1806 miramur,
668 1743 764 1806 quam
785 1721 868 1804 illos,
897 1721 952 1805 qui
980 1744 999 1785 a
1026 1719 1162 1785 veritate
1184 1719 1371 1784 exciderunt
1394 1722 1424 1782 'et
1447 1728 1501 1777 ε

118 1835 122 1845 “
239 1826 390 1910 antiquae
411 1824 575 1890 Ecclesiae
598 1823 770 1889 traditione
799 1825 875 1887 sunt
900 1822 994 1904 devii,
1023 1821 1177 1905 profanas
1204 1843 1317 1886 vocum
1345 1820 1501 1887 nodata

238 1931 271 1992 et
292 1927 431 2012 ineptias
461 1927 598 1991 caducae
620 1925 842 2010 perversitatis
870 1923 1059 1988 obtendere:
1088 1923 1203 2007 quibus
1226 1944 1280 1988 eos
1302 1926 1403 1987 vestra
1418 1912 1501 1984 dil

239 2029 302 2093 ctio
323 2029 434 2093 retulit
452 2029 614 2112 jactitare,
638 2027 708 2090 ideo
731 2027 886 2091 Acacium
901 2048 967 2090 non
981 2028 1095 2110 putare
1112 2025 1186 2109 jure
1201 2025 1394 2108 damnatum,
1413 2031 1501 2109 qud

237 2153 302 2195 non
326 2152 346 2194 a
367 2130 498 2215 speciali
521 2129 642 2213 synodo
657 2129 802 2193 videatur
817 2129 915 2193 fuisse
931 2127 1083 2211 dejectus,
1108 2131 1141 2191 et
1162 2127 1296 2212 insuper
1310 2125 1501 2191 dementin-

237 2254 313 2297 suae
341 2231 496 2302 vanitatis
525 2230 726 2295 accumulare
759 2230 939 2316 pueriliter,
970 2229 1174 2313 adjicientes:
1205 2235 1373 2310 praecipue
1396 2247 1501 2309 pora

235 2341 321 2411 licem
342 2341 448 2414 rapias
469 2339 611 2398 civitatis.
646 2330 848 2417 Quapropter
870 2330 1041 2396 stultitiam
1061 2334 1250 2414 respuentes
1271 2329 1410 2396 inanium
1421 2340 1501 2414 qm

236 2435 385 2519 relamm,
409 2456 595 2519 percurrere
623 2456 678 2499 vos
701 2437 828 2519 oportet
855 2434 896 2497 ab
923 2431 1001 2517 ipsis
1029 2432 1134 2496 beatis
1162 2432 1315 2517 apostolis
1342 2434 1375 2498 et
1398 2441 1501 2496 oon!

236 2538 346 2601 derare
369 2535 553 2621 prudenter,
576 2537 726 2622 quoniam
748 2540 856 2621 patres
879 2534 991 2618 nostri,
1016 2533 1165 2599 catholici
1189 2534 1337 2599 videlicet
1356 2532 1501 2617 doctiq‘*

236 2638 414 2722 pontifices,
438 2637 472 2700 in
496 2660 684 2722 unaquaque
699 2638 824 2701 haeresi
846 2636 988 2721 quolibet
1001 2639 1145 2720 tempore
1163 2636 1329 2720 suscitata,
1351 2632 1501 2720 quidqu

237 2761 294 2823 pro
315 2740 388 2822 fide,
420 2760 478 2822 pro
500 2739 646 2822 veritate,
675 2761 733 2824 pro
762 2739 983 2803 communione
1011 2737 1170 2803 catholiea
1199 2742 1296 2824 atque
1329 2734 1461 2823 apostoli
1485 2756 1501 2777 ·

236 2840 409 2905 secundum
432 2839 669 2923 scripturarum
697 2840 859 2904 tramitem
882 2840 1216 2924 praedicationemque
1236 2839 1392 2924 majorum
1410 2836 1501 2902 faa

235 2941 333 3006 semel
367 2943 619 3026 congregatione
652 2946 849 3024 sanxerunt,
889 2942 1113 3006 inconvulsum
1150 2940 1302 3026 deinceps
1344 2936 1501 3005 volueris

235 3043 422 3128 firmumque
445 3047 603 3128 c'onstare,
632 3066 692 3110 nec
717 3045 752 3109 in
775 3043 886 3108 eadem
909 3066 1005 3108 causa
1027 3042 1131 3107 denuo
1158 3064 1239 3127 quae
1267 3042 1407 3128 praefixa
1428 3040 1501 3105 111

233 3149 308 3210 rant
329 3146 498 3209 retractari
520 3146 665 3229 qualibet
687 3146 808 3209 recenti
836 3145 1096 3229 praesumptione
1124 3144 1347 3228 permiserint:
1375 3142 1501 3227 sapiet

233 3246 354 3311 tissime
381 3246 596 3331 pervidentes,
624 3247 775 3331 quoniam
803 3247 830 3309 si
858 3247 987 3311 decreta
1015 3245 1189 3311 salubriter
1217 3247 1366 3332 cuiquam
1390 3245 1501 3310 licor?

233 3347 359 3431 iterare,
383 3347 508 3412 nullum
531 3351 643 3413 contra
665 3349 809 3433 singidos
832 3369 973 3432 quosque
995 3369 1125 3432 prorsus
1148 3368 1271 3414 errores
1292 3347 1407 3414 stabile
1426 3354 1501 3432 p&

233 3450 360 3514 sisteret
381 3449 546 3514 Ecclesiae
575 3450 795 3533 coustitutum,
828 3471 866 3513 ac
888 3471 1013 3535 semper
1034 3449 1147 3514 iisdem
1169 3449 1332 3517 furoribus
1352 3448 1501 3515 recidi&

232 3550 336 3615 omnis
358 3551 487 3635 integra
502 3550 646 3617 definitio
661 3553 855 3617 turbaretur.
884 3551 969 3617 Nam
990 3552 1028 3636 si,
1053 3551 1209 3617 limitibus
1230 3553 1336 3627 etiam=
1352 3548 1501 3638 praefifl

232 3651 408 3736 positamm
436 3654 533 3718 semel
562 3654 769 3738 synodalium,
790 3653 988 3738 regularum,
1019 3676 1086 3718 non
1114 3657 1244 3719 cessant
1269 3653 1369 3719 elisae
1393 3654 1501 3739 pest-i

232 3752 402 3836 resumptis
431 3755 658 3818 certaminibus
682 3760 795 3819 contra
822 3753 1501 3829 111111111111111111111111111111111111111111τ1

232 3858 265 3918 et
293 3853 451 3938 simplicia
483 3878 625 3940 quaeque
656 3857 751 3920 corda
778 3859 960 3941 percutere:
994 3855 1069 3940 quid
1091 3857 1194 3942 fieret,
1228 3857 1256 3922 si
1289 3842 1501 3923 1111111111ίῖ

231 3958 316 4021 asset
329 3954 459 4040 perfidis
479 3956 562 4021 inire
583 3944 763 4042 concilium,
787 3980 883 4044 quum
906 3958 1067 4042 quaelibet
1087 3957 1145 4023 illa
1165 3958 1342 4024 manifesta
1360 3959 1405 4025 sit
1418 3964 1501 4025 111

230 4060 292 4142 tas,
322 4080 487 4143 nunquam
508 4061 601 4145 desit,
631 4059 715 4146 quod
737 4059 918 4145 perniciosa
941 4058 1107 4144 depromat
1127 4059 1266 4146 fuisitas,
1293 4060 1357 4127 etsi
1375 4058 1501 4127 ratio!

230 4160 280 4223 vel
302 4160 495 4225 auctoritate
518 4162 679 4245 deficiens,
703 4163 770 4227 sola
791 4166 902 4227 tamen
924 4162 1104 4227 intentione
1126 4185 1194 4229 non
1215 4162 1359 4230 cedens?
1431 4216 1444 4227 .

313 4262 344 4326 2.
371 4261 459 4337 Quae
480 4263 618 4347 majores
640 4265 742 4328 nostri
765 4264 874 4327 divina
888 4263 1108 4347 inspiratione·
1116 4268 1297 4350 cernentes,
1320 4274 1501 4331 11111111Γέ

229 4367 477 4447 praecavenmt,
511 4369 548 4429 ut
576 4370 689 4430 contra
715 4387 971 4452 unamquamque
997 4365 1155 4431 haeresim
1187 4367 1272 4452 quod
1299 4371 1376 4433 acta
1405 4377 1501 4453 spu

229 4462 287 4530 dus
308 4485 366 4550 pro
389 4465 461 4551 fide,
493 4467 725 4550 communione,
754 4467 890 4532 veritate
913 4466 1072 4532 catholica
1099 4472 1195 4554 atque
1221 4470 1401 4555 apostdica
1423 4476 1501 4553 μέ

228 4566 416 4653 mulgasset,
444 4590 511 4633 non
539 4569 683 4634 sinerent
704 4571 796 4635 novis
823 4573 897 4654 post
923 4568 1004 4634 baec
1031 4569 1316 4637 retractationibus
1344 4569 1501 4637 mutilat

228 4687 270 4730 ne
302 4668 409 4751 pravis
442 4670 567 4735 occasio
599 4672 806 4756 praeberetur
837 4693 919 4757 quae
950 4670 1187 4737 medicinaliter
1217 4672 1501 4739 incrustatum!

229 4767 394 4850 pulsandi3
417 4770 471 4834 sed
494 4776 624 4836 auctore
648 4773 818 4857 cujuslibet
838 4773 985 4838 insaniae
1007 4795 1046 4838 aa
1066 4775 1189 4858 pariter
1209 4795 1318 4840 errore
1331 4762 1501 4839 (11111111.

229 4868 376 4935 sufficere
393 4870 601 4959 judicarunt,
631 4877 667 4938 ut
694 4875 836 4961 quisquis
864 4874 1037 4963 aliquando
1058 4873 1155 4963 hujus
1177 4877 1295 4945 11111111
1321 4882 1501 4945 commu!
