3204 5506
291 331 353 395 tan
761 344 789 390 s.
807 341 946 388 ananan
970 341 1083 387 ranan

291 498 450 584 proponit.
486 497 552 562 Nec
569 497 714 580 estquod
731 496 859 576 clientis,
884 495 988 579 potius
1004 495 1082 558 hacc
1099 494 1271 575 reprenderet
1288 493 1426 557 facinora
1438 493 1524 557 unim-

292 602 442 684 cujusque
466 600 625 684 vulgando
654 599 804 661 deterreri
828 623 846 660 a
868 596 985 660 talibus
1009 595 1184 659 commissis
1207 594 1348 674 rrrnmos,
1375 598 1408 659 et
1433 594 1532 678 pudore

290 702 461 785 refrenari,
492 726 532 765 ne
562 702 600 764 de
623 701 673 763 his
695 700 822 784 publica
844 721 920 762 voce
944 702 1106 779 cantetur,
1135 697 1280 781 quando,
1310 697 1396 761 sicut
1421 694 1472 760 ille
1492 696 1538 777 ait,

291 828 355 870 non
377 808 445 867 tam
468 807 627 868 deterrere
653 827 746 886 quian
770 801 986 884 adrn‹nie1·c'·'·'')
1010 800 1133 863 animos
1161 801 1240 863 hoec
1267 798 1411 863 ludibria
1431 797 1545 863 videan-

290 910 358 989 tur,
383 910 416 969 ct
437 907 520 969 sicut
542 905 594 968 illc
617 906 712 968 dixit:
746 911 829 968 Iram
852 917 942 982 atque
964 910 1078 966 arctatos
1099 924 1119 963 a
1140 908 1267 966 crimine
1279 912 1422 981 emanat,
1446 922 1482 964 ea
1500 900 1549 964 iu·

290 1007 493 1092 pudentiores
516 1009 635 1087 allecti,
659 1029 720 1090 quo
744 1006 876 1070 crimine
898 1005 1060 1088 publicato
1082 1004 1289 1088 expositaque
1305 1001 1555 1067 verecundisnil

290 1114 435 1193 superest
456 1111 601 1191 omnino,
631 1110 714 1193 qnod
742 1109 869 1192 pudeat.
915 1106 982 1169 Nee
1009 1104 1107 1170 habet
1135 1106 1220 1190 quod
1242 1108 1371 1169 metuat
1393 1104 1557 1190 publicari,

291 1212 345 1275 sed
369 1212 437 1294 jam
460 1234 493 1274 sc
516 1211 704 1274 fiducialiter
727 1213 866 1291 exserat,
899 1208 1000 1292 qualis
1023 1209 1057 1271 in
1080 1207 1249 1291 propatulo
1271 1230 1342 1271 non
1365 1229 1430 1292 per
1453 1207 1561 1271 mrcrci·

289 1313 421 1394 tionem,
438 1313 492 1376 sed
508 1314 614 1396 [artius
629 1335 686 1396 per
698 1312 866 1396 quamdam
882 1311 1039 1375 laetitiam
1050 1315 1082 1374 et
1092 1310 1315 1374 celebritatem
1332 1309 1563 1391 nominanti,

290 1415 462 1479 decantata
484 1418 533 1478 est
554 1414 714 1498 qrraclibet·
736 1414 791 1477 illa
814 1436 966 1498 persona,
991 1413 1086 1475 immo
1109 1415 1141 1475 et
1163 1411 1324 1495 religione
1348 1434 1386 1476 se
1403 1417 1566 1497 praestare

292 1517 439 1580 confidit:
468 1521 504 1580 ut
531 1517 611 1597 sint,
641 1517 724 1580 unde
753 1517 920 1579 munimini
949 1515 1115 1579 sollemnia
1143 1514 1368 1596 celebrentur,
1403 1536 1489 1599 quae
1510 1514 1566 1579 nisi

291 1619 458 1682 criminum
482 1619 759 1682 decantationibus
782 1641 847 1682 non
871 1619 1026 1681 coluntur.

375 1723 405 1784 9.
453 1721 556 1784 llicite
579 1720 671 1783 nobis
687 1720 809 1803 itaque,
833 1721 886 1803 qui
904 1720 1100 1782 voluntatem
1115 1717 1326 1801 profanitatis
1348 1717 1499 1803 habetis,
1522 1742 1569 1783 cu-

287 1824 340 1907 jus
369 1846 480 1886 cauisas
509 1844 649 1885 asserere
680 1844 744 1885 non
771 1822 922 1905 potestis,
956 1823 1009 1905 qui
1037 1821 1173 1884 tuemlae
1201 1820 1333 1884 habetis
1366 1822 1569 1905 propositum

290 1925 459 2006 falsitatis,
489 1947 583 2008 (quarn
612 1923 781 1987 defendere
805 1946 868 1987 non
891 1925 1042 2007 potestis:
1068 1923 1143 2006 qnid
1166 1922 1285 1986 dictrrri
1310 1923 1397 1987 est-is
1421 1923 1464 1988 de
1486 1922 1569 1987 sicci·

292 2029 376 2109 tate,
401 2029 438 2090 dc
460 2025 633 2110 grandine,
658 2027 696 2088 de
719 2026 862 2106 turbine,
892 2026 931 2088 de
953 2025 1196 2110 tempestatibus
1219 2025 1393 2109 variisque
1418 2025 1568 2107 cladibus,

291 2152 371 2212 quae
404 2151 461 2211 pro
495 2151 617 2191 morum
646 2132 824 2191 nostrarunl
858 2128 1012 2212 ‹pralitate
1045 2127 1262 2211 proceniimt‘?
1322 2126 1568 2212 Numquidnam

291 2230 371 2294 haec
393 2231 499 2294 onmia
522 2254 579 2315 pro
600 2231 734 2294 sublatis
750 2230 977 2314 Lupercalilnis
993 2229 1214 2312 contigerunt,
1239 2251 1286 2292 an
1309 2229 1348 2293 in
1367 2230 1468 2294 malis
1482 2231 1568 2294 mori·

291 2334 350 2397 bus
373 2333 569 2412 castigandis
592 2333 714 2396 meritis
736 2332 999 2396 retrilnitionilnrs
1022 2331 1227 2394 interantur?
1266 2330 1333 2395 Sed
1360 2354 1435 2396 non
1458 2333 1566 2397 mirum

291 2439 354 2516 est,
388 2434 532 2497 homines
564 2459 628 2497 non
652 2434 773 2517 judicio
801 2434 909 2497 divino
938 2433 1017 2496 velle
1045 2434 1107 2496 ista
1135 2433 1348 2517 contingere,
1382 2435 1443 2498 sed
1475 2456 1567 2499 rause

292 2537 526 2619 superstit-ionis
549 2537 694 2617 incursu,
719 2537 819 2619 quit)
843 2539 878 2598 nt
901 2559 957 2598 sua
980 2535 1114 2599 crimina
1137 2539 1170 2598 et
1183 2534 1369 2599 malefacta
1386 2536 1567 2622 cooperiam

292 2639 481 2701 anctoritate
504 2639 597 2720 coeli,
628 2640 731 2701 sidera
758 2637 928 2721 perhibent
956 2637 1098 2700 adhiberi
1122 2640 1154 2700 et
1180 2636 1319 2700 fatrslem
1349 2638 1467 2704 induci
1491 2660 1566 2703 erra»

291 2763 358 2803 rem
381 2741 665 2825 necessitatemque
693 2740 862 2823 peccandi,
892 2740 1097 2823 facinoraque
1128 2729 1186 2801 sua
1208 2760 1278 2801 non
1301 2737 1346 2803 de
1372 2741 1483 2806 cordis
1504 2764 1567 2826 pro

291 2843 352 2925 prii
379 2843 586 2926 perversitate
614 2843 799 2926 procedere,
829 2843 883 2905 sed
913 2842 999 2905 coela
1028 2845 1155 2904 auctore
1183 2840 1340 2923 pendere.
1397 2841 1568 2927 Proponite

291 2945 405 3029 igitar,
430 2968 487 3029 pro
510 2945 624 3028 quibas
647 2949 703 3008 aut
718 2944 940 3007 submovendis
963 2943 1054 3006 malis
1070 2946 1125 3005 ruit
1147 2944 1379 3025 promerendis
1404 2945 1500 3009 bonis
1513 2945 1568 3010 La·

290 3046 431 3130 percalia
453 3051 558 3110 restra
581 3047 701 3109 fuerint
724 3048 889 3127 instituta,
914 3050 946 3108 et
968 3045 1145 3126 rideamus,
1177 3067 1261 3127 qnae
1290 3045 1353 3109 illa
1385 3047 1475 3112 bona
1503 3070 1568 3133 pra

291 3150 447 3230 venerint,
462 3172 557 3232 quarn
572 3148 756 3232 lnipcrcalia
768 3153 965 3232 gererentur,
980 3151 1102 3231 atquae
1118 3145 1202 3208 mala
1217 3150 1460 3234 successerint,
1476 3172 1567 3236 quum

156 3324 171 3356 *
292 3251 479 3335 Lupercalia
502 3253 685 3315 viderentur
707 3251 825 3314 ablata.
870 3249 975 3332 Figite
998 3249 1146 3332 graelum:
1170 3247 1209 3310 ad
1232 3249 1324 3332 quod
1349 3255 1500 3317 vestrum
1520 3274 1566 3316 ex·

181 3325 269 3393 wll·
291 3353 408 3417 cidiam
424 3355 569 3417 *dicatis
586 3353 663 3417 haee
685 3353 831 3437 prodigia
847 3353 944 3414 fuisse
961 3354 1103 3434 reperta,
1128 3348 1235 3434 digmi,
1261 3351 1320 3434 qui
1336 3354 1566 3435 masinae)

139 3394 280 3446 subartaren-

181 3465 237 3512 dani

358 3544 390 3607 ²³¹)
409 3542 450 3595 lta
469 3542 501 3591 ut
516 3545 542 3594 a'
557 3545 582 3593 c²
595 3545 640 3593 c¹⁰.
670 3544 697 3594 a³
716 3545 848 3592 actnraacre
866 3537 1060 3603 corrigendum
1082 3541 1158 3589 ratus
1177 3554 1210 3590 er
1234 3537 1429 3596 similitudine
1449 3541 1511 3596 uel
1527 3558 1565 3611 cp

294 3631 331 3677 14.
346 3645 367 3679 c.
382 3633 425 3690 st,
445 3625 491 3679 nbi
510 3628 538 3679 et
556 3626 614 3694 ipse
631 3632 765 3679 tarnenna-e
784 3623 922 3692 praetulit.
941 3654 969 3660 -
982 3623 1069 3675 Porro
1081 3638 1149 3689 quos
1168 3620 1207 3674 illi
1220 3624 1443 3692 superstitionis
1462 3624 1565 3696 patrum

290 3710 370 3763 ludos
389 3729 480 3764 sacros
498 3711 670 3776 renitebant,
694 3710 791 3764 caulam
810 3708 934 3762 ttelasius
951 3712 1061 3760 ludibria
1078 3708 1234 3775 nuncupat,
1258 3707 1296 3761 ad
1319 3708 1517 3765 imitationem
1532 3709 1565 3763 ri-

291 3794 392 3848 delicet
410 3795 567 3863 Augustini,
590 3814 607 3848 a
625 3812 679 3863 qao
698 3794 823 3847 similiter
842 3794 876 3846 de
895 3792 944 3845 civ.
964 3792 1015 3846 Dei
1034 3793 1050 3845 1.
1069 3799 1085 3845 ⁸2
1103 3799 1153 3845 el
1172 3796 1285 3846 ludibria
1304 3802 1510 3865 sacrueptom
1524 3816 1564 3865 φ

288 3887 425 3950 pallantea.

356 3968 389 4034 ²⁶)
409 3969 429 4019 tt
435 3971 440 4002 ¹
456 3971 481 4020 a'
497 3971 522 4021 c⁷
535 3971 572 4020 0¹⁰
589 3966 633 4018 hie
652 3969 681 4019 et
698 3965 770 4018 infra
789 3971 920 4016 ursianam:
940 3962 1073 4017 ltaronius
1085 3962 1158 4015 idem
1171 3961 1289 4014 verbum
1304 3962 1354 4017 hic
1366 3966 1497 4022 retinens
1512 3968 1564 4021 ln·

290 4053 348 4104 tum
368 4051 439 4105 inlra
457 4053 578 4105 restituit
596 4057 724 4104 rieatntnarn.
763 4049 837 4101 ldem
862 4067 923 4100 rnox
947 4066 997 4117 pro
1021 4054 1063 4101 aa
1084 4066 1197 4115 persona
1219 4045 1380 4115 legendum
1400 4048 1564 4121 conjectarit

289 4144 332 4189 itta
349 4142 461 4204 profana
480 4158 557 4206 pratae:
581 4136 740 4201 conjectura
758 4133 837 4186 nobis
856 4151 910 4187 non
928 4134 1071 4202 probatur.
1109 4131 1196 4185 Luem
1215 4133 1316 4185 autem
1334 4134 1410 4188 vitio
1430 4136 1564 4207 interran-

290 4222 387 4275 etiams
405 4223 469 4275 ruite
488 4223 632 4283 obscurus,
650 4220 701 4271 lna·
722 4221 829 4272 mutata
846 4219 944 4286 planus
959 4218 1018 4285 jam
1038 4219 1069 4270 tit
1086 4218 1115 4269 ct
1132 4213 1306 4284 perspicuus.
1347 4217 1436 4284 Quod
1457 4220 1504 4275 hic
1518 4222 1563 4275 Ge

290 4305 373 4359 Iasius
395 4306 570 4375 perstringit,
593 4303 762 4371 Atigustinus
785 4304 819 4355 de
843 4302 893 4355 civ.
913 4303 963 4355 Dei
982 4303 998 4355 l.
1019 4309 1033 4354 ‘J
1053 4322 1074 4354 a.
1093 4307 1122 4365 «t,
1140 4305 1203 4366 7,8
1226 4317 1261 4355 aa
1284 4302 1424 4371 pluribus
1441 4305 1564 4375 explicat

357 4394 389 4457 ²⁷)
407 4393 451 4444 lta
468 4391 661 4457 corrigendam
681 4388 806 4441 duximus
824 4389 896 4440 hune
915 4388 1017 4454 locum,
1037 4386 1084 4455 qni
1103 4389 1233 4454 carrrnpte
1250 4385 1292 4439 sic
1305 4388 1500 4445 efferebatur:
1517 4395 1564 4459 qut

290 4480 335 4527 aaa
356 4496 402 4528 sua
425 4482 529 4529 trintina
551 4489 575 4527 ct
598 4480 732 4536 incalefacta
755 4480 916 4541 cooperiant,
940 4478 1114 4525 arrectaritutem
1137 4476 1214 4524 coelis
1235 4472 1283 4537 ((i¹
1309 4480 1476 4529 auctoritate
1496 4478 1565 4531 coeta'l

289 4567 377 4613 sidera
398 4566 531 4627 perbibent
553 4564 673 4613 ‹rilletdere
696 4572 720 4610 ct
741 4564 846 4625 satiatem
869 4564 965 4612 iactavit
987 4558 1031 4623 au
1046 4559 1071 4608 οἵ
1084 4559 1121 4608 (2¹⁰
1143 4559 1239 4622 tradar-i)
1262 4576 1398 4614 errorem.
1436 4557 1566 4615 Batonis!

290 4662 355 4697 vero
374 4646 507 4711 rnajorern
527 4643 738 4697 constrmtionia
757 4642 957 4710 grarnmaticae
976 4658 1058 4709 quarn
1072 4639 1239 4694 (lelasiunae
1251 4642 1421 4699 sententiae
1433 4643 1566 4700 mannen

291 4729 395 4783 liabens
413 4734 554 4782 tac-rasione
572 4746 622 4798 pro
641 4735 742 4781 incursu
761 4732 788 4780 ct
806 4727 878 4780 infru
895 4733 1013 4778 tralucent
1031 4740 1082 4794 pro
1101 4730 1197 4779 inducit
1214 4724 1419 4783 substituent.

358 4815 390 4881 ²³)
410 4813 471 4866 soil.
493 4813 567 4880 quod
586 4813 667 4866 Panis
687 4811 797 4865 nominc
815 4812 1026 4865 venerabantur.
1063 4809 1171 4879 Nempe
1189 4809 1272 4864 Titus
1291 4812 1393 4867 Livius
1411 4813 1510 4869 histor.
1520 4811 1564 4867 lib.

294 4903 305 4950 l
325 4897 619 4967 c.5Lupcrculi0rrm1
638 4897 839 4951 institutionem
859 4914 1014 4951 memorans
1032 4893 1140 4950 scribit:
1168 4896 1336 4955 Euandrum.
1358 4905 1409 4969 qur·
1425 4920 1464 4955 ex
1477 4916 1566 4969 oum
