3204 5506
546 449 552 465 ἱ
575 371 769 420 aersromn
791 360 938 445 rig-46.
1326 353 1390 420 835

117 525 324 610 impositum,
354 547 416 610 qua
438 524 562 588 ratione
585 524 703 590 electos
725 547 780 589 vos
803 524 929 589 coelesti
955 526 1082 588 constat
1105 545 1172 588 esse
1191 523 1312 608 judicio
1340 546 1386 589 se·
1400 533 1518 600 (aare.)

120 627 262 691 cundum
292 628 470 710 apostolum
492 627 667 691 dicentem:
691 632 758 691 Noa
773 639 818 692 erl
836 639 969 708 potestas
983 633 1075 692 nisio
1091 632 1171 700 Dea·
1193 649 1271 706 qaae
1292 639 1389 692 aulem
1402 602 1482 724 {³3⁰ss

117 742 200 807 sant,
226 751 246 793 a
268 735 332 794 Deo
354 735 516 794 ordinatae
537 739 616 794 sart.
663 728 823 812 Superest,
847 733 884 794 ut
905 751 924 792 a
946 729 1015 793 Deo
1038 729 1142 812 electi,
1167 730 1250 793 sicut
1272 732 1304 793 et
1326 751 1391 794 cre·
1438 713 1444 736 '

118 831 238 914 dimus,
261 830 436 914 Ecclesiae,
461 852 556 915 quam
578 831 724 896 laborare
748 831 889 914 cernitis,
914 853 1027 895 manus
1043 835 1168 895 vestrae
1183 831 1298 895 solatia
1320 853 1392 914 por-

119 933 250 1018 rigatis.
295 932 427 998 Cessent
449 933 504 1017 qui
531 934 604 1017 paci
627 934 695 1018 ejus
718 933 895 1016 obsistunt,
925 933 1123 1019 quiescant⁴)
1151 933 1206 1018 qui
1232 933 1267 997 in
1288 934 1392 998 forma

119 1038 289 1120 pastorum
313 1039 470 1101 conantur
498 1057 630 1120 gregem
653 1034 773 1101 Christi
801 1036 1034 1122 dispergere⁵)!
1078 1036 1216 1101 Istorum
1239 1037 1393 1100 correctio

120 1137 209 1203 viras
231 1139 327 1203 vestri
350 1138 458 1202 firmat
485 1138 627 1222 imperii,
660 1139 736 1223 quia
757 1139 812 1202 ubi
834 1138 920 1202 Deus
948 1141 1034 1202 recte
1059 1137 1187 1222 colitur,
1218 1137 1393 1202 adversitas

119 1262 192 1305 non
213 1239 346 1305 habebit
364 1241 520 1304 effectum.
559 1239 653 1304 Hanc
676 1240 902 1325 gratulationis
924 1240 1078 1326 paginam
1099 1263 1157 1325 per
1175 1241 1393 1305 Alexandrum

121 1341 230 1406 virum
253 1342 461 1407 clarissimum
489 1364 555 1406 non
578 1342 741 1407 omisimus
764 1343 941 1425 destinare,
971 1351 1138 1428 sperantes
1162 1366 1233 1407 oum
1255 1343 1316 1407 Dei
1338 1364 1394 1406 no-

121 1444 184 1507 stri
209 1443 368 1527 adjutorio
389 1466 447 1530 per
463 1444 598 1508 Gratum
620 1444 723 1508 virum
747 1446 956 1510 clarissimum
978 1445 1080 1509 filium
1102 1448 1247 1524 nostrum
1269 1446 1308 1509 de
1330 1446 1394 1508 sin-

122 1545 222 1631 gulis,
246 1568 327 1631 quae
351 1546 390 1610 ad
412 1546 571 1611 unitatem
592 1547 757 1611 Ecclesiae
780 1548 953 1632 pertinent,
977 1570 1036 1612 nos
1060 1547 1248 1612 clementiae
1270 1550 1395 1611 vestrae

122 1648 328 1740 praebituros
350 1670 418 1713 csse
445 1670 643 1734 responsum.

631 1836 813 1940 Epistola
838 1837 899 1921 46.

307 1989 519 2056 Hormisdae
542 2007 652 2073 papae
673 1989 718 2055 ad
740 1989 926 2056 lustinum
948 1990 1216 2073 imperatorem.
1406 1970 1546 2104 (effip-

76 2137 112 2185 ll.
166 2129 214 2186 Ur,
238 2146 302 2195 perae
322 2147 373 2194 pro
389 2129 459 2196 'pace
480 2131 610 2181 Ecclesiae
632 2133 773 2195 larperalor
794 2132 901 2194 incepit,
922 2132 1054 2195 perficiat,
1082 2138 1212 2195 preealar.
1249 2129 1315 2191 Quid
1332 2131 1363 2180 ab

164 2216 292 2279 episcopis
309 2217 345 2265 ad
361 2218 481 2265 raritatem
501 2217 639 2281 propensis
659 2217 803 2279 faciendam
825 2218 871 2273 eil,
894 2231 922 2265 se
944 2223 969 2265 et
991 2217 1084 2266 litteris
1107 2223 1131 2266 el
1154 2218 1258 2280 adjecto
1281 2216 1363 2266 libello

327 2303 477 2366 exposuisse
496 2303 620 2353 declarat.
655 2302 752 2350 Jaaliai
767 2303 799 2351 de
819 2302 898 2351 Grato
911 2301 1035 2364 judiciam
1053 2303 1191 2366 confirmat.

284 2433 495 2498 Hormisda
516 2432 680 2498 Justino
703 2435 897 2519 Augusto.

218 2555 385 2637 Sumptam
412 2554 451 2617 de
478 2552 604 2637 imperii
631 2553 729 2616 vestri
751 2557 824 2617 ortu
845 2552 1020 2636 laetitiam,
1054 2556 1198 2639 quamvis
1228 2555 1312 2640 apud
1339 2577 1398 2620 nos

127 2653 306 2740 pollentem
336 2656 450 2719 merito
483 2655 705 2739 praecedenti,
734 2677 858 2740 quoque
891 2655 1080 2740 geminastis
1113 2657 1261 2743 alloquio.
1306 2658 1507 2736 Recicpla.

128 2778 230 2842 proca
252 2757 420 2821 devotione
442 2757 569 2840 testati,
596 2758 665 2841 jam
686 2761 765 2822 tunc
788 2761 935 2821 secutura
957 2758 1186 2843 praevidimus,
1210 2784 1291 2845 quae
1313 2783 1400 2825 nunc

129 2859 171 2923 de
195 2858 429 2924 ecclesiasticae
456 2859 591 2923 unitatis
615 2860 730 2923 affectu
752 2859 897 2924 coelestis
920 2861 1045 2945 gratiae
1067 2861 1278 2946 inspiratione
1301 2863 1400 2947 signi·

128 2960 264 3025 ficastis.
309 2960 418 3025 Habes
441 2984 527 3046 erga,
553 2961 798 3026 clementissime
825 2962 1014 3045 imperator,
1045 2967 1248 3046 praesentem
1276 2965 1313 3027 de
1342 2963 1400 3026 tali

128 3063 295 3146 sotejam
318 3062 468 3148 gloriam,
498 3063 552 3126 sed
576 3065 759 3147 exspecta¹)
788 3063 826 3126 de
849 3064 1045 3148 perfectione
1067 3069 1265 3150 perpetuam.
1311 3063 1400 3128 Haec

129 3168 211 3230 sunt
232 3164 428 3229 validissima
450 3164 576 3248 imperii
598 3165 696 3228 vestri
718 3165 945 3249 fundamenta,
975 3188 1057 3250 quae
1083 3168 1119 3231 in
1146 3167 1215 3250 ipso
1237 3166 1400 3231 nascentis

129 3266 229 3352 regni
262 3266 421 3351 principio
455 3267 594 3330 divinam
629 3266 786 3330 universis
823 3267 1009 3350 praeferunt
1044 3271 1157 3333 sancta
1195 3269 1401 3353 dispositione

131 3369 304 3434 culturam.
350 3369 470 3432 Tenete
491 3369 600 3453 itaque
622 3367 707 3432 hanc
728 3368 801 3451 piae
823 3368 1045 3434 sollicitudinis
1069 3393 1193 3454 curam,
1218 3374 1250 3435 et
1271 3393 1329 3455 pro
1352 3393 1402 3434 ca-

128 3470 327 3535 tholicorum
349 3493 447 3555 pace,
478 3471 561 3535 sicut
584 3470 747 3554 coepistis,
776 3470 933 3535 insistite:
970 3473 1045 3556 quia
1073 3472 1161 3537 Deus
1190 3477 1313 3557 noster,
1349 3473 1402 3558 qui

129 3572 226 3637 vobis
248 3573 334 3636 hunc
355 3573 470 3637 tribuit
492 3574 643 3656 animum,
668 3572 767 3657 elegit
789 3573 896 3656 etiarn,
920 3595 977 3656 per
992 3596 1070 3659 quos
1086 3578 1228 3658 praestet
1243 3575 1401 3639 effectum.

130 3674 223 3739 Nam
250 3678 282 3738 et
310 3676 529 3759 episcoporum
557 3678 630 3739 vota
658 3697 830 3759 precesque
859 3674 980 3761 vobis²)
1011 3677 1125 3740 effusas
1148 3680 1316 3762 gratanter
1339 3700 1403 3740 arrr-

130 3775 322 3862 plectimur:
353 3777 405 3860 qni
429 3778 559 3841 tandem
580 3776 642 3841 loci
665 3777 714 3839 sui
738 3776 992 3841 consideratione
1015 3778 1200 3843 commoniti
1223 3803 1261 3844 ea
1283 3779 1404 3843 deside-

130 3880 224 3960 rant,
248 3900 328 3962 quae
350 3879 468 3943 dudum
489 3884 526 3943 ut
548 3879 637 3962 sequi
660 3878 790 3960 vellent,
814 3878 897 3942 sedis
921 3880 1114 3962 apostolicae
1137 3880 1316 3945 exhortatio
1340 3903 1404 3944 cre-

130 3982 198 4045 bra
219 4001 285 4044 non
307 3980 418 4044 defuit.
463 3981 508 4044 Et
529 3981 681 4066 quoniam
710 3979 913 4044 clementiam
940 3984 1080 4045 vestram
1107 3982 1140 4045 id
1167 4003 1300 4067 cupere,
1333 3980 1405 4044 illos

132 4081 238 4146 etiam
269 4079 349 4145 haec
376 4081 577 4169 didicimus³)
612 4083 789 4166 postulare,
824 4105 904 4167 quae
932 4105 982 4147 res
1010 4083 1166 4148 hactenus
1200 4084 1405 4148 ecclesiarum

207 4255 228 4321 ⁴)
246 4252 314 4307 bec
331 4258 512 4309 obarassent:
535 4253 626 4306 minus
648 4254 728 4306 bene.
768 4253 800 4305 ld
823 4252 897 4306 enim
920 4254 963 4307 est
979 4252 1144 4308 Hormisdae
1166 4259 1308 4323 quieseant.
1333 4251 1407 4321 quod

133 4350 240 4395 cessent
257 4356 304 4393 seu
321 4345 445 4394 desinare.

208 4426 230 4493 ⁵)
247 4424 291 4478 Ita
309 4424 351 4481 (³¹.
380 4424 430 4478 Ed.
450 4431 600 4493 disperdere
676 4428 742 4477 Deus
759 4428 881 4477 recolitur
951 4427 1033 4477 tabet.
1069 4423 1175 4479 Eadem
1192 4440 1281 4493 prope
1299 4423 1408 4477 senten-

135 4509 180 4565 fia
198 4508 278 4578 epist.
296 4514 329 4561 47
347 4528 373 4564 n.
394 4517 407 4562 l
427 4510 562 4579 repetitur
582 4510 624 4563 his
641 4508 745 4563 verbis:
771 4512 820 4562 Uli
837 4515 906 4562 Deae
928 4522 997 4564 recle
1015 4515 1118 4572 colitur,
1143 4529 1266 4578 arenariam
1288 4514 1408 4562 adversa-

135 4603 237 4652 riorum
253 4601 346 4650 crescii
362 4600 489 4663 iniquitas.

135 4688 173 4738 46
210 4683 229 4748 ¹)
246 4680 299 4735 Ed.
317 4691 484 4749 eaapcclalar
555 4691 689 4749 perpetua.
724 4678 825 4732 Mox'b
844 4684 919 4748 repul
934 4686 1020 4734 vestri.

208 4768 230 4834 ²)
248 4766 316 4819 bco
334 4770 404 4819 nobie
477 4778 566 4819 tornea.
601 4763 691 4833 Magis
709 4763 802 4832 placet
820 4781 882 4818 cnm
901 4764 934 4817 G*
949 4767 975 4818 a¹
994 4769 1063 4818 volis
1124 4770 1232 4820 tardem.
1262 4763 1319 4817 Has
1337 4761 1410 4816 cnim

137 4868 238 4925 preces
257 4850 333 4921 apud
350 4851 489 4904 lustinum
506 4849 595 4919 ipsum
614 4850 714 4903 ellusas
732 4865 803 4915 esse,
821 4864 854 4901 ax
872 4848 991 4918 epistola
1007 4855 1041 4903 42
1058 4848 1153 4918 liquot.

209 4937 231 5008 ³)
249 4938 277 4990 a¹
296 4941 407 4992 arama.

1145 5023 1210 5088 53*
