3204 5506
630 367 800 417 mussona
828 359 896 417 125.
1339 356 1401 421 933

126 523 280 588 omnibus
301 520 433 586 urbibus
455 521 490 585 in
512 521 659 586 universo
681 521 800 586 mundo
822 545 879 588 sua
901 524 1084 607 praesentia
1107 528 1202 609 atque
1217 528 1399 592 venerando
1412 537 1526 604 (aero.)

126 625 296 711 triumpho
318 623 550 709 praetulerunt.
817 701 820 709 Ι

215 726 277 791 Est
299 748 375 812 ergo
397 727 500 811 prima
522 725 610 790 Petri
634 727 767 811 apostoli
796 727 886 792 sedes
908 727 1056 793 Romana
1078 728 1227 813 ecclesia,
1257 752 1323 794 non
1345 730 1399 794 ha-

127 831 210 896 bens
233 830 392 895 maculam
413 851 516 913 neque
539 850 654 914 rugam
675 851 736 893 nee
758 830 880 914 aliquid
899 829 1089 914 hujusmodi.
1128 829 1275 896 Secunda
1293 841 1399 897 autem

128 933 221 997 sedes
243 932 327 1016 apud
350 931 581 996 Alexandriam
602 931 690 996 beati
711 930 800 996 Petri
823 932 957 1016 ¹nomine
980 955 999 996 a
1021 931 1131 997 Marco
1153 933 1222 1016 ejus
1244 933 1400 1018 discipulo

129 1038 226 1119 atque
255 1034 453 1119 evangehsta
482 1036 668 1098 consecrata
697 1037 754 1098 est.
799 1033 934 1118 Ipseque
956 1034 996 1106 in,
1014 1033 1180 1119 Aegypto,
1216 1036 1353 1100 directus
1381 1059 1400 1100 a

128 1135 226 1201 Petro
249 1135 408 1221 apostolo,
438 1137 570 1201 verbum
597 1137 742 1201 veritatis
768 1135 966 1219 praedicavit
993 1140 1026 1201 et
1052 1136 1226 1222 gloriosum
1255 1159 1398 1202 consum-

127 1238 230 1303 mavit
251 1240 450 1323 martyrium.
496 1238 605 1303 Tertia
626 1260 701 1303 vero
723 1237 813 1302 sedes
841 1238 925 1322 apud
948 1238 1156 1303 Antiochiam
1184 1239 1261 1304 item
1283 1240 1399 1304 beatis-

127 1341 202 1405 simi
229 1341 366 1427 apostoli
387 1339 477 1405 Petri
504 1339 640 1404 habetur
667 1338 880 1422 honorabilis,
915 1362 952 1405 eo
979 1341 1062 1425 quod
1096 1340 1179 1424 illic,
1213 1341 1399 1426 priusquam

127 1441 265 1508 Romam
293 1443 449 1525 venisset,
477 1442 651 1524 habitavit,
681 1445 715 1506 et
740 1441 807 1507 illic
835 1442 974 1526 primurn
1003 1464 1121 1508 nornen
1144 1442 1399 1509 Christianorum

126 1545 273 1610 novellae
296 1545 403 1630 gentis
426 1548 569 1610 exortum
593 1547 651 1609 est.

685 1696 766 1765 Car.
789 1697 849 1763 ΙΙΙ.

212 1802 244 1866 4.
281 1801 326 1866 Et
347 1802 492 1887 quamvis
513 1801 600 1866 aliud
621 1801 867 1865 fundamentum
889 1801 996 1866 nullus
1019 1800 1121 1886 possit
1135 1823 1254 1885 ponere
1272 1804 1400 1886 praeter
1412 1797 1494 1852 10⁰2

124 1904 159 1970 id
182 1905 267 1989 quod
288 1904 427 1988 positum
450 1907 513 1986 est,
538 1903 621 1988 quod
644 1907 693 1967 est
715 1902 861 1968 Christus
883 1902 994 1985 lesus,
1026 1906 1135 1967 tamen
1159 1903 1231 1988 ad⁸)
1255 1903 1399 1968 aedifica·
1418 1872 1487 1932 3,11.

124 2007 250 2072 tionem
277 2010 390 2071 sancta
417 2006 450 2070 id
478 2008 527 2070 est
553 2004 700 2070 Romana
721 2004 867 2069 Ecclesia
896 2010 968 2089 post
995 2004 1067 2068 illas
1089 2003 1216 2068 Veteris
1244 2005 1292 2069 vel
1316 2005 1400 2069 Novi

125 2109 343 2191 Testamenti,
367 2130 445 2193 quas
467 2107 658 2193 regulariter
680 2107 825 2191 superius
848 2106 1102 2171 enumeravimus
1109 2157 1118 2190 ‚
1149 2105 1246 2170 etiam
1268 2107 1326 2171 has
1349 2129 1399 2171 su·

126 2210 208 2295 scipi
231 2232 297 2275 non
319 2209 468 2294 prohibet
489 2208 680 2295 scripturas,
703 2208 737 2272 id
759 2212 823 2273 est:
1456 2201 1458 2209 ’

214 2311 367 2377 Sanctam
389 2311 545 2397 synodum
560 2310 739 2375 Nicaenam
761 2310 937 2375 secundum
958 2312 1119 2375 trecentos
1141 2311 1250 2376 decem
1273 2314 1305 2375 et
1327 2315 1398 2376 octo

124 2419 245 2502 patres,
270 2413 431 2504 mediante
453 2412 593 2477 Maximo
609 2412 823 2478 Constantino
845 2414 1004 2497 Augusto,
1028 2412 1062 2477 in
1085 2435 1146 2497 qua
1169 2413 1267 2477 Arius
1289 2412 1397 2478 haere-

124 2519 210 2584 ticus
240 2514 469 2580 condemnatus
498 2518 562 2598 est3
600 2515 779 2600 sanctam)
808 2515 965 2599 synodum
994 2514 1396 2600 constantinopolitanam,

124 2619 289 2685 mediante
310 2617 487 2682 Theodosio
510 2616 634 2680 seniore
656 2616 821 2702 August0,
846 2617 881 2681 in
904 2639 966 2702 qua
987 2615 1196 2681 Macedonius
1217 2616 1397 2683 haereticus

125 2721 269 2787 debitam
301 2719 541 2784 damnationem
569 2718 711 2802 excepit;
753 2722 899 2784 sanctam
931 2718 1087 2804 synodsim
1115 2718 1329 2803 Ephesium,
1363 2721 1398 2785 in

1430 1421 1489 1474 Act.

1414 1493 1500 1564 raas,

125 2846 187 2909 qua
210 2821 378 2887 Nestorius
407 2820 577 2885 damnatus
600 2824 664 2904 est,
697 2842 853 2885 consensu
880 2819 1058 2885 beatissimi
1081 2818 1254 2886 Goelestini
1282 2845 1396 2907 papae,

123 2924 286 2990 mediante
302 2921 421 3008 erillo
437 2921 676 2987 Alexandrinae
699 2923 782 2986 sedis
805 2923 950 2986 antistite
973 2925 1006 2986 et
1022 2922 1162 2986 Arcadio
1185 2923 1333 3008 episcopo
1357 2925 1397 2987 ab

122 3026 220 3092 ltaha
242 3025 419 3108 destinato;
449 3028 595 3088 sanctam
618 3024 773 3108 synodum
796 3023 1104 3105 Calchedonensem,
1128 3024 1290 3089 mediante
1313 3025 1397 3088 Mar-

124 3131 219 3195 ciano
241 3127 389 3212 Augusto
411 3130 445 3190 et
466 3125 618 3190 Anatolio
635 3124 993 3209 Constantinopolitano
1016 3125 1175 3210 episcopo,
1199 3125 1233 3188 in
1256 3148 1319 3210 qua
1334 3125 1396 3190 Ne-

122 3229 269 3297 storiana
297 3231 329 3293 et
350 3227 556 3312 Eutychiana
588 3227 735 3292 haereses
758 3226 852 3291 simul
881 3248 952 3291 cum
974 3226 1127 3291 Dioscoro
1155 3227 1285 3311 ejusque
1314 3249 1396 3292 com-

120 3331 261 3420 plicibus
288 3331 459 3394 demnatae
488 3332 574 3393 sunt.
621 3328 682 3394 Sed
705 3332 738 3393 et
759 3329 787 3392 si
808 3350 871 3413 qua
893 3331 969 3392 sunt
997 3328 1133 3392 concilia
1155 3352 1174 3392 a
1197 3329 1319 3394 sanctis
1341 3353 1395 3415 pa-

120 3436 229 3501 tribus
255 3432 413 3497 hactenus
440 3432 606 3514 instituta,
641 3431 761 3516 posim)
790 3430 923 3493 istorum
946 3432 1082 3514 quatuor
1109 3432 1334 3496 auctoritatem
1363 3436 1396 3496 et

121 3535 333 3603 custodienda
357 3537 390 3598 et
410 3532 595 3617 recipienda
618 3531 825 3597 decrevimus.

121 3677 278 3687 ..--———-—·
316 3677 320 3680 ν
329 3676 377 3680 -’-
396 3674 432 3679 *⁴

191 3742 213 3808 ⁸)
231 3737 259 3792 Je
280 3744 316 3792 od
337 3742 538 3805 aedificationem
566 3747 678 3791 rroclrcm
701 3741 788 3791 eadem
809 3739 935 3800 Romanu,
962 3735 984 3788 i²
1007 3741 1043 3790 ad
1063 3742 1262 3804 aedificationem
1283 3750 1396 3793 sanctam

116 3833 180 3881 item
200 3828 319 3879 Romana.

191 3911 212 3972 ⁹)
230 3908 290 3963 illic
302 3907 414 3978 quidem
425 3906 453 3961 in
463 3906 480 3961 J
483 3909 502 3942 ¹⁷
514 3909 545 3960 nt
556 3906 585 3960 in
598 3906 753 3962 Gelasianis
764 3905 969 3975 exemplaribus
985 3907 1110 3976 proxime
1122 3907 1270 3977 subjicitur
1281 3921 1394 3964 ranetam

115 4000 245 4064 synodum
263 3997 431 4062 Ephesium:
454 3992 503 4047 sed
524 3991 553 4045 in
577 3991 651 4046 dicto
670 3991 764 4048 codice
782 4010 889 4048 meram
907 4009 966 4046 esse
988 3991 1096 4047 librarii
1113 3993 1393 4062 praetermissionem,

118 4099 154 4136 ac
173 4080 201 4134 Je
221 4093 254 4133 eo
276 4076 330 4132 loci
353 4076 534 4146 integriorem
557 4093 616 4132 esse
639 4077 693 4131 hoc
715 4079 880 4147 argumento
899 4078 955 4141 eat,
977 4076 1052 4145 quod
1073 4077 1146 4131 infra
1166 4078 1325 4147 praedictus
1342 4097 1392 4133 ms.

117 4163 231 4236 pariter
258 4180 319 4217 cum
342 4161 370 4216 Jc
398 4160 541 4215 exhibeat:
576 4166 640 4215 Post
667 4167 770 4216 istorum
803 4173 911 4233 quatuor
939 4165 1004 4229 (non
1028 4166 1111 4228 tritam)
1138 4170 1313 4218 auctoritatem
1337 4175 1392 4225 alc,

119 4265 196 4318 quae
224 4263 280 4300 non
305 4248 416 4301 exstant
434 4247 510 4315 apud
528 4245 677 4300 Gelasium.
719 4247 868 4301 Pearsonio
891 4254 985 4301 autem
1004 4247 1140 4315 ignatian.
1164 4265 1229 4317 pag.
1250 4255 1282 4303 53
1301 4249 1356 4303 aha
1377 4268 1394 4303 a

118 4335 244 4405 quatuor
260 4331 399 4401 prioribus
416 4331 523 4401 pariter
540 4330 684 4399 generaha
701 4333 818 4388 concilia
836 4332 881 4387 hio
899 4331 1039 4401 designari
1062 4331 1210 4386 arbitranti
1229 4350 1284 4387 non
1303 4351 1393 4388 assen-

117 4417 261 4483 tiendum,
285 4433 369 4486 quum
393 4417 427 4470 de
449 4415 484 4470 iis
503 4416 540 4469 sit
557 4433 648 4470 sermo
667 4417 803 4484 conciliis,
825 4418 925 4487 quibus
942 4434 999 4472 non
1017 4415 1128 4472 omuino
1146 4434 1211 4487 par,
1236 4418 1286 4472 sed
1303 4418 1393 4473 minor

119 4501 273 4575 (particula
290 4514 350 4569 post
366 4503 479 4567 notata)
496 4500 637 4555 tribuatur
654 4503 814 4558 auctoritas.
855 4503 896 4557 Eo
912 4503 942 4555 in
959 4517 1074 4557 numero
1093 4501 1236 4557 concilium
1255 4503 1335 4565 illud,
1359 4521 1392 4559 ex

119 4606 179 4658 quo
196 4586 302 4657 prodiit
320 4585 424 4642 Gelasii
441 4586 475 4640 de
488 4585 653 4656 recipiendis
671 4586 762 4656 libris,
782 4587 947 4642 Hormisdae
965 4587 1061 4648 fuisse,
1080 4604 1114 4642 ex
1127 4587 1263 4657 superiori
1275 4587 1393 4657 epistola

114 4675 180 4744 jam
197 4671 385 4743 probavimus.

190 4761 223 4828 ¹⁰)
240 4758 273 4811 In
289 4772 345 4810 uno
368 4756 523 4812 recentiore
547 4775 598 4812 ms.
621 4768 730 4826 praeter
750 4763 866 4820 istorum,
890 4758 980 4812 minus
997 4756 1111 4812 sineere.
1146 4757 1188 4812 Ad
1206 4758 1390 4814 imitationem

117 4843 204 4914 hujus
222 4842 290 4908 loci,
310 4842 357 4909 qui
376 4858 394 4896 a
412 4841 566 4898 Gelasianis
584 4841 789 4913 exemplaribus
807 4842 901 4909 abest,
920 4859 1050 4913 expressa
1067 4844 1144 4909 sunt,
1168 4844 1199 4897 ut
1218 4843 1392 4914 praemonui,

117 4926 221 4986 Isidori
240 4927 309 4997 orig.
329 4927 378 4994 Vl,
399 4933 429 4982 15
447 4927 540 4982 verba.
