3204 5506
262 308 324 375 728
718 323 745 368 s.
764 320 943 367 suasuram
966 318 1080 365 raras

153 478 382 543 aelaniticus
404 475 614 541 districtionis
636 477 760 539 vestrae
783 473 851 538 fieri
874 473 1055 557 prohibete:
1086 474 1247 557 quatenus
1275 476 1309 537 et
1332 472 1363 537 in
1385 474 1473 541 ecclesis

263 584 368 643 vestra
399 581 433 642 et
462 578 498 642 in
528 577 712 662 supradicta
745 578 911 661 provincia
941 575 1112 659 disciplina
1145 575 1240 639 bonis
1272 575 1386 641 actibus
1409 579 1475 645 amm

262 685 416 746 servetur.
503 739 507 745 .

766 865 949 968 Epistola
975 865 1030 949 16.

120 1013 247 1136 *p-lelssnd-
327 1019 531 1101 Symmachi
555 1037 665 1103 papae
688 1019 731 1084 ad
755 1019 960 1085 (taosarium
982 1019 1187 1102 episeopum
1211 1018 1441 1087 Arelatenses.

317 1163 353 1210 De
369 1161 510 1224 privilegiis
528 1161 688 1210 Arelatensis
710 1160 843 1210 ecelesiae.
878 1158 1000 1207 Libellum
1016 1159 1163 1221 petitoriam
1181 1159 1301 1210 Caesarii
1320 1161 1449 1211 olimst
1487 1160 1530 1224 pili

563 1245 673 1308 Aepidio
691 1243 782 1294 abbate
799 1251 825 1293 et
844 1243 975 1292 blessiano
994 1245 1095 1292 amorio
1112 1243 1227 1307 subjicit.

415 1376 692 1440 Dilectissimo
714 1377 838 1440 fratri
860 1375 1048 1441 Caesario
1070 1374 1367 1466 Symmachus¹).

351 1500 378 1560 1.
416 1494 477 1571 Qui
499 1496 682 1561 veneranda
704 1499 832 1580 patrum
853 1497 977 1559 statuta
992 1494 1140 1579 custodit,
1164 1496 1306 1561 amicum
1319 1520 1351 1563 se
1364 1497 1484 1563 absolutae

264 1598 429 1684 religionis
451 1597 608 1680 ostendit,
641 1601 674 1662 et
701 1598 756 1683 qui
783 1597 930 1681 providet
956 1600 993 1661 ut
1014 1596 1120 1660 locum
1142 1598 1327 1664 excessibus
1346 1621 1405 1665 non
1419 1597 1486 1663 ulin-

264 1704 352 1785 quat,
376 1700 576 1764 demonstrat
597 1722 630 1763 se
653 1699 692 1764 de
714 1700 798 1764 bono
820 1699 945 1784 gratim
975 1699 1128 1784 cogitare.
1173 1698 1376 1766 Rationabile
1395 1700 1488 1784 estid

264 1805 378 1866 sancta
400 1801 600 1866 Arelatensis
623 1802 758 1866 ecclesia
785 1802 922 1887 propriis
949 1800 1127 1887 privilegiis
1155 1803 1356 1887 perfruatur3
1384 1810 1412 1869 et
1431 1795 1488 1886 qnod

265 1907 406 1968 vetustas
433 1905 601 1987 praestitit
623 1907 655 1968 et
682 1907 811 1988 patrum
840 1904 1015 1977 auctoritas
1036 1903 1216 1988 roboravit,
1246 1927 1330 1969 nova
1351 1927 1409 1970 non
1424 1901 1490 1968 debet

263 2006 382 2070 violare
404 2007 633 2091 praesumptio.
663 2006 716 2072 Sic
738 2010 860 2090 tamen,
884 2009 921 2070 ut
937 2010 1114 2071 ceterarum
1136 2007 1344 2072 ecclesiaram
1363 2001 1491 2092 privilegi·

264 2108 461 2193 temporibus
483 2109 640 2194 acquisita
662 2132 729 2173 non
750 2109 909 2173 titubent:
932 2108 1008 2193 quia
1028 2129 1089 2172 nec
1111 2112 1219 2192 potest
1241 2131 1281 2173 ex
1301 2113 1390 2194 parte
1401 2108 1492 2171 bnon

265 2232 349 2294 osse,
384 2212 468 2294 quod
489 2211 711 2296 generalitatis
733 2211 844 2295 tangit
864 2210 1026 2293 injuriam.
1070 2209 1280 2275 Manentibus
1301 2210 1440 2296 siquiden
1459 2204 1493 2270 lis

265 2334 346 2397 quae
368 2316 496 2397 patrum
519 2314 695 2378 constituta
717 2312 854 2398 singulis
876 2312 1018 2377 ecclesiis
1048 2316 1293 2398 ooncesseumt,
1322 2312 1493 2387 decemimu,

265 2418 301 2478 ut
323 2416 409 2480 circa
431 2437 484 2500 ea,
508 2437 590 2501 quae
620 2415 722 2500 tam²)
745 2415 779 2478 in
802 2413 908 2480 Gallia
935 2437 1032 2501 quam
1058 2414 1094 2478 in
1116 2413 1279 2500 Hispania
1301 2413 1454 2501 provinciis
1468 2407 1494 2472 lt

266 2540 362 2581 causa
383 2519 550 2603 religionis
578 2516 782 2599 emerserint,
805 2516 949 2581 sollertia
969 2521 1045 2582 tuae
1067 2516 1286 2583 fraternitatis
1308 2512 1495 2603 invigilebel

265 2619 293 2683 si
319 2619 402 2683 ratio
429 2621 610 2704 poposcerit
637 2619 854 2704 praesentiam
881 2619 1097 2704 sacerdotum,
1137 2624 1266 2684 servata
1294 2616 1494 2693 consuebrdine,

266 2721 481 2805 unusquisque
503 2726 578 2786 tuae
601 2721 782 2786 dilectionis
804 2722 986 2786 admonitus
1014 2720 1207 2786 auctoritate
1235 2722 1413 2804 conveniat;
1438 2712 1495 2784 etsi

267 2823 327 2887 Dei
354 2823 513 2907 adjutorio
542 2823 758 2888 controversia
787 2823 932 2887 incidens
961 2825 1121 2907 amputari
1149 2823 1308 2909 potuerit,
1347 2823 1434 2908 ipsios
1453 2817 1494 2881 luo

265 2926 389 2991 meritis
405 2925 617 3011 applicemus:
634 2926 777 3011 alioquin
792 2925 976 2990 exsistentis
991 2926 1114 3011 negotii
1129 2925 1268 3011 qualitas
1284 2926 1326 2990 ad
1340 2925 1433 2990 sedem
1443 2936 1494 3003 apo

266 3028 412 3092 stolidam
433 3032 466 3092 te
489 3028 648 3092 referente
670 3028 849 3112 perveniat,
873 3032 908 3092 ut
931 3027 1054 3092 eunctis
1076 3027 1189 3093 ordine
1205 3050 1264 3092 suo
1278 3024 1418 3114 peractis,
1436 3017 1494 3087 mle

266 3131 416 3195 inimicus
438 3130 593 3194 bonitatis
615 3131 675 3194 sibi
699 3129 894 3213 blandiatur,
918 3129 1023 3194 locum
1045 3129 1189 3195 invenire
1210 3152 1279 3195 non
1300 3129 1405 3215 possit.

335 3355 354 3421 ¹)
371 3353 441 3421 Reg.
461 3355 603 3420 Synrmaelri
620 3352 687 3420 (0¹¹).

332 3439 354 3505 ²)
372 3441 399 3490 οδ
411 3440 437 3490 c⁷
448 3453 504 3505 seq.
525 3448 575 3490 tara
592 3441 618 3489 in
632 3440 730 3489 Galliae
742 3455 815 3505 quam
828 3439 980 3504 Hispaniae.
1010 3434 1115 3501 Quibus
1132 3437 1164 3490 ut
1180 3438 1493 3507 praeferremuscnmm!

266 3535 315 3576 tara
333 3528 359 3575 ia
379 3525 461 3575 Gallia
480 3542 553 3591 quarn
570 3527 596 3574 ia
614 3526 756 3588 Hispania,
779 3519 865 3574 suasit
885 3522 947 3575 tum
964 3521 1033 3576 illud
1051 3521 1187 3593 epistolae
1207 3528 1238 3575 15
1256 3539 1283 3575 n.
1299 3528 1331 3575 lo
1348 3524 1380 3574 Ia
1395 3513 1494 3573 Habiti·

266 3613 364 3676 quidem
379 3612 512 3674 prouincia
530 3610 562 3659 ab
580 3608 712 3674 aliquibus,
730 3611 790 3658 tum
808 3605 928 3660 maxime
945 3606 1020 3660 istud
1037 3606 1164 3675 ejusdem
1175 3605 1314 3676 epistolae
1325 3624 1352 3660 n.
1365 3610 1392 3658 lt
1407 3608 1495 3673 ΜΝ

265 3704 290 3745 el
308 3697 333 3745 iu
352 3702 436 3746 oestro
454 3696 562 3745 ecelesia
580 3702 605 3745 et
622 3696 773 3759 supradicto
788 3697 935 3757 prouincia,
958 3690 1015 3745 scil.
1035 3690 1138 3758 Gallia,
1166 3707 1239 3760 quae
1262 3708 1371 3745 rursum
1386 3685 1495 3758 provin&

265 3776 377 3831 nomine
395 3776 565 3845 designatur.
601 3774 661 3828 Hoc
679 3777 773 3830 autem
791 3775 902 3830 nomine
920 3776 1062 3846 Visigothi
1079 3774 1197 3846 Hispani
1215 3791 1279 3830 eam
1291 3774 1396 3831 Galliae
1410 3768 1496 3843 pawn

267 3879 338 3931 quae
355 3861 423 3931 ipsis
441 3860 580 3928 subjecta,
598 3859 745 3929 desipiam
762 3863 861 3931 postea
880 3863 1094 3930 consueverunt,
1117 3862 1149 3914 nt
1166 3878 1200 3916 ex
1216 3860 1346 3931 plurimis
1363 3848 1496 3913 dormo*

267 3947 446 4001 conciliorum
464 3946 662 3999 Toletanorum
680 3945 774 4013 palam
792 3946 830 3999 fit.
861 3946 949 4001 Porro
967 3945 1072 4000 vicaria
1085 3944 1206 4000 Caesarii
1224 3947 1351 4016 potestas
1367 3961 1417 4000 non
1432 3942 1496 3994 onst!

267 4034 298 4086 ut
315 4032 400 4091 antea
418 4029 523 4085 Galbae
541 4030 759 4100 comprehendit,
777 4032 837 4085 tum
855 4030 930 4101 quia,
948 4031 979 4084 ut
996 4029 1119 4085 advertit
1135 4030 1269 4098 Lababrs,
1287 4030 1406 4100 reliquae
1419 4018 1496 4098 perir

267 4117 326 4171 ciac
349 4115 463 4170 Francis
486 4116 515 4170 et
536 4116 780 4184 Burgundionibus
802 4116 953 4185 parebant,
983 4117 1043 4169 tum
1065 4114 1132 4184 quia
1152 4113 1261 4170 ibidem
1286 4114 1389 4171 vimus
1406 4106 1496 4184 pol&

268 4201 395 4271 benagio
407 4200 537 4255 Romensi
549 4217 691 4255 concessa:
711 4218 782 4268 quae
800 4201 921 4270 quidem,
940 4200 963 4253 si
981 4217 1077 4255 vorum
1095 4206 1137 4254 est
1148 4198 1336 4270 privilegium,
1352 4196 1496 4271 perideone

268 4287 343 4354 quod
365 4285 445 4356 regni
464 4286 632 4340 chlodovaei
654 4286 746 4340 fuerat
768 4285 977 4340 extendebatur.
1018 4285 1115 4354 Longe
1137 4284 1229 4354 magis
1252 4285 1427 4341 adversantur
1442 4284 1495 4362 pfl?

269 4371 335 4426 dicii
354 4390 417 4426 mss.
436 4371 571 4438 Batonie,
601 4376 709 4441 quaein
730 4375 827 4424 Galliae
845 4376 996 4438 provinciis,
1024 4369 1126 4425 omissa
1147 4386 1215 4425 voca
1238 4375 1393 4441 Hispaniae,
1416 4356 1494 4432 ltssffl

267 4456 331 4511 Non
348 4458 453 4512 temore
476 4457 572 4510 tamen
592 4456 649 4511 illic
667 4455 775 4511 Galliae
798 4455 931 4525 adjuncta
953 4459 996 4510 ast
1012 4455 1156 4526 Hispania.
1200 4455 1244 4511 Ea
1266 4455 1340 4511 enim
1360 4442 1495 4533 temperet}

269 4543 300 4595 ut
318 4541 476 4596 observavit
493 4542 592 4595 Petrus
610 4542 644 4596 da
662 4542 758 4596 Marco
780 4541 814 4595 de
833 4541 960 4595 concord.
980 4541 1085 4595 sacerd.
1103 4541 1121 4594 1.
1135 4539 1174 4594 VI
1192 4558 1214 4595 c.
1231 4547 1263 4596 19
1285 4560 1312 4596 n.
1325 4546 1350 4609 6,
1366 4536 1494 4594 nouum*

268 4626 419 4697 provincia,
435 4626 548 4681 tametsi
565 4628 640 4682 intra
657 4626 769 4692 Gallias,
787 4626 905 4697 imperio
922 4625 1042 4695 parebat
1060 4624 1228 4680 Theoderici
1244 4625 1328 4696 regis,
1351 4640 1427 4696 penes
1439 4620 1493 4686 11⁰⁹

268 4711 348 4780 regni
365 4711 575 4781 visigothorum
592 4712 621 4765 in
639 4711 774 4783 Hispania
799 4713 865 4765 tunc
888 4713 949 4766 erat
970 4709 1185 4765 administratio.
1222 4709 1396 4782 Quapropter
1413 4690 1493 4786 adult

270 4798 377 4850 rnutato
404 4813 554 4865 regnorum
580 4798 658 4851 statu
679 4796 797 4865 Vigilius
827 4797 941 4865 ejusque
969 4812 1141 4852 successores
1162 4796 1372 4852 Arelatensrbus
1397 4788 1493 4864 Μ

270 4881 375 4936 unllam
393 4881 552 4949 hujusmodi
568 4882 740 4951 potestatem
758 4881 787 4935 in
804 4881 953 4952 Hispanias
970 4883 1148 4937 demandant.
