3204 5506
570 805 613 904 S.
643 804 884 901 HILARI
909 804 1134 901 PAPAE

370 1029 793 1138 EPISTOLAE
824 1029 919 1136 ΕΤ
950 1027 1337 1190 Daunum

726 1531 730 1538 ,
779 1447 920 1531 Vita.

299 1629 327 1684 1.
359 1627 463 1683 Hilarus
484 1625 571 1681 adbuc
586 1624 716 1681 diaconus
738 1642 808 1680 4440
824 1624 885 1682 449
907 1624 1041 1698 Ephesum
1063 1642 1077 1679 a
1099 1643 1122 1680 s.
1139 1624 1229 1681 Leone
1250 1627 1349 1681 missus
1370 1635 1429 1690 est.
1460 1637 1493 1686 ut

212 1712 317 1787 synodo
333 1730 392 1769 cnm
407 1713 487 1768 sociis
499 1711 571 1766 iulio
587 1713 716 1785 episcopo
728 1709 876 1766 Puteolano
893 1718 920 1765 et
933 1708 1035 1765 llenato
1051 1709 1210 1783 presbytero
1227 1712 1283 1766 vice
1298 1712 1385 1785 ipsius
1400 1714 1493 1770 inter·

213 1807 286 1854 esset
308 1795 399 1872 (Leon
422 1799 500 1871 epist.
519 1796 567 1857 28,
585 1796 633 1857 ab.
650 1796 699 1856 30.
717 1795 756 1851 33
779 1795 821 1850 ed.
839 1793 984 1865 ballerin).
1024 1794 1081 1849 iam
1102 1794 1137 1851 ibi
1161 1804 1213 1850 1444
1235 1797 1332 1852 acriter
1354 1795 1492 1856 biascam

213 1883 332 1945 obstitit,
355 1891 384 1938 nt
398 1882 537 1938 custodiae
560 1880 627 1936 tradi
644 1889 760 1936 mereret
781 1897 830 1935 nec
846 1881 897 1935 uisi
913 1881 1007 1935 nantis
1023 1878 1175 1935 discrimine
1196 1880 1258 1936 inde
1280 1880 1433 1956 effugeret.
1456 1899 1494 1941 ae

211 1967 351 2025 latrocinia
367 1965 535 2024 subscribere
550 1975 703 2040 cogeretur.
741 1964 853 2037 lrrlruitis
876 1963 956 2020 obitis
973 1964 1100 2039 periculis
1116 1963 1226 2020 lisanam
1247 1965 1379 2040 appulsus
1396 1970 1493 2027 amaia

211 2053 266 2110 illic
281 2054 443 2126 nequissime
459 2061 516 2108 acta
531 2070 553 2107 s.
572 2050 690 2124 potitidci
707 2051 800 2105 retulit
816 2048 909 2121 (Leon.
927 2067 970 2122 ep.
987 2049 1028 2104 44
1044 2060 1071 2106 et
1086 2048 1147 2122 45).
1179 2048 1219 2104 ild
1235 2067 1297 2106 euin
1313 2051 1492 2111 hauddubie

211 2146 315 2212 spectat
330 2137 495 2194 Theodorei
511 2137 625 2211 epistola
643 2135 701 2193 118
718 2137 925 2192 archidiacono
944 2136 1050 2192 Ronme
1072 2137 1171 2209 scripta
1187 2134 1339 2192 solutoris
1357 2137 1493 2195 00404440-

212 2222 284 2285 14410,
313 2240 363 2297 qua
384 2224 472 2296 ipsum
492 2221 658 2284 adhortatur,
686 2230 716 2277 nt
736 2238 849 2276 accenso
871 2221 1031 2276 sanctissimi
1053 2220 1246 2294 archiepiscopi
1268 2219 1328 2277 zelo
1344 2239 1399 2296 pro
1416 2222 1492 2281 virili

213 2310 339 2370 enitatur,
357 2315 386 2363 ut
402 2307 549 2362 Orientalcs
565 2306 692 2361 ecclesiae
708 2315 817 2379 paterna
838 2306 921 2379 ipsius
937 2305 1120 2361 sollicitudine
1142 2313 1232 2379 optata
1253 2322 1319 2380 pace
1339 2307 1493 2382 pertruan-

214 2401 266 2455 tur.
282 2392 456 2466 discussaque
472 2393 545 2446 omni
560 2389 656 2446 4044444
671 2390 768 2447 tradita
783 2389 815 2446 ab
830 2389 960 2464 apostolis
977 2387 1042 2446 fides
1058 2389 1147 2446 illaesa
1163 2399 1351 2448 0040044οι44.
1395 2393 1493 2453 necet

214 2482 300 2549 araim,
323 2479 424 2551 inquit,
451 2481 633 2533 sanctitatem
654 2483 731 2532 taam
758 2478 797 2532 ad
816 2483 915 2533 cetera
933 2475 1073 2548 facinora
1094 2492 1150 2532 saa
1172 2477 1250 2533 nanc
1277 2481 1368 2534 etiam
1397 2481 1495 2537 adan

213 2565 385 2637 ‹adjanaere

299 2648 327 2704 2.
357 2647 412 2703 Nec
427 2645 523 2702 leiellit
535 2663 613 2723 spem
634 2655 812 2720 praeceptam,
836 2664 918 2720 quum
935 2648 1067 2703 exstincto
1083 2645 1109 2701 d.
1127 2645 1160 2700 tv
1171 2645 1328 2704 Novembris
1344 2650 1411 2706 anui
1426 2649 1491 2709 461

213 2751 236 2787 s.
253 2732 343 2789 leone
358 2740 386 2788 ct
401 2731 443 2787 die
459 2730 481 2787 ll
497 2731 549 2802 ejd.
565 2733 663 2788 mensis
679 2732 812 2806 deposito,
829 2733 886 2805 ipsc
902 2733 1018 2805 septimo
1039 2741 1102 2806 post
1118 2731 1160 2786 die
1176 2730 1279 2788 clectus
1295 2730 1340 2789 die
1357 2732 1417 2791 xix
1434 2733 1491 2808 ejt.

215 2819 312 2873 niensis
328 2819 355 2873 in
371 2815 522 2872 cathedram
544 2835 567 2872 s.
584 2816 657 2872 Petri
679 2817 818 2874 ordinatus
834 2823 885 2871 cst.
896 2809 917 2888 ¹)
947 2815 1071 2873 Studium
1088 2813 1146 2886 ejus
1162 2816 1188 2872 in
1204 2815 1346 2891 abigendis
1368 2817 1403 2875 ab
1418 2816 1494 2879 tiras

214 2903 353 2958 haereticis
368 2910 396 2957 et
411 2903 531 2976 vigorem
548 2919 608 2958 vere
624 2902 800 2976 apostolicum
812 2900 933 2957 Gelasius
949 2903 1060 2976 egregie
1076 2900 1236 2975 praelicatit
1251 2900 1305 2976 (ep.
1319 2900 1362 2961 23
1379 2921 1407 2961 4.
1424 2903 1492 2978 lli:

214 2987 342 3044 Sanctae
367 2991 519 3044 accisoriae
545 3003 657 3061 quoque
684 3005 765 3059 papa
782 2987 913 3048 Hilarus.
940 2987 1036 3060 inquit,
1063 2987 1241 3042 Anthemium
1268 2991 1492 3063 imperatorem,

213 3091 299 3146 qaam
314 3072 481 3130 Piaitotiieas
495 3073 725 3129 dlaccdonianas
746 3074 812 3143 ejas
824 3070 1028 3142 familiaritate
1044 3073 1182 3145 suffultas
1197 3073 1395 3131 cartcdiabaia
1412 3093 1493 3134 nora

213 3165 359 3215 sectaram
380 3163 409 3214 in
430 3158 530 3215 Urbem
552 3160 634 3214 veliet
654 3158 805 3226 traducere,
835 3158 915 3229 apati
933 3157 957 3213 5.
976 3157 1095 3214 Petram
1115 3159 1274 3229 apostatam
1297 3174 1334 3215 ne
1356 3161 1389 3216 id
1400 3164 1493 3234 fieret

213 3248 386 3301 corastriaacit
408 3246 581 3313 intantum,
610 3249 640 3298 at
666 3261 722 3299 aon
749 3258 784 3298 ea
808 3241 949 3313 facientia
975 3259 1039 3298 cam
1064 3245 1278 3314 interpositione
1304 3243 1495 3304 sacramenti

212 3331 284 3385 idem
296 3332 477 3401 promitteret
492 3333 658 3400 imperator.
681 3326 778 3381 Verum
795 3334 822 3381 et
834 3343 890 3399 per
906 3332 1070 3384 universam
1079 3327 1230 3398 Orientem,
1248 3334 1320 3385 teste
1333 3327 1406 3387 libro
1420 3349 1491 3408 pon·

213 3413 312 3475 tibcali.
333 3416 443 3486 sparsit
458 3416 595 3486 epistolas
609 3414 644 3469 cie
658 3414 715 3484 tide
731 3413 875 3468 catholiea
891 3419 918 3470 et
934 3415 1104 3485 apostolica,
1128 3415 1307 3486 confirmans
1320 3421 1386 3472 tres
1400 3433 1489 3491 syna·

212 3500 264 3555 dos
280 3498 439 3555 Nicaenam
455 3498 632 3570 Epiresa‘nam
646 3503 673 3552 et
689 3497 946 3554 Caicieaanensen
963 3501 1005 3555 oet
1021 3506 1127 3568 tomam,
1138 3514 1162 3554 s.
1179 3499 1400 3575 archiepiscopi
1413 3502 1488 3563 Lea-

212 3587 267 3652 nis,
290 3590 317 3639 et
331 3584 476 3638 damnavit
492 3582 677 3655 Eutycbetcm
694 3589 722 3638 et
739 3582 899 3640 Nestorium
920 3590 948 3640 ct
962 3583 1135 3640 Diosearam
1157 3585 1200 3640 aei
1222 3599 1319 3641 omnes
1340 3601 1491 3658 sequaces

214 3683 312 3724 eoram
327 3675 355 3724 et
370 3683 467 3724 amnes
481 3668 625 3738 naereses,
644 3674 671 3724 ct
686 3670 863 3740 confirmans
880 3673 1082 3725 auctoritatem
1104 3676 1131 3724 et
1143 3671 1345 3742 principatum
1368 3687 1393 3728 s.
1411 3673 1491 3730 aedr's'
1526 3678 1530 3695 ¹

213 3755 400 3826 apostoticae.

299 3838 327 3894 3.
359 3836 413 3894 Nec
433 3839 563 3893 minorem
585 3836 807 3894 administrationi
829 3838 956 3894 ecclcsiae
984 3855 1073 3894 curam
1099 3838 1222 3895 advertit.
1267 3838 1345 3896 Sient
1372 3841 1489 3916 synodis

214 3922 420 3997 provincialibus
437 3924 580 3997 qnoiamris
596 3922 760 3979 celebrandis
777 3924 873 3980 institit
889 3922 1016 3997 (cp.8.9‚
1026 3922 1084 3996 11).
1100 3925 1135 3979 ita
1151 3925 1207 3998 ipse
1223 3923 1405 3983 ordinationis
1421 3945 1488 3985 strae

213 4057 517 4066 m—--ffl

283 4122 302 4185 ¹)
319 4119 360 4174 De
378 4119 431 4175 4400
449 4117 561 4186 quidem
579 4117 623 4171 die
641 4119 742 4172 mirum
759 4118 788 4172 in
806 4118 919 4172 modurn
942 4122 1069 4174 auctores
1092 4119 1209 4173 variant.
1249 4118 1424 4176 Blanehinus
1441 4122 1487 4245 ga

214 4188 256 4242 ed.
275 4190 402 4242 Anastas.
423 4188 457 4240 de
475 4185 539 4240 vitis
558 4186 678 4255 pontiti.)
716 4205 781 4240 uum
799 4186 827 4240 in
845 4187 903 4241 vita
921 4186 1069 4241 Caelestini
1087 4186 1176 4240 Hilari
1197 4187 1364 4242 electionem
1386 4189 1418 4244 in
1463 4191 1487 4247 'e

213 4256 284 4322 XVI,
303 4255 506 4310 ordinationem
522 4254 552 4307 in
570 4254 614 4308 die
626 4250 690 4308 XIX
728 4255 866 4309 ovembrie
877 4255 978 4324 posuit,
996 4256 1025 4308 in
1037 4255 1096 4309 vita
1107 4255 1195 4310 Hilari
1211 4254 1288 4308 illam
1305 4255 1336 4309 in
1348 4256 1428 4312 diem
1439 4258 1487 4325 XI,

213 4325 285 4390 banc
305 4325 334 4376 in
358 4324 431 4377 diem
448 4323 499 4376 XII
518 4321 571 4391 ejd.
596 4322 697 4375 mensis
719 4323 811 4391 rejicit
845 4325 877 4376 cl.
902 4323 996 4391 Migne
1018 4323 1094 4376 Patr.
1112 4322 1160 4376 lat.
1184 4325 1250 4377 tom.
1265 4322 1408 4380 CXXVIII
1433 4326 1485 4383 001.

212 4398 262 4447 205
275 4395 303 4445 et
315 4395 383 4459 355).
418 4392 473 4445 Pro
491 4390 545 4444 illia
562 4391 683 4444 numeris
700 4389 820 4460 synodus
866 4390 927 4444 'ari
944 4408 968 4444 a.
982 4397 1032 4445 455
1054 4390 1204 4444 secundum
1221 4390 1355 4446 certiores
1374 4393 1488 4450 codices

213 4481 238 4515 a.
257 4466 283 4514 d.
303 4464 379 4513 XIII
392 4464 454 4516 Kal.
467 4463 530 4513 Dec.
553 4459 694 4513 celebrata
717 4459 774 4527 (qui
796 4458 855 4512 dies
877 4475 974 4512 revera
996 4476 1020 4513 a.
1039 4463 1087 4512 454
1110 4458 1139 4511 in
1162 4458 1330 4513 (4044440444
1354 4460 1488 4533 00440504,

213 4545 269 4597 qua
290 4527 349 4581 cola
371 4527 559 4581 ordinationes
582 4527 725 4581 celebrare
747 4528 813 4579 tunc
831 4526 905 4595 apud
923 4527 1064 4581 Romanos
1087 4526 1219 4580 sollemne
1241 4528 1316 4593 erat3
1340 4529 1376 4583 cf.
1395 4530 1485 4587 Leon.

213 4598 371 4665 0441005),
389 4612 440 4664 pro
453 4594 494 4648 hia
506 4595 646 4648 Marianus
658 4588 756 4648 Scottis
768 4597 797 4648 et
809 4612 840 4647 au
882 4595 970 4648 utatio
983 4602 1147 4657 „annornmt
1164 4600 1281 4648 aemam
1291 4602 1309 4650 3
1321 4602 1425 4653 dimna
1437 4606 1488 4654 ta·

212 4663 390 4733 ponitificatus
408 4665 474 4731 ejus,
492 4663 527 4716 ad
546 4663 622 4740 diem⁸
639 4663 731 4716 obitus
745 4663 804 4730 ejus
891 4662 970 4716 Febr¹
985 4681 1008 4718 a.
1021 4669 1070 4717 458
1088 4661 1232 4740 perducta,
1249 4662 1414 4733 loquuntur.
1433 4666 1487 4723 Ve-

213 4750 274 4785 rum
293 4749 377 4799 qnnm
395 4731 464 4785 haec
481 4732 642 4801 supputata
660 4731 743 4797 (rmde
762 4730 941 4785 ctMmianna
953 4730 1050 4785 Scotus
1068 4730 1142 4784 daem
1160 4748 1239 4783 suum
1257 4734 1409 4802 sumpsisse
1430 4752 1488 4792 era·

214 4799 448 4921 ‹tilendnsitniiqnc
471 4798 577 4853 incerta
597 4816 642 4853 res
664 4797 712 4865 sit,
742 4816 792 4868 pro
819 4799 867 4854 ille
890 4799 934 4853 die
957 4800 1049 4868 potitae
1072 4797 1230 4880 testimonio
1258 4801 1381 4869 probate
1411 4807 1488 4861 siam

236 4885 281 4920 um
301 4885 361 4921 err.
1375 4898 1381 4909 -
1501 4881 1509 4889 ·
