3204 5506
602 393 772 443 onerosa
798 384 847 440 12.
1302 380 1363 444 357

60 550 258 631 reparetur
287 549 323 612 et
343 547 465 611 imitas:
493 551 525 611 et
552 551 631 611 tunc
658 548 729 631 quis
756 552 901 612 nostrum
931 554 1042 613 contra
1070 552 1285 616 venerandam
1315 552 1362 616 vel
1376 564 1492 625 lateat

59 648 302 714 insurrexerit
323 650 373 714 vel
394 651 518 713 nitatur
544 649 712 735 insurgere
740 654 948 733 vetustatem,
980 656 1198 737 competenter
1226 658 1258 718 et
1286 655 1364 739 legi-

62 753 153 815 time
181 753 404 836 perquiratur.
450 751 493 815 Et
515 752 582 816 illic
604 752 783 835 apparebit,
807 753 877 836 quis
900 754 1041 817 modesto
1069 757 1231 838 proposito
1260 760 1363 821 cnst-

62 853 143 918 diat
169 855 317 918 formam
337 854 605 939 traditionemque
627 854 794 938 majorum,
824 855 943 939 quise)
966 879 1063 940 supra
1085 857 1164 922 hacc
1188 859 1361 923 irreveren-

63 959 122 1021 ter
145 955 320 1039 insiliens,
344 956 415 1040 quis
437 957 552 1041 rapina
574 956 740 1040 aequalem
762 978 854 1039 posse
876 957 945 1021 fieri
968 959 1150 1023 arbitretur.

165 1059 222 1123 10.
269 1057 388 1134 Quodsi
416 1058 495 1123 mihi
523 1059 633 1142 populi
661 1058 1011 1143 Constantinopolitani
1041 1084 1178 1144 persona
1212 1065 1360 1147 proponi-

66 1162 196 1243 surr),
221 1182 400 1246 perquam
422 1162 548 1226 (licatur
568 1183 687 1225 nomen
710 1162 864 1243 scandali,
894 1162 926 1225 id
950 1166 998 1226 est
1020 1164 1144 1245 Aeacii,
1174 1187 1239 1228 non
1268 1189 1360 1249 posse

66 1263 259 1346 remoreri3
281 1264 383 1345 taceo,
407 1263 482 1347 quia
504 1267 536 1328 et
557 1262 719 1328 haeretico
743 1265 903 1348 quondam
926 1265 1113 1329 Macedonio
1135 1267 1226 1349 pulso
1250 1270 1283 1331 et
1297 1266 1360 1331 Ne-

11 1448 15 1453 ·
65 1366 181 1430 sterio
211 1386 320 1449 nuper
344 1364 448 1448 ejecto
479 1365 570 1449 plebs
598 1365 958 1450 Constantinopolitana
987 1367 1144 1432 catholiea
1173 1392 1360 1452 permanere

67 1452 306 1552 telegeriis),
329 1489 425 1551 quam
447 1468 604 1551 majorum
632 1467 814 1552 praesulum
844 1469 1066 1533 damnatorum
1090 1470 1257 1535 affectione
1286 1472 1359 1536 reti-

69 1570 157 1634 neri.
185 1569 307 1652 Taceo,
330 1569 414 1654 quod
436 1571 491 1653 qui
506 1570 680 1645 abeisdem
700 1571 779 1654 ipsis
801 1571 971 1635 damnatis*
983 1573 1231 1658 praesulibusffl)
1254 1574 1358 1657 bapti-

45 1672 138 1737 sati
172 1672 320 1753 fuerant,
355 1671 390 1737 in
424 1671 485 1735 fide
519 1671 677 1736 catholica
709 1677 894 1755 manentes,
929 1674 1018 1737 nulla
1046 1675 1112 1738 sint
1140 1676 1358 1759 exagitatione

70 1773 216 1838 barbati.
265 1772 379 1856 Taces,
409 1773 492 1857 quod
519 1797 577 1858 pro
604 1774 699 1838 rebus
726 1774 858 1838 ludicris
886 1751 1054 1859 pofflares
1081 1778 1239 1841 tumultus
1271 1800 1358 1842 nnnc

70 1876 179 1941 etiam
202 1877 331 1939 vestrae
353 1874 485 1959 pietatis
508 1877 681 1940 auctoritas
704 1876 938 1960 refrenarit⁵³);
962 1881 1057 1961 atque
1080 1879 1150 1942 ideo
1173 1880 1273 1944 multo
1293 1904 1358 1944 ma-

69 1978 124 2063 gis
148 1998 213 2061 pro
237 1975 342 2041 salute
371 1977 551 2041 animarum
581 2001 710 2043 suarum
739 1980 919 2043 necessario
948 1979 1037 2043 vobis
1065 1981 1359 2065 llor'rstantinopoli-

69 2084 175 2145 tanae
198 2078 346 2143 civitatis
368 2080 569 2165 obtemperat
590 2080 772 2162 multitudo,
804 2081 831 2145 si
853 2103 923 2144 eam
953 2081 992 2144 ad
1016 2081 1207 2147 catholicam
1230 2087 1261 2147 et
1284 2108 1358 2166 apo·

70 2181 230 2247 stolicam
254 2181 511 2246 communionem
534 2204 587 2246 vos
609 2183 771 2267 principes
794 2184 962 2247 reducatis
1008 2183 1155 2267 Etenim,
1184 2186 1358 2268 imperator

71 2286 237 2370 sugente,
265 2283 294 2347 si
318 2286 430 2348 contra
452 2283 540 2386 leges
562 2284 708 2368 publicas
730 2284 859 2368 aliquid,
884 2287 967 2370 quod
991 2286 1084 2369 absit,
1114 2287 1272 2370 quispiam
1294 2289 1357 2353 for-

317 2461 389 2468 —-.-.

138 2577 176 2642 ⁰)
195 2575 300 2644 Neque
317 2573 363 2629 hic
379 2573 485 2644 placet,
504 2573 580 2642 quod
597 2576 672 2643 apud
690 2578 791 2639 Quesn.
811 2583 866 2644 qais
883 2596 964 2645 sopra
982 2581 1044 2630 beer
1062 2582 1234 2632 irreverenter
1252 2585 1356 2636 insiliat.

70 2670 127 2733 quis
145 2667 275 2730 rapinam
293 2679 378 2714 rerum
394 2665 622 2713 ecclesiasticarum
639 2679 715 2728 posse
731 2663 791 2726 (teri
807 2664 960 2722 arbitretur,
979 2662 1054 2714 nullo
1068 2680 1100 2716 ex
1113 2663 1214 2717 nostris
1228 2682 1289 2719 mss.
1304 2666 1356 2719 suf-

69 2747 215 2817 fragante.
249 2743 281 2797 d*
300 2743 451 2799 secundum
469 2761 533 2798 suos
551 2743 660 2798 codices
678 2745 773 2800 (etiarn
793 2747 824 2800 ΟΙ
840 2745 875 2800 0²
888 2745 933 2813 Ψ)
952 2753 1076 2809 insitiens,
1096 2755 1151 2816 qais
1170 2755 1263 2817 rapina
1279 2771 1356 2818 posse

66 2839 139 2901 fieri:
160 2829 238 2886 editi
256 2828 306 2884 alii
325 2834 438 2883 insiliens
450 2827 494 2895 (0¹
509 2828 543 2882 Ο*
557 2832 579 2882 e*
595 2829 658 2883 add.
672 2835 738 2898 quial
757 2839 850 2899 rapina
864 2833 898 2883 t'c'
913 2834 1040 2899 rapinam)
1059 2839 1189 2902 aepaalem
1200 2855 1276 2900 posse
1286 2842 1353 2900 fieri.

68 2916 118 2972 ffis
136 2915 241 2972 verbis
259 2913 389 2969 Gelasius
412 2913 544 2969 invidiam
562 2913 615 2967 sibi
633 2914 669 2969 ab
688 2914 875 2969 Orientalibus
899 2916 1047 2970 conflatam
1070 2917 1098 2969 in
1122 2919 1235 2972 eosdem
1257 2920 1355 2973 refert:

30 3058 33 3063 ,
68 2999 257 3058 reserandae
274 2999 411 3054 vetustati
428 3000 623 3069 majorumque
645 2998 790 3054 tratbtioni
813 3000 942 3068 religiose
962 3001 1114 3056 adhaerere
1133 3020 1161 3055 se
1181 3004 1355 3068 confirmans,

67 3087 143 3158 ipsos
162 3100 238 3140 vero
255 3084 298 3138 sie
315 3100 344 3138 se
362 3100 473 3153 gerere,
496 3083 575 3152 quasi
592 3084 636 3138 his
654 3102 682 3138 se
702 3085 847 3139 crederent
870 3086 1034 3155 superiores.
1070 3087 1145 3140 Haec
1163 3087 1226 3142 ideo
1245 3088 1355 3142 videtur

68 3173 173 3227 dixisse
186 3169 337 3235 Gelenius,
355 3168 422 3237 quia
434 3186 520 3237 quum
536 3170 596 3238 ipse
615 3188 648 3223 ae
661 3170 817 3224 decessores
836 3170 895 3239 ejus
913 3171 1032 3225 substiti
1047 3171 1355 3241 Constantinopolitano

67 3256 242 3328 negassent,
260 3253 339 3323 quod
356 3252 431 3308 idem
448 3253 560 3323 praesul
577 3254 630 3307 sibi
649 3272 666 3308 a
684 3253 902 3309 Calchedonensi
921 3256 1035 3311 coneilio
1055 3273 1213 3310 concessum
1231 3257 1354 3326 volebat,

65 3342 132 3397 inde
157 3338 344 3395 occasionem
366 3337 545 3407 arripuerunt
567 3338 736 3406 OrientaleS,
764 3342 794 3393 ut
817 3342 956 3395 Romarm
981 3342 1125 3410 pontifices
1149 3359 1177 3396 se
1199 3360 1284 3412 snpra
1302 3344 1354 3399 hoe

65 3425 225 3485 concilium
247 3423 351 3480 efferre
370 3422 544 3492 jactitarent.
586 3423 657 3488 Quia
680 3440 746 3477 vero
770 3426 1093 3497 Constantinopolitanae
1116 3426 1233 3481 antistes
1257 3431 1354 3484 eontra

64 3512 231 3569 nicaenum
253 3524 391 3564 canonem
409 3508 558 3563 secundam
576 3508 729 3564 affectabat
746 3511 852 3574 sedem,
874 3511 995 3565 vicissim
1017 3512 1069 3582 ipsi
1093 3512 1178 3567 taeitc
1203 3515 1355 3584 exprobrat

66 3598 217 3664 Gelasius,
237 3593 317 3666 qnod
333 3600 428 3662 rapina
445 3599 574 3663 aequatem
591 3610 620 3647 se
639 3593 750 3649 sedibus
768 3595 928 3664 apostolicis
945 3614 1026 3666 posse
1044 3597 1103 3650 ficri
1122 3598 1282 3655 arbitretur.

134 3687 170 3752 ³⁰)
189 3680 232 3736 F*
245 3679 290 3734 ΡΒ
303 3678 338 3732 0¹
349 3677 386 3731 V²
401 3685 586 3747 praepositam
605 3681 675 3732 cons.
696 3679 786 3735 Gelas.
807 3700 849 3751 ep.
870 3690 885 3737 3
903 3700 928 3734 n.
950 3689 989 3736 15.
1009 3682 1128 3748 Moxque
1147 3684 1183 3737 Κ3
1201 3696 1256 3739 tota
1273 3692 1352 3754 plebs.

132 3773 169 3835 ³¹)
190 3768 229 3821 In
246 3763 372 3833 vulgatis
389 3762 434 3817 hie
452 3763 564 3817 additur
580 3771 677 3832 potius,
701 3782 773 3833 quae
795 3781 848 3819 vox
871 3765 916 3819 hic
934 3769 966 3819 ut
987 3766 1060 3820 infra
1077 3785 1103 3820 n.
1119 3775 1150 3821 12
1168 3771 1303 3824 reticetur
1325 3771 1353 3825 in

61 3874 125 3911 mss.
172 3853 285 3919 Neque
306 3849 361 3904 hoc
383 3847 494 3904 Gelasio
516 3848 690 3916 inusitatum
713 3867 778 3903 narn
801 3853 830 3904 et
852 3849 931 3919 epist.
946 3858 962 3906 3
978 3870 1004 3904 n.
1021 3859 1051 3906 13
1069 3852 1187 3921 legimus
1211 3861 1284 3909 decet
1308 3877 1353 3910 aas

57 3949 163 3996 mas
184 3946 300 3991 nomm
315 3954 413 4004 ponere
431 3956 517 4004 quam,
540 3935 569 3988 et
585 3951 660 3987 num.
680 3939 723 3988 16:
747 3941 820 3989 virttis
837 3940 961 3989 reticeam
983 3942 1093 3990 medicos
1114 3952 1251 4007 (reprobare
1271 3963 1351 4010 quoru,

54 4023 215 4099 particula
232 4025 323 4090 portos
335 4020 484 4088 auctique
497 4019 592 4073 tacita.
620 4019 793 4073 Reticentiae
806 4020 931 4088 ejusdem
947 4021 1030 4090 plura
1046 4027 1110 4075 sunt
1127 4025 1154 4075 et
1172 4024 1246 4094 apud
1261 4027 1352 4093 Angu-

51 4113 168 4169 stinnm
189 4105 338 4174 exempla.
353 4135 388 4144 -
404 4105 476 4160 Tum
499 4102 598 4170 Quesn.
623 4105 768 4174 sequentia
790 4104 829 4158 sic
853 4105 977 4160 exhibet:
1006 4127 1079 4175 qaam
1101 4129 1186 4162 (onore
1208 4118 1351 4177 praesulum

49 4204 254 4255 cantorem
274 4210 307 4244 ae
324 4195 467 4259 defectione
484 4195 592 4244 retineri
596 4213 605 4250 ,·
623 4207 689 4244 num
707 4189 801 4259 aliqua
819 4189 998 4258 auctoritate,
1017 4208 1061 4246 me
1075 4193 1155 4262 fugit.
1187 4194 1223 4247 Ν3
1236 4195 1265 4247 d²
1277 4216 1294 4248 o
1306 4201 1350 4249 de·

43 4289 180 4354 sertim
202 4281 328 4332 retineri.

126 4368 166 4437 ⁵¹)
190 4364 242 4418 na
259 4378 326 4415 mss.
339 4360 362 4416 Ο
375 4363 405 4417 et
416 4378 431 4415 c
443 4378 465 4415 c.
496 4360 550 4415 Alii
567 4379 631 4416 mss.
651 4365 754 4432 petten-
771 4361 852 4432 pejus
869 4378 936 4417 vero
955 4362 983 4416 d¹
997 4363 1026 4415 d²
1044 4384 1059 4416 a
1078 4369 1174 4433 quibas,
1192 4363 1291 4418 omisso
1304 4384 1351 4420 an-

42 4460 102 4513 em
121 4457 186 4525 qui.
221 4447 317 4502 Docet
333 4446 459 4502 Gelasius
476 4447 649 4518 superiorum
665 4448 825 4518 temporum
844 4448 969 4518 exemplo
982 4448 1087 4501 nullum
1105 4448 1181 4518 plebi
1195 4448 1349 4506 Constanti·

39 4537 260 4614 „politanae
277 4549 330 4604 pro
342 4532 443 4610 Aeacio
460 4532 594 4587 tumultus
614 4532 703 4588 uendi
721 4550 779 4587 esse
799 4551 922 4600 cerream,
942 4551 1027 4601 quum
1045 4533 1215 4603 baptismum
1233 4535 1269 4588 ab
1288 4535 1349 4606 ipso

41 4626 222 4685 murreum,
241 4615 317 4672 sicut
333 4634 402 4688 erga
419 4632 466 4672 eos
483 4620 576 4672 aetum
594 4619 648 4685 cst,
668 4637 736 4688 quos
754 4618 931 4672 Macedoniae
949 4620 1033 4692 atqup
1051 4619 1195 4673 Nestorius
1214 4619 1280 4674 olim
1300 4622 1347 4678 ba-

40 4705 270 4786 ptizaverant,
287 4704 381 4757 ratum
398 4702 509 4758 habeat.
655 4768 659 4776 ,

127 4796 169 4862 ⁵³)
190 4787 363 4844 muudus
379 4788 526 4863 Theodoro
544 4789 648 4844 lectore
666 4789 712 4844 lib.
732 4797 747 4844 2
765 4807 831 4860 pag.
850 4795 899 4846 566
917 4791 989 4844 testo
1008 4797 1154 4846 versationes
1171 4797 1352 4860 amphitheatri

41 4885 177 4940 assedi.
210 4873 290 4930 Hinc
306 4875 380 4929 forte
397 4874 565 4929 tumultuum
581 4875 692 4930 illorum
708 4875 897 4946 popularium,
916 4892 986 4944 quos
1003 4875 1078 4930 idern
1095 4876 1248 4947 imperator
1264 4881 1349 4935 refre-

43 4981 144 5024 nasse
164 4976 252 5018 nunc
270 4956 388 5028 dison,
404 4960 472 5015 nata
488 4960 603 5016 occasio.
