3204 5506
248 362 312 427 380
721 382 748 428 s.
766 379 906 430 oenasu
929 382 1042 429 Paeto

121 548 237 613 (0494.)
250 537 441 620 patrimonio
470 537 626 618 ejusdem,
657 558 721 599 non
748 537 891 599 minuere
920 536 1049 599 studeat
1075 537 1129 600 sed
1159 558 1290 621 augere.
1338 535 1392 601 De
1427 538 1532 605 reditu

249 661 323 702 vero
346 638 497 701 eeclesiae
520 638 569 701 vel
592 637 753 701 oblatione
782 636 922 701 fidelium
944 642 1081 722 quatuor
1107 638 1207 703 faciat
1234 640 1428 723 portiones:
1457 663 1531 726 qua-

249 764 319 805 rum
343 763 439 803 unam
462 741 523 804 sibi
545 741 607 824 ipsi
629 741 777 823 retineat,
802 741 936 805 alteram
960 741 1082 805 clericis
1104 763 1162 826 pro
1187 741 1376 806 officiorum
1401 764 1531 808 suornm

249 843 418 908 sedulitate
440 843 622 924 distribuat,
646 843 775 907 tertiam
798 832 990 927 paliperibus
1020 847 1052 908 et
1074 844 1265 929 peregrinis,
1297 849 1460 928 quartam
1480 869 1531 911 ee-

251 946 437 1010 clesiasticis
458 933 599 1009 fabricis'
613 947 739 1010 noverit
760 946 994 1011 reservandam.
1028 945 1077 1011 De
1099 947 1214 1031 quibus
1236 947 1352 1012 divino
1377 949 1445 1013 erit
1464 950 1532 1015 red-

250 1050 373 1113 diturus
392 1049 513 1132 judicio
535 1050 703 1114 rationem.

334 1153 364 1216 3.
410 1152 637 1216 Ordinationes
666 1175 738 1217 vero
765 1154 1022 1237 presbyterorum
1045 1176 1100 1217 seu
1127 1153 1339 1218 diaconorum
1370 1177 1443 1220 non
1471 1155 1533 1221 nisi

250 1255 354 1341 quarti
365 1255 391 1337 ⁵)
399 1305 407 1337 ‚
438 1256 563 1338 septimi
594 1254 642 1318 vel
671 1255 784 1319 decimi
808 1257 966 1319 mensium
985 1255 1134 1339 jejuniis,
1164 1255 1219 1319 sed
1247 1259 1282 1320 et
1310 1257 1348 1321 in
1380 1259 1533 1344 ingressu

250 1357 528 1442 quadragesimali,
545 1362 640 1442 atque
656 1359 822 1422 medianae
830 1359 855 1442 ⁶)
871 1380 1002 1442 vespere
1018 1358 1142 1421 sabbati
1160 1359 1287 1422 noverit
1303 1359 1532 1427 celebrandas.

334 1461 364 1524 4.
411 1459 612 1524 Sacrosaucti
641 1465 747 1525 autem
775 1462 927 1545 baptismi
954 1461 1188 1546 sacramenta⁷)
1216 1483 1285 1525 uon
1314 1462 1385 1526 nisi
1415 1463 1451 1529 in
1480 1488 1534 1550 pa·
1576 1502 1578 1507 ·

250 1563 350 1628 sebali
374 1563 549 1627 festivitate
577 1566 609 1626 et
636 1564 827 1628 Pentecoste
854 1564 1036 1628 meminerit
1059 1586 1126 1627 esse
1155 1563 1356 1648 praebenda,
1389 1569 1534 1652 exeeptis

250 1667 300 1748 iis,
324 1666 378 1749 qui
401 1665 512 1730 mortis
540 1668 697 1750 urgentur
722 1668 876 1749 periculo:
907 1689 947 1730 ne
969 1667 1003 1730 in
1032 1669 1198 1730 ueternum
1225 1670 1382 1751 pereant,
1416 1668 1535 1736 talibus
1574 1728 1578 1749 ,

231 1756 378 1853 ι(10007)
401 1768 547 1831 remediis
571 1769 742 1832 subveniri.
789 1769 874 1833 Huic
897 1791 973 1851 ergo
996 1769 1078 1833 sedis
1101 1772 1231 1833 uestrae
1259 1772 1448 1856 praecepta
1471 1794 1535 1837 ser·
1575 1754 1578 1851 i

250 1871 339 1935 vanti
363 1870 484 1934 devotis
513 1871 628 1933 arrimis
651 1871 781 1955 obsequi
806 1894 859 1934 vos
881 1874 1018 1955 oportet,
1048 1873 1084 1935 ut
1110 1870 1408 1954 irreprehensibile
1438 1873 1535 1958 placi·
1576 1858 1578 1905 7

250 1978 380 2057 tumque
403 1973 460 2035 fiat
489 1995 602 2056 corpus
625 1973 788 2038 Ecclesiae
818 1997 873 2058 per
900 1974 1062 2038 Christum
1085 1973 1260 2037 Dominum
1284 1979 1454 2060 nostrum,
1482 1977 1533 2062 qui
1574 1992 1578 2067 1

250 2076 330 2138 vivit
355 2079 388 2138 et
415 2080 531 2160 regnat
566 2099 638 2139 cum
666 2076 734 2139 Deo
764 2076 858 2140 Patre
886 2077 1105 2160 omnipotente
1131 2076 1200 2162 in9)
1229 2078 1365 2142 unitate
1396 2077 1534 2164 Spiritus

251 2179 353 2242 sancti
377 2179 563 2261 peremnia
586 2179 712 2243 saecula
734 2175 941 2244 slaecidorum.
987 2180 1102 2243 Amen.

749 2350 931 2453 Epistola
957 2350 1012 2435 16.

593 2487 726 2552 (telosii
751 2504 861 2570 papae
883 2486 925 2552 ad
949 2485 1173 2553 Brundisino.

286 2611 402 2659 Litterae
419 2611 545 2671 fontaine
563 2610 660 2659 tattoni
676 2612 792 2674 episcopi
809 2612 906 2661 noviter
924 2612 1037 2661 ordinati
1054 2611 1208 2667 indicantes.
1232 2629 1303 2677 quoe
1321 2615 1368 2664 itte
1388 2618 1415 2664 in
1433 2618 1501 2665 ordi·
1556 2640 1559 2645 ·

717 2697 818 2745 notione
836 2713 883 2746 suo
900 2699 1053 2761 promiserit.

405 2810 589 2876 Gelasius
613 2812 735 2895 clere,
759 2812 889 2877 ordini
913 2816 951 2877 et
972 2812 1079 2897 plebi
1102 2812 1371 2900 Brundisii¹).

341 2937 366 2996 l.
413 2932 570 2998 Concesso
593 2934 692 3015 vobis,
727 2955 820 3017 quem
848 2933 985 3017 petistis,
1016 2933 1161 2997 antistite
1187 2933 1294 2996 fratre
1319 2934 1398 3016 jam
1426 2940 1459 3000 et
1485 2957 1531 3000 oo·

253 3037 401 3121 episcopo
430 3058 500 3098 meo
522 3035 654 3098 Juliano
682 3037 897 3099 necessarium
924 3036 997 3117 fuit,
1027 3035 1136 3099 eodem
1165 3034 1204 3098 ad
1236 3035 1418 3101 ecclesiam
1446 3059 1532 3102 suam

253 3161 326 3202 mox
347 3139 480 3202 remisso
503 3138 542 3207 ad
565 3160 619 3200 vos
642 3141 752 3201 nostra
769 3138 889 3222 scripto
904 3138 1026 3222 pariter
1041 3137 1213 3219 destinare,
1237 3138 1364 3222 quibus
1382 3161 1532 3226 agnosce·

253 3241 375 3325 retis2),
400 3241 500 3304 eidem
523 3240 621 3303 fuisse
637 3242 854 3324 praeceptum,
878 3263 919 3304 nc
938 3262 1078 3324 unquam
1098 3238 1323 3303 ordinationes
1346 3244 1533 3326 praesumot
1556 3234 1559 3239 ¹

253 3343 396 3408 illicitas:
428 3367 469 3406 ne
491 3343 655 3428 bigamum
678 3343 784 3426 etqui
808 3343 965 3427 virginem
992 3363 1058 3406 non
1081 3344 1129 3405 est
1151 3341 1286 3406 sortitus
1308 3365 1463 3429 uxorem,
1489 3348 1533 3409 at·

321 3517 341 3574 ⁵)
360 3514 396 3567 H*
415 3515 444 3572 et
462 3513 507 3568 tib,
523 3513 610 3565 diurn.
631 3512 737 3566 addunt
753 3518 839 3581 primi,
860 3512 934 3579 quod
947 3510 1071 3567 Gelenius
1090 3513 1119 3565 ct
1135 3511 1164 3565 in
1180 3511 1315 3581 proxima
1327 3513 1415 3585 epist
1432 3521 1464 3571 14
1475 3532 1533 3586 esp.
1559 3586 1562 3593 Ι

256 3609 284 3654 11
305 3600 403 3653 omisit.

321 3689 342 3753 ὓ)
362 3690 387 3738 c⁷
400 3686 437 3738 c¹⁰
454 3690 546 3746 taedio,
571 3684 747 3751 corriguntur
771 3699 804 3736 ex
827 3683 908 3737 dietis
926 3701 988 3737 mss.
1026 3682 1093 3737 Post
1110 3682 1225 3739 verbum
1244 3689 1389 3742 memmae
1406 3683 1535 3742 subandi-
1556 3706 1563 3759 .·'

254 3774 299 3825 tur
318 3776 525 3840 piratii-opertione
545 3770 598 3836 (est
614 3769 791 3823 hebdomada
810 3771 910 3837 quarta
929 3771 1161 3839 quadrupertmoe),
1185 3767 1266 3837 quasi
1285 3772 1380 3827 antea
1397 3790 1458 3828 non
1474 3792 1534 3844 qu·

254 3861 429 3926 dropcsimaii,
448 3855 496 3908 scd
515 3861 724 3924 quadr-apennine
742 3853 945 3922 praecessisset.

160 3929 162 3933 ¹
320 3945 341 4008 ⁷)
361 3945 387 3993 07
399 3943 436 3993 077
454 3943 482 3995 ct
499 3940 545 3993 lib.
567 3939 655 3992 diurn.
674 3951 856 3993 sacramentum
926 3945 1109 4008 praebendam,
1138 3938 1317 3994 collectioni
1337 3958 1465 4012 sequens
1481 3940 1536 4013 epd-

253 4027 325 4082 stola
343 4026 518 4094 suffragatur.
557 4024 625 4078 Cum
643 4024 743 4078 nostris
767 4026 861 4078 tamen
879 4043 941 4078 mss.
961 4024 1082 4079 retinere
1100 4024 1180 4079 nobis
1202 4023 1288 4079 liccat
1312 4040 1486 4083 commento

252 4117 415 4181 praebendo:
445 4126 500 4164 non
522 4110 610 4164 solum
632 4113 749 4179 propter
770 4110 861 4163 varios
884 4109 965 4176 ritus,
989 4109 1037 4177 qui
1059 4127 1167 4164 sacram
1188 4107 1364 4166 tinctionem
1386 4112 1536 4183 praeoede-
1557 4162 1560 4167 .

252 4199 333 4264 bant,
352 4197 400 4250 sod
419 4197 448 4250 ot
465 4197 581 4265 propter
599 4195 814 4249 confirmationis
833 4198 861 4248 ct
875 4194 1058 4249 eucharistiae
1070 4193 1296 4264 perceptionem,
1317 4212 1398 4264 quse
1409 4197 1535 4269 proxim
1557 4202 1560 4209 '

253 4283 429 4351 sequebatur.
1126 4355 1132 4363 7

320 4372 341 4434 ⁸)
361 4371 387 4420 07
399 4369 437 4420 077
455 4368 483 4419 et
499 4366 546 4419 lib.
568 4366 656 4418 diurn.
674 4377 783 4435 oportet.
814 4367 878 4421 Mox
896 4367 930 4420 Fd
949 4373 991 4435 qui
1008 4377 1087 4420 tecam
1104 4370 1162 4420 oiri!
1179 4376 1227 4419 etc.

321 4455 341 4518 ⁹)
360 4451 404 4504 ΒΗ
421 4454 446 4504 07
459 4455 496 4505 0¹⁰
514 4453 543 4504 et
558 4449 606 4504 lib.
627 4450 715 4505 diurn.
736 4464 761 4505 et
779 4455 876 4520 Spiritu
893 4461 991 4506 saneto.
1022 4449 1128 4506 Deinde
1146 4454 1172 4505 07
1185 4452 1223 4504 0¹⁰
1241 4454 1272 4505 et
1288 4449 1343 4506 lib.
1359 4451 1456 4509 diurn.
1473 4452 1536 4527 poi

255 4541 332 4591 Amen
351 4536 513 4603 subjiciunt:
544 4541 577 4590 Et
594 4542 745 4605 subscriptio
758 4544 823 4605 ejas.
855 4543 924 4592 neus
936 4557 980 4592 vos
992 4543 1125 4591 incolumes
1137 4540 1277 4599 custodiat,
1298 4541 1468 4594 dilectissimi
1479 4542 1535 4607 fl.

254 4621 329 4689 quod
347 4623 427 4675 abest
439 4640 455 4676 a
467 4622 568 4675 nostris
581 4640 642 4676 mss.
668 4622 800 4691 Sequitur
817 4622 845 4676 in
857 4624 890 4676 Fr
909 4623 955 4676 iol.
971 4622 1017 4676 737
1037 4626 1101 4676 Item
1113 4626 1233 4688 ejusdem.
1260 4624 1355 4686 Qualis
1367 4627 1468 4681 detes!
1481 4642 1551 4681 Μ·

251 4715 344 4773 praetor
362 4714 492 4761 ecclesiae.
525 4714 665 4777 Dilipenter
683 4715 882 4775 inoestipaoiruas
901 4721 953 4765 etc:
978 4707 1053 4776 quod
1070 4707 1144 4760 infra
1160 4704 1263 4773 fragm.
1277 4711 1314 4761 48
1332 4708 1534 4780 produoemtn.
1566 4710 1569 4715 ’

322 4793 342 4853 7)
360 4792 403 4845 tta
421 4791 452 4856 Q'
468 4792 515 4857 Q²;
535 4794 554 4845 Z
574 4799 725 4853 Brundusii,
745 4794 792 4847 alii
810 4794 878 4847 editi
897 4798 1042 4850 Brendesii.

321 4878 342 4942 ²)
361 4877 404 4928 tta
422 4875 453 4940 Q'
469 4876 503 4940 Q²
516 4879 548 4941 Z3
567 4882 595 4931 a’
608 4883 633 4932 07
651 4885 800 4947 tipnoacctis.
831 4879 882 4933 Hic
899 4878 1036 4944 innuitur,
1053 4876 1194 4933 imiannm
1212 4876 1251 4931 ab
1269 4875 1338 4949 ipso
1351 4879 1535 4937 Gelasio&-
1575 4908 1578 4945 ι

255 4975 317 5014 mac
336 4959 493 5015 ordinatum
512 4980 579 5015 csse.
1571 4958 1578 5041 7

1383 5135 1402 5165 Ι
