3204 5506
342 345 521 395 nersronn
545 336 594 393 tt.
639 346 782 393 nor1r1a
807 347 917 396 nrtsr.
942 348 1014 397 non
1035 351 1135 399 nxsr.
1306 308 1364 411 1i1

65 506 137 562 serio
164 505 255 560 llilari
287 504 339 561 die
372 504 480 561 babilae
504 506 661 562 interfuere.
703 506 740 562 tbi
776 525 838 563 rere
870 508 990 565 discussa
1020 511 1130 566 llerrnae
1156 528 1235 567 cansa
1263 512 1366 569 Hilarus

64 592 98 647 tle
119 588 181 661 ejus
208 592 443 646 conversatione
471 592 541 648 nibil
564 593 675 649 itabens
701 594 826 666 ambipui
850 596 1012 655 aestimavit,
1040 595 1116 650 illurn
1143 599 1195 652 bos
1220 615 1292 669 piros
1317 617 1366 654 ar·

10 716 13 753 ξ
64 683 171 752 parerat
193 691 361 734 excessus
383 679 544 733 incurrisse
561 683 658 749 potins
677 696 763 751 quam
781 678 899 750 fecisse.
937 679 964 734 ln
986 681 1135 753 epristolatl
1157 681 1189 736 ale
1211 682 1260 736 hac
1283 699 1312 737 re
1334 682 1365 737 ad

66 760 273 836 pnedictarnm
299 761 509 835 provinciarum
528 764 670 836 episcopos
692 762 753 817 alata
769 762 855 819 simul·
869 762 1099 838 signiticatfqnid
1116 766 1148 821 tle
1160 768 1224 838 'ipsa
1240 767 1367 822 statuerit

67 845 199 921 synodus,
222 854 258 902 ut
278 854 398 902 sartum
421 854 521 902 teetnrn
543 857 615 903 esset
635 847 742 904 conscilii
763 847 869 903 Nicaeni
891 847 1038 911 decretura,
1061 867 1114 923 qne
1136 855 1253 913 caretur.
1277 867 1311 906 ne
1331 853 1367 906 de

70 936 184 989 cisitme
199 935 231 988 in
249 935 414 988 civitatem
431 937 582 990 transeant
597 935 641 990 oei
655 937 809 1007 episcopus
825 936 869 991 uel
878 935 1036 1007 presbyter
1052 936 1094 991 ecl
1109 937 1257 992 diaconus.

698 1062 758 1127 ΠΙ.

72 1192 99 1228 a.
113 1171 177 1230 463
195 1175 278 1229 circ.
297 1174 366 1227 init.
406 1170 517 1227 Leontii
529 1171 710 1228 Arelatensis
730 1174 770 1228 ad
788 1189 813 1228 s.
828 1174 965 1230 Hilarum
978 1191 1086 1245 papam
1102 1175 1215 1230 libellus
1230 1174 1265 1229 de
1283 1176 1366 1230 resti·

229 1257 358 1313 tuendis
374 1256 555 1313 Arelatensis
569 1259 712 1314 ecciesiae
724 1261 872 1329 paroeciis
883 1260 996 1329 pridem
1012 1260 1157 1314 abscissis.

157 1359 199 1414 Asi
216 1353 355 1430 ejtrsdent
372 1356 504 1431 epistolae
519 1358 538 1414 8
554 1359 653 1414 calcent
669 1358 773 1413 llilarns
790 1360 908 1414 trienninit
927 1358 1006 1414 oblati
1023 1358 1072 1414 silri
1090 1358 1180 1415 libelli.
1202 1376 1256 1431 qne
1273 1358 1366 1415 orabat

76 1444 214 1506 leontius,
230 1446 372 1516 pristino
389 1445 460 1515 juri
479 1447 591 1500 restitui
608 1447 766 1515 paroecias
780 1447 959 1500 Arelatensis
977 1448 1118 1500 ecclesiae
1137 1446 1367 1516 praedecessore

78 1548 124 1587 etto
137 1531 268 1587 Heloria
285 1533 320 1586 in
337 1531 414 1585 alios
429 1531 597 1584 translatas.
626 1528 685 1583 Sed
693 1531 894 1585 moderaminis
909 1533 1062 1599 apostolici
1076 1545 1222 1599 memores,
1240 1530 1284 1590 ait,
1298 1529 1365 1600 sra-

79 1620 209 1673 lcrnitati
223 1622 353 1674 uestrae
368 1615 517 1687 querelam
532 1616 623 1685 ipsius
638 1617 797 1670 remisimus
812 1616 992 1669 audiendam.

705 1741 762 1807 IV.

78 1875 102 1911 o.
118 1854 181 1912 463
198 1860 279 1910 unte
302 1868 397 1908 mens.
415 1850 529 1908 Octobr.
570 1851 713 1908 Grrrrdnici
732 1854 863 1924 rrrcapislri
877 1853 992 1908 nlilitum
1014 1853 1053 1906 ad
1068 1868 1092 1907 s.
1109 1852 1243 1907 Hilarum
1256 1870 1366 1924 papam

232 1939 390 1995 incusatio
406 1937 441 1992 de
456 1941 643 2013 uprrpotione
658 1938 783 2009 qnondam
794 1952 821 1992 s.
838 1936 981 1992 Mamerti.

155 2041 223 2097 llox
238 2058 264 2095 s.
273 2039 427 2095 Mamertus
434 2038 591 2094 Viennensis
605 2039 718 2123 aptistes
734 2038 881 2093 multornrn
897 2038 946 2093 sibi
961 2037 1084 2093 inuidiam
1100 2038 1225 2093 corillavit
1241 2037 1365 2093 ordinato

77 2128 165 2183 lieensi
181 2128 343 2201 episeopo,
360 2139 441 2197 quent
457 2124 498 2178 sni
514 2139 574 2179 esse
591 2122 661 2194 juris
677 2122 805 2179 Leontius
822 2122 985 2178 Arelatensis
1001 2122 1106 2195 praesul
1123 2121 1268 2183 asserebat.
1289 2131 1316 2177 et
1333 2139 1366 2177 er

76 2230 105 2268 eo
119 2214 243 2268 maxime
261 2219 403 2282 tempore,
420 2225 474 2282 quo
489 2224 552 2263 sitas
567 2210 675 2281 utrique
691 2208 817 2264 ecclesias
833 2206 887 2262 bea
903 2207 1061 2263 attribuerat
1077 2207 1190 2280 epistola
1206 2206 1245 2262 ab
1262 2206 1293 2260 ad
1310 2208 1365 2279 epi·

75 2315 167 2373 ‘carpos
181 2293 363 2369 metropolis
380 2292 541 2348 Arelatensis
556 2291 625 2348 slata.
656 2291 750 2366 quue
765 2310 807 2348 res
823 2295 965 2365 processit,
982 2301 1012 2347 nt
1027 2294 1066 2345 vir
1081 2291 1193 2346 illustris
1210 2291 1365 2346 Guntlnicns

72 2384 284 2438 sanissimum
302 2380 392 2434 virum
411 2376 544 2433 dillamare
559 2378 595 2434 sit
610 2394 690 2433 ausns
706 2377 802 2434 litteris
821 2376 1007 2433 acerbissimis.
1041 2375 1091 2431 llas
1108 2376 1210 2431 litteras
1226 2394 1249 2431 s.
1259 2376 1364 2431 llilarns

71 2474 282 2524 commemorat
313 2461 429 2537 epistola
452 2462 470 2519 9
500 2462 549 2518 lrac
575 2464 716 2518 occasione
743 2463 774 2517 ad
803 2461 944 2517 Leontinrn
966 2461 998 2516 Vl
1018 2460 1080 2516 lrlns
1102 2459 1226 2516 Octobris
1255 2462 1363 2535 scripta.

70 2554 221 2622 Quantum
238 2553 306 2623 filii
319 2552 415 2604 nostri
435 2551 489 2604 uiri
506 2550 627 2604 illustris
647 2552 777 2622 rnnpistri
796 2550 914 2604 rnilitum
931 2547 1074 2603 Gurrduici
1091 2562 1221 2602 sermone
1236 2554 1279 2601 est
1294 2548 1365 2602 indi-

67 2648 173 2708 catum,
199 2636 317 2710 inquit,
341 2634 514 2705 praedictos
533 2637 687 2706 episcopus
706 2636 800 2690 irruitis
815 2633 981 2701 deensibus,
1007 2637 1034 2687 ct
1049 2636 1098 2704 qui
1118 2633 1157 2686 ad
1177 2635 1366 2687 ecclesiarum

63 2728 129 2797 ejas
149 2736 345 2789 nnmerum,
370 2734 444 2790 quos
464 2721 492 2774 ei
514 2718 785 2788 apostolicaesedis
806 2719 953 2789 deputarit
974 2720 1149 2786 asertoritas,
1174 2758 1229 2771 ...
1254 2718 1365 2772 minime

59 2810 280 2882 pertinebant,
300 2805 400 2860 ltoslili
414 2818 499 2872 more,
517 2809 548 2858 ut
562 2804 676 2872 dicitnr,
695 2819 844 2873 ncerrpans
859 2806 1000 2857 ciuitatem
1012 2805 1176 2873 episcopum
1189 2816 1366 2857 consecrare

55 2894 297 2968 presumpsit.
332 2888 401 2942 'l'nna
417 2887 526 2961 indigne
543 2887 633 2942 lerens
649 2888 685 2941 ita
701 2887 803 2960 negligi
819 2888 900 2941 imina
917 2894 944 2940 rt
967 2887 1057 2959 sperni
1073 2886 1222 2940 decesseris
1244 2886 1285 2939 sni
1302 2902 1365 2941 corr-

56 2982 171 3042 stituta.
192 2974 356 3051 praecipit,
373 2979 403 3027 nt
414 2970 562 3044 insnnotlo,
579 2988 658 3045 quarn
674 2972 790 3045 singulis
807 2971 883 3026 arinis
899 2970 996 3026 lrabere
1009 2969 1159 3031 tenebatur,
1176 2969 1307 3025 Gunelnici
1324 2987 1366 3024 re·

53 3066 200 3122 lationem
226 3059 378 3119 discutiat,
399 3064 426 3111 et
446 3056 588 3129 compulsu
605 3056 732 3111 llamerto
755 3060 896 3112 rationem
912 3056 991 3127 sacti
1002 3058 1047 3111 sai
1065 3056 1117 3110 sub
1134 3059 1266 3111 uniuerso
1282 3061 1366 3110 coetu

49 3149 291 3223 frater-nitatis
308 3145 437 3215 ccipere,
455 3140 518 3215 qnid
534 3142 703 3215 exploratura
719 3140 809 3203 interit,
831 3145 951 3198 anartium
966 3142 1070 3197 litteris
1084 3155 1155 3196 suae
1171 3143 1278 3196 intimet
1293 3144 1364 3194 noti-

52 3240 118 3293 tiae
133 3232 216 3307 (llil.
234 3246 289 3304 ep.
308 3225 350 3300 9).

49 3462 82 3497 a.
102 3436 179 3496 454
206 3440 291 3491 ante
312 3431 342 3487 d.
359 3428 399 3486 25
415 3430 501 3486 Febr.
533 3430 751 3502 Episcoporum
776 3433 826 3502 qui
847 3432 881 3485 de
901 3446 924 3485 s.
941 3429 1076 3485 Mamerti
1096 3445 1188 3484 causo
1208 3431 1235 3483 in
1257 3430 1365 3501 synodo

237 3522 452 3591 coynooeroni,
468 3517 618 3571 decadem
634 3517 674 3570 od
686 3532 709 3571 s.
727 3516 862 3571 Hilarum
875 3533 985 3586 pnparn
1001 3517 1113 3569 relatio.

152 3618 319 3679 Mendetis,
342 3632 410 3689 qnae
437 3616 559 3680 slirimns,
588 3618 705 3690 acceptis
726 3615 855 3672 leontius
882 3615 1015 3689 syrtaalnrn
1037 3617 1202 3671 ctrnroeasit.
1237 3615 1304 3669 liunt
1320 3614 1366 3676 ibi.

50 3714 134 3768 sicut
161 3703 384 3781 praescriptum
402 3701 496 3764 inerat.
523 3701 667 3756 llamertns
693 3703 719 3756 in
739 3700 841 3772 jaulicie
862 3703 969 3757 steterit
990 3701 1051 3756 lacti
1073 3702 1113 3755 sni
1132 3701 1263 3755 rationem
1279 3699 1366 3755 reddi·

51 3806 157 3856 turne,
178 3788 272 3845 valde
291 3794 334 3841 est
350 3787 490 3842 incertum.
523 3786 621 3841 Verum
637 3803 705 3859 quae
721 3785 807 3842 delata
825 3786 913 3841 llilaru
931 3786 1044 3848 inerant,
1067 3786 1185 3858 episcopi
1201 3784 1236 3839 ibi
1251 3802 1367 3858 congre·

52 3882 119 3957 gali
138 3875 260 3953 parlim
278 3872 334 3945 ipsi
348 3870 445 3926 litteris
465 3887 514 3945 per
529 3872 675 3926 intertium
697 3872 852 3944 episcopnnt
875 3872 962 3925 missis
979 3868 1180 3931 confirmarunt,
1203 3877 1232 3923 nt
1247 3887 1278 3925 ex
1295 3870 1367 3924 illins

52 3967 149 4041 epist.
173 3960 234 4021 10,
261 3972 318 4030 qna
333 3955 449 4029 singulis
464 3956 620 4011 nominatim
636 3955 791 4029 respondet.
815 3955 891 4010 lacile
899 3955 1046 4029 colligitur.
1064 3953 1177 4009 Litteras
1193 3955 1283 4026 itaque
1299 3954 1366 4014 illas.

53 4056 99 4107 ait
116 4047 260 4106 llilarns.
279 4039 314 4095 ab
330 4041 446 4111 Antania
467 4041 604 4114 episcopo,
626 4056 706 4112 quem
721 4057 754 4094 es
774 4056 835 4095 sese
856 4040 1043 4112 delegauerant
1066 4047 1093 4093 et
1113 4040 1171 4111 ipse
1192 4046 1273 4093 tanta
1288 4041 1366 4111 lepa-

55 4140 147 4193 tione
164 4132 303 4203 dipnnm
323 4129 511 4196 interpretem
529 4123 672 4196 judicabat.
696 4123 746 4179 sibi
769 4124 876 4180 traditas
900 4124 973 4179 anna
993 4140 1022 4177 se
1034 4125 1219 4178 contristasse
1236 4124 1272 4177 nb
1298 4126 1368 4191 ipsis

56 4220 246 4276 contextus
268 4214 319 4267 sui
336 4212 498 4281 principiis.
523 4207 672 4283 Esquilias
690 4209 813 4265 nimirum
830 4213 915 4281 firma
931 4212 1091 4287 assertione
1107 4210 1244 4281 copraorit,
1267 4208 1366 4277 defini-

57 4309 168 4361 tiones
193 4316 212 4353 a
229 4302 347 4352 sanctae
361 4294 504 4349 memoriae
525 4296 678 4351 decessore
697 4312 750 4350 sno
765 4295 860 4350 leone
880 4296 915 4349 de
939 4295 1091 4351 Viennensi
1105 4296 1239 4364 episcopo
1255 4292 1367 4365 praesti-

58 4398 144 4447 tutas
170 4403 195 4441 a
221 4382 374 4438 Mamerto
396 4419 501 4435 .....
531 4380 864 4451 ροιαίεεᾳίναηεοεηάἰ,
890 4378 986 4452 quilius
1009 4386 1096 4432 tamen
1118 4376 1176 4447 ejus
1197 4374 1366 4431 decessorem

58 4476 156 4531 immo
175 4476 212 4525 et
222 4464 377 4521 Leontium
392 4462 519 4520 hactenns
534 4465 644 4520 stetisse
659 4472 806 4520 constaret.
829 4464 896 4519 Tum
912 4465 939 4519 in
955 4464 1109 4518 memoriani
1125 4478 1261 4524 revocans,
1277 4463 1366 4535 dipni·

61 4565 163 4615 tatem
194 4550 379 4609 Viennensis
396 4551 537 4604 ecclesiae
552 4550 731 4605 Arelatensis
746 4553 880 4605 antistitis
901 4551 1044 4622 parandam
1060 4549 1289 4620 transpressione
1305 4563 1368 4602 crc-

10 4654 15 4661 '
62 4648 158 4711 risse,
180 4645 214 4695 et
227 4651 292 4709 pro
304 4635 497 4706 compendia
514 4650 589 4707 quere
601 4649 759 4706 perperam
774 4636 959 4707 parabantur,
982 4634 1138 4689 inviolabili
1148 4639 1251 4704 postea
1265 4634 1365 4703 defini-

62 4733 151 4785 tione
169 4721 384 4794 composr‘tum,
406 4732 442 4773 ne
462 4721 537 4775 alter
556 4722 696 4793 inplorins
712 4721 788 4774 alter
809 4723 838 4774 in
855 4725 941 4775 totam
958 4721 1048 4774 ueteri
1061 4719 1170 4774 bonore
1186 4722 1368 4789 reperiretur

64 4818 208 4873 curtina
231 4803 323 4867 adbit,
348 4818 384 4857 ex
399 4800 497 4857 eudem
518 4802 614 4860 litteris
637 4813 665 4861 et
680 4804 789 4859 Antonii
805 4805 923 4877 episcopi
939 4803 1070 4858 relatione
1087 4801 1187 4875 patere,
1211 4802 1367 4857 llamertunr

64 4897 237 4971 pririlepio
267 4890 365 4945 cer-tit
393 4889 529 4945 conclusa
550 4893 678 4946 terminis
702 4891 772 4946 nelle
796 4890 921 4962 perdere
938 4891 1008 4962 plus
1031 4889 1160 4957 nolendo,
1190 4891 1240 4960 qui
1259 4889 1367 4944 abusus
