3204 5506
581 377 776 427 smsronss
800 370 828 427 2.
852 370 880 426 3.
1305 366 1366 431 179

81 530 245 616 quidquid
283 536 360 596 ante
394 552 429 596 se
461 531 659 616 principibus
689 533 743 616 pia
772 537 821 596 est
848 533 1002 596 traditum
1029 533 1176 597 lectione.
1227 533 1289 598 Illa
1317 539 1471 600 estatis.

81 655 230 718 namque
252 634 440 717 perennitas
462 634 617 719 regnique
640 656 698 719 per
719 635 834 699 seriem
856 635 1067 721 propaganda
1083 636 1313 721 posteritas¹¹),
1338 639 1365 701 si

81 736 118 799 in
143 756 331 800 successore
352 736 521 821 reperitur,
544 736 628 821 qnod
650 760 669 800 a
691 736 935 821 praedecessore
957 738 1131 802 descendit.
1343 819 1350 825 ι

172 839 205 903 3.
252 838 375 903 Hortor
396 860 484 924 ergo,
514 838 615 903 frater
638 839 811 922 carissime,
842 843 878 903 ut
904 841 1006 904 modis
1029 839 1175 903 omnibus
1197 840 1365 905 faciendae
1418 910 1423 927 Ι

81 940 203 1023 synodi
231 962 453 1024 perversorum
480 941 648 1006 conatibus
670 943 847 1024 resistatur,
877 964 957 1026 quae
980 965 1045 1005 non
1069 942 1148 1004 alins
1170 963 1296 1026 semper
1316 945 1364 1007 in·

80 1042 176 1105 dicta
198 1047 260 1125 est,
284 1042 348 1107 nisi
369 1065 466 1127 quum
487 1042 608 1127 aliquid
630 1044 665 1107 in
688 1043 795 1127 pravis
821 1044 967 1107 sensibus
989 1066 1107 1108 novum
1129 1047 1185 1107 aut
1207 1045 1242 1109 iu
1264 1068 1364 1108 naser-

80 1145 175 1208 tione
199 1144 389 1230 dogmatum
412 1145 542 1210 emersit
564 1145 765 1230 ambiguum:
788 1147 880 1210 utin
905 1167 1072 1210 commune
1086 1147 1312 1231 tractantibus
1337 1149 1365 1211 si

79 1267 168 1331 quae
198 1249 286 1310 esset
311 1247 500 1330 obscuritas,
529 1247 737 1312 sacerdotalis
765 1248 1004 1312 deliberationis
1031 1248 1228 1313 illuminaret
1256 1252 1364 1312 aucto-

78 1349 181 1431 ritas3
217 1348 304 1413 sicut
337 1349 474 1433 primum
504 1349 575 1414 Arii
605 1371 643 1414 ac
672 1349 786 1414 deinde
814 1350 966 1432 Nestorii,
995 1352 1189 1433 postremum
1218 1350 1363 1415 Dioscori

77 1455 181 1536 atqme
212 1449 406 1534 Eutychetis
441 1451 510 1515 fieri
547 1452 654 1537 coegit
686 1452 846 1537 impietas.
895 1452 940 1516 Et
966 1490 1009 1501 -
1036 1453 1119 1537 qnod
1147 1453 1364 1517 misericordia

77 1552 207 1619 Christi
224 1551 289 1616 Dei
312 1553 412 1617 nostri
434 1553 603 1617 salvatoris
620 1556 760 1625 avertat!
777 1593 818 1603 —
840 1554 1055 1618 intimandum
1072 1558 1131 1637 est,
1149 1556 1364 1620 abominabile

74 1658 309 1739 esse,‚eontra
330 1656 507 1719 sententias
529 1656 628 1720 totius
651 1656 736 1720 orbis
749 1655 879 1720 Domini
902 1656 1103 1720 sacerdotum
1126 1658 1159 1719 et
1181 1657 1363 1741 principum

72 1759 253 1842 utriusque
276 1759 437 1822 rectorum
465 1757 683 1843 damnatos¹²)
707 1760 884 1841 restituere,
912 1759 1021 1823 reduci
1044 1760 1178 1837 exsules,
1202 1759 1363 1844 relegatos

71 1861 159 1946 iu¹³)
186 1859 301 1925 causis
324 1859 469 1923 nefariae
492 1859 743 1924 conversationis
766 1861 900 1925 absolvi.
946 1861 1068 1945 ltaque,
1093 1860 1176 1944 quod
1199 1883 1293 1944 saepe
1316 1882 1362 1924 re

11 1980 14 1985 '
67 1962 262 2048 petendum
293 1965 359 2045 est,
389 1961 469 2026 haec
496 1962 605 2026 omnia
633 1962 888 2027 clementissimis
917 1964 1046 2027 auribus
1074 1963 1262 2047 suppliciter
1288 1964 1362 2027 inti-

67 2070 173 2129 mato.
216 2062 346 2128 Veniet
365 2065 474 2147 procul
497 2063 593 2128 dubio
608 2065 694 2128 llcus
718 2065 750 2127 in
774 2064 967 2147 adjutorium
989 2066 1192 2151 nostnrni¹⁴),
1217 2066 1250 2128 iu
1275 2065 1363 2147 cujus
1376 2039 1456 2173 {ff}

64 2191 172 2233 manu
206 2167 304 2251 regis
339 2186 394 2229 cor
426 2169 497 2228 ease
531 2168 675 2230 retinens
710 2169 919 2231 constitutum
954 2168 1122 2250 potestatis
1156 2189 1232 2230 suae
1260 2168 1364 2231 nescit

62 2268 211 2335 aliunde
236 2267 448 2353 principium.
495 2267 580 2331 Data
603 2270 763 2356 quinto¹⁵)
786 2269 861 2333 ldus
882 2269 1041 2333 ianuarii.

562 2520 566 2539 .
605 2456 787 2559 Epistola
813 2458 847 2539 3.

294 2606 474 2692 Simplicii
498 2626 608 2693 papae
630 2609 673 2694 ad
696 2610 911 2697 Basiliscum
937 2607 1153 2691 Augustum.
1265 2614 1269 2623 '
1373 2602 1493 2656 enred.

1380 2677 1391 2723 1
1413 2670 1442 2722 ,J
1461 2689 1486 2724 n.

18 2756 42 2803 6.
92 2750 292 2803 Salutationir
309 2750 395 2812 officio
415 2750 518 2813 functus
540 2749 662 2799 Timothei
686 2750 777 2799 Aeluri
798 2758 848 2798 tom
869 2752 895 2798 in
910 2749 1090 2799 Alexandrino
1113 2768 1185 2815 quarn
1208 2754 1233 2799 in
1256 2754 1329 2815 nepio
1394 2676 1411 2724 ⁰
1443 2687 1460 2724 a

92 2822 217 2888 civitate
235 2836 335 2899 impiae
346 2835 484 2884 molitiones
496 2833 640 2897 Simplicius
651 2842 765 2884 erronei.
794 2835 893 2884 Drinde
905 2835 1036 2883 lilarcioni
1053 2852 1085 2884 ac
1097 2837 1192 2886 Leonis
1205 2839 1328 2900 eseniplis

93 2924 129 2975 oh
151 2923 257 2973 ocutos
274 2920 368 2983 positis
384 2921 563 2983 imperatorem
575 2919 702 2977 bortatur,
721 2925 746 2967 nt
765 2920 909 2969 decessoris
921 2921 961 2967 sni
972 2921 1095 2983 epistolas
1107 2928 1247 2979 recensent,
1267 2937 1328 2970 irene

93 3026 141 3071 ea,
164 3021 245 3073 qnae
266 3005 293 3052 in
306 3002 505 3054 Calchedonenri
520 3006 618 3068 synodo
637 3012 687 3054 tom
705 3005 866 3054 considerate
885 3006 1028 3057 constituta.
1047 3007 1188 3054 retraetari
1203 3006 1326 3068 potiatur.

95 3094 160 3145 Sed
185 3097 257 3141 arete
281 3090 364 3139 omnio
387 3089 584 3139 Alercandrinoe
606 3090 728 3139 ecelesiae
750 3090 811 3152 paci
833 3090 961 3150 consulat,
991 3092 1123 3153 proprium
1147 3092 1171 3138 ei
1191 3090 1328 3138 restituens

315 3175 460 3239 episcopum
477 3180 501 3224 et
521 3174 642 3224 Asturum
659 3175 683 3223 in
702 3175 835 3238 pristinum
852 3175 969 3224 exsilium
987 3176 1135 3224 nnrondons.

216 3305 478 3394 vBasilisoo¹)
500 3307 679 3391 Augusto
702 3305 930 3389 Simplicius
954 3307 1172 3390 episcopus.

161 3433 196 3494 1.
240 3425 399 3510 euperem
422 3425 559 3510 quidem,
583 3430 739 3510 quantum
763 3426 802 3489 ad
825 3447 914 3489 meac
937 3432 1062 3509 spectat
1085 3426 1261 3490 devotionis
1277 3426 1361 3490 arbi-

55 3535 194 3613 trium,
229 3550 298 3613 qua
325 3527 486 3612 principes
508 3527 709 3593 Christianos
733 3528 804 3612 jugi
835 3530 1040 3592 veneratione
1069 3529 1217 3612 suspicio,
1253 3528 1361 3592 debita

57 3632 197 3721 pietati
232 3632 364 3693 vestrae
390 3630 552 3694 continuis
585 3631 693 3694 officia
725 3629 851 3699 deferre¹
882 3630 1055 3713 colloquiis.
1107 3630 1168 3695 Sed
1197 3653 1293 3714 quum
1321 3630 1360 3694 ad

58 3738 173 3821 hujus
199 3731 397 3797 intentionis
426 3736 634 3817 augmentum
662 3732 759 3795 etiam
788 3753 897 3794 sacrae
926 3754 1001 3795 cura
1030 3733 1193 3816 religionis
1217 3734 1359 3816 accedat,

141 3926 182 3990 ¹¹)
202 3921 241 3973 (³¹
263 3922 391 3989 corrupte
409 3925 569 3988 posteritatis
585 3926 612 3972 in
629 3938 777 3973 successore
794 3925 949 3988 reppererit.

142 4011 183 4076 ¹²)
202 4008 232 4059 οἳ
252 4003 332 4058 addit
347 4024 407 4060 reor
424 4006 453 4059 et
469 4020 534 4058 mox
552 4005 639 4058 habet
656 4010 714 4057 duci
730 4020 781 4072 pro
799 4010 896 4057 reduci.
919 4005 1010 4056 Antea
1028 4005 1092 4072 post
1104 4002 1217 4057 verbum
1231 4011 1361 4075 utriusque

62 4091 259 4149 subauditur
276 4093 353 4145 orbis.

144 4180 184 4243 ¹³)
203 4175 253 4229 lta
269 4173 305 4227 (Ρ
318 4174 368 4241 G‘3
390 4174 437 4228 alii
454 4181 480 4228 in
498 4194 576 4227 conso
593 4178 711 4241 nefariae
729 4180 923 4242 conjurationis.
948 4172 1024 4225 Talis
1042 4173 1152 4240 quidem
1172 4173 1312 4226 Timothei
1332 4175 1360 4227 et

65 4265 224 4318 sociorum
245 4259 401 4328 conjuratio
419 4258 585 4313 describitur
600 4259 629 4311 iu
641 4257 844 4327 Aegyptiorum
858 4258 1050 4325 episcoporum
1070 4260 1098 4309 et
1112 4257 1358 4312 Alexandrinonun

66 4350 253 4403 elericomm
275 4343 398 4413 epistolis
424 4362 510 4414 qutun
537 4345 574 4397 ad
596 4343 718 4396 Leonem
741 4344 895 4411 Augustum
918 4344 977 4395 tum
1001 4342 1035 4395 ad
1059 4342 1218 4395 Aristoliuru
1241 4343 1360 4412 scriptis,

67 4449 152 4501 quae
171 4429 320 4484 habentur
336 4444 412 4483 eone.
432 4428 560 4483 Calched.
579 4430 652 4497 part.
667 4428 705 4481 lll
723 4445 784 4498 cap.
797 4434 830 4481 22
843 4429 872 4480 et
883 4435 925 4480 2¹3.

147 4518 185 4582 ¹⁴)
204 4514 253 4567 lta
269 4513 305 4568 [il
318 4513 362 4568 (Ρ.
397 4513 473 4566 Editi
490 4523 597 4567 uestrum
670 4535 715 4568 cor
733 4520 802 4581 repis
875 4519 979 4566 nesciat.

147 4603 187 4669 ¹⁵)
205 4602 234 4653 οἵ
253 4597 290 4653 ad
307 4615 395 4667 marg.
410 4604 464 4653 Atii
479 4603 520 4653 VI
533 4603 667 4653 Kalendas
680 4603 842 4652 Februarias.
874 4597 928 4651 Sed
941 4616 974 4651 ex
986 4597 1094 4651 dualnrs
1111 4598 1291 4666 sequentibus
1305 4599 1361 4668 epi-

71 4687 161 4742 stolis
181 4683 333 4738 marriiestc
349 4678 467 4752 patebit,
485 4683 556 4738 hanc
574 4700 709 4737 unacum
727 4683 781 4735 illis
799 4683 910 4735 missam
924 4670 1015 4746 luisse,
1034 4700 1124 4752 neque
1138 4684 1208 4737 adeo
1221 4683 1360 4737 immerito

72 4768 295 4843 primogeniam
312 4767 459 4822 lectionem
477 4769 600 4823 retineri.

150 4860 174 4924 ¹)
192 4854 240 4908 lta
256 4853 304 4919 N‘‚
326 4854 370 4907 eni
392 4853 512 4909 concinit
530 4853 662 4908 historica
679 4853 755 4907 fides.
792 4853 825 4907 Gt
838 4856 863 4906 a¹
886 4858 982 4906 Zenoni
998 4858 1125 4920 Arepnsto,
1155 4871 1274 4921 moxque
1293 4852 1360 4907 editi

75 4960 205 5010 serapio.

981 5031 988 5045 ‘
1092 5027 1157 5088 12*
