3204 5506
559 127 561 130 ⁴
652 122 821 170 11111111
845 113 874 169 6.
1333 99 1394 166 691

118 279 257 360 praeter
279 276 466 342 clericoset
487 275 630 360 captivos
653 279 748 359 atque
770 274 972 359 peregrinos:
1000 295 1042 339 ne
1065 273 1168 338 malac
1189 271 1499 337 sansonesca.

117 377 332 444 ministretur
346 377 482 460 occasio,
504 399 602 462 quum
617 377 804 442 liberalitati
813 376 853 463 52)
867 376 955 440 mille
972 375 1034 440 alia
1049 362 1167 440 itinera
1181 377 1395 440 reserventur.

744 512 783 576 V.

208 617 267 682 115.
306 616 390 682 Sane
411 616 586 700 tantum⁵³)
616 615 727 679 domus
754 614 790 678 in
817 613 1011 699 quibuslibet
1037 613 1168 677 urbibus
1191 614 1395 695 constitutae,

126 715 265 802 quarum
287 721 406 782 statum
428 738 558 782 necesse
581 719 630 780 est
652 737 791 800 expensa
812 738 880 781 non
894 715 1019 780 modica
1033 716 1220 798 sustentari,
1244 716 1396 800 acceptis,

127 818 155 883 si
177 819 287 884 offerri
310 820 493 904 contigerit,
517 818 576 883 sub
588 819 677 901 justa
693 818 915 883 aestimatione
930 817 1096 900 reditibus,
1120 821 1153 882 et
1167 817 1269 882 divini
1283 817 1398 882 timore

125 920 242 1004 judicii
265 925 509 986 commutentur.

218 1126 268 1189 16.
303 1125 378 1190 Pari
401 1125 499 1189 etiam
521 1124 728 1189 ecclesiarum
756 1145 813 1208 per
839 1146 949 1189 omnes
971 1123 1136 1189 Romanae
1161 1125 1302 1191 civitatis
1323 1127 1399 1191 titu-

125 1227 195 1310 los,
224 1227 280 1311 qui
307 1231 384 1292 sunt
405 1227 582 1311 presbyteri
611 1227 659 1290 vel
688 1225 868 1311 quicunque
889 1226 1026 1309 fuerint,
1065 1227 1225 1312 adstringi
1254 1228 1399 1294 volumus

126 1329 205 1414 lege
228 1328 389 1393 custodes:
418 1329 492 1416 quia
514 1328 607 1392 nefas
629 1328 717 1393 dictu
739 1332 788 1393 est
795 1377 804 1410 ,
828 1327 1041 1412 obligatione,
1065 1350 1128 1414 qua
1150 1351 1184 1393 se
1206 1350 1263 1413 per
1286 1331 1399 1395 carita·

125 1435 200 1496 tem
228 1429 347 1496 Christi
375 1431 538 1495 connectit
571 1452 712 1494 summus
740 1429 902 1514 pontifex,
941 1452 978 1494 ea
1005 1429 1167 1494 hominem
1200 1433 1332 1497 secundi
1364 1435 1399 1497 in

126 1531 280 1597 Ecclesia
294 1533 414 1597 ordinis
429 1554 494 1597 non
509 1532 624 1596 teneri.
648 1530 834 1616 Quicunque
849 1535 959 1596 tamen
974 1531 1093 1596 oblitus
1101 1531 1141 1618 14)
1156 1531 1217 1597 Dei
1233 1537 1266 1598 et
1280 1534 1400 1599 decreti

127 1635 230 1718 hujus
251 1635 425 1718 immemor,
451 1634 540 1717 cnjus
557 1632 721 1697 Romanae
744 1633 884 1697 civitatis
907 1633 1085 1699 sacerdotes
1107 1633 1253 1699 volumus
1274 1636 1400 1722 religio·
1511 1690 1521 1714 ,

128 1737 178 1802 sis
200 1737 334 1801 nexibus
357 1736 522 1818 devinciri,
545 1737 580 1799 in
596 1735 806 1799 constitutum
820 1756 973 1820 praesens
990 1736 1204 1819 committens,
1227 1737 1401 1822 quidquam

128 1839 172 1903 de
198 1839 271 1921 jure
297 1837 464 1902 titulorum
496 1837 547 1901 vel
579 1837 731 1901 eeclesiae
760 1837 903 1921 superius
931 1838 1096 1923 praefatae
1124 1838 1266 1924 quolibet
1296 1840 1399 1923 moda,

128 1944 261 2024 praeter
284 1961 405 2022 aurum,
430 1943 598 2023 argentum
623 1938 672 2002 vel
687 1959 841 2022 gemmas,
866 1943 970 2004 vestes
993 1962 1126 2025 quoque,
1151 1940 1179 2004 si
1194 1944 1280 2023 sunt,
1303 1941 1354 2005 vel
1374 1942 1401 2005 si
1426 2021 1432 2033 .

128 2042 330 2106 accesserint
346 2040 452 2125 aliqua
460 2042 500 2125 55)
516 2040 647 2104 mobilia
663 2040 701 2103 ad
718 2046 908 2105 ornamenta
923 2041 1032 2106 divina
1047 2041 1178 2105 minime
1192 2042 1400 2126 pertinentia,

126 2147 288 2229 perpetuo
306 2142 395 2225 jure,
426 2142 568 2226 exceptis
591 2142 759 2207 dumtaxat
785 2143 844 2207 sub
872 2143 1018 2227 praefata
1042 2140 1222 2207 conditione
1245 2144 1400 2229 domibus,

127 2246 277 2310 alienare
299 2244 486 2308 tentaverit:
514 2243 660 2326 donator,
685 2244 843 2308 alienator
864 2266 902 2308 ac
917 2244 1064 2309 venditor
1085 2244 1215 2309 honoris
1237 2247 1287 2311 sui
1309 2247 1402 2311 amis·

126 2348 226 2413 sione
247 2345 428 2410 mulctetur.

728 2447 791 2512 VH

224 2553 271 2616 lt.
306 2550 485 2632 Praeterea,
509 2551 563 2635 qui
585 2550 715 2635 petierit
736 2553 791 2613 aut
813 2550 983 2633 acceperit,
1007 2550 1105 2635 vel⁵⁶l
1128 2551 1181 2636 qui
1204 2552 1403 2637 presbytero·

128 2677 208 2720 rum
230 2657 286 2716 aut
307 2651 512 2716 diaconorum
535 2673 590 2716 seu
612 2651 815 2716 defensorum
837 2650 928 2714 danti
950 2651 1190 2736 subscripserit,
1218 2676 1280 2738 quo
1302 2655 1403 2719 iratus

128 2757 223 2822 Deus
250 2753 374 2818 animas
401 2753 557 2837 percutit,
596 2752 801 2816 anathemate
828 2752 972 2815 feriatur.
1018 2751 1129 2837 Sitque
1152 2754 1325 2838 accipienti
1353 2756 1402 2819 vel

129 2856 349 2923 subscribenti
372 2855 410 2918 de
432 2855 576 2938 personis
599 2854 743 2937 superius
767 2852 1015 2937 comprehensis,
1042 2854 1075 2917 id
1098 2859 1147 2918 est
1169 2877 1247 2940 quas
1270 2855 1401 2921 anathe-

131 2962 222 3024 mate
250 2956 340 3022 feriri
368 2957 563 3038 censuimus,
597 2956 680 3039 11117)
704 2958 825 3019 statuta
847 2975 952 3039 poena
975 2956 1235 3040 contubernium,
1264 2962 1401 3042 servata,

206 3131 238 3196 12)
256 3127 357 3192 111111»,
375 3127 409 3180 ΕΞ
421 3131 570 3180 liberalitati
586 3132 627 3180 itte
646 3130 705 3189 alia,
724 3124 758 3177 Fd
772 3128 794 3177 c¹
809 3128 961 3177 liberalitate
979 3130 1020 3178 ille
1033 3131 1083 3178 ntia
1096 3125 1140 3193 (Fd
1154 3131 1204 3179 alie
1216 3130 1328 3195 temere),
1346 3128 1403 3182 vul·

133 3213 199 3284 gaii
216 3211 265 3267 alii
282 3229 344 3265 cum
362 3228 425 3264 mse.
445 3211 471 3263 H
489 3214 640 3264 liberalitati
656 3215 693 3262 illi
710 3215 769 3264 atta.
807 3208 862 3263 Sed
881 3208 942 3277 jam
965 3209 1080 3276 antiquo
1103 3210 1255 3276 scholiasti,
1282 3212 1403 3267 advenit

134 3296 323 3362 Constantius,
340 3294 519 3365 conplacuit
536 3295 606 3349 haec
623 3293 720 3359 lectio;
747 3293 885 3361 siquidem
902 3294 930 3346 in
949 3310 1003 3347 nno
1021 3295 1057 3347 Η3
1076 3296 1282 3365 superscripsit,
1304 3305 1343 3351 net
1359 3303 1404 3351 itta

134 3388 175 3437 ad
190 3388 291 3436 itinera.
327 3383 371 3435 lta
388 3396 453 3435 vero
472 3379 606 3434 mendosa
624 3381 665 3433 est
682 3377 712 3431 in
728 3378 789 3444 K¹²,
818 3379 850 3431 ut
871 3377 938 3431 nihil
962 3396 994 3433 ex
1019 3395 1052 3433 ea
1074 3383 1179 3433 certum
1198 3379 1289 3435 dicere
1307 3380 1403 3446 liceat;

134 3467 178 3523 ric
196 3466 271 3521 enim
287 3466 385 3520 hatrat:
409 3487 462 3518 cum
485 3469 601 3518 libertate
624 3471 666 3518 ille
684 3469 733 3516 alie
751 3470 838 3517 timere
856 3474 1026 3519 reserventur.
1066 3465 1097 3516 ln
1116 3482 1170 3518 uno
1190 3464 1274 3519 eliam
1293 3465 1401 3520 Coislin.

134 3550 257 3620 legimus
275 3571 328 3604 earn
340 3554 488 3604 liberalitati
505 3557 563 3603 illae
576 3555 643 3602 aliae
657 3561 748 3602 temere
761 3561 930 3603 reserventur.
951 3546 1125 3617 Quamquam
1142 3548 1254 3617 integra
1265 3549 1404 3604 videbitur

133 3635 230 3701 lectio,
248 3635 272 3688 si
288 3649 340 3704 pro
358 3641 425 3689 aliae
442 3645 536 3688 temere
553 3633 664 3702 legatur
681 3640 747 3686 ntiae
765 3644 860 3689 terrae.
894 3632 964 3687 Vide
982 3632 1056 3686 infra
1073 3632 1153 3703 epist.
1166 3641 1196 3688 lb
1214 3641 1278 3688 111.

206 3722 239 3790 ω)
257 3719 289 3773 ΒΙ
302 3719 324 3773 F
325 3722 337 3756 ⁶
356 3725 522 3774 tantummodo
539 3726 565 3772 in
583 3717 629 3785 (Fd
647 3721 701 3786 esc).
737 3717 802 3771 Mox
821 3721 844 3771 o¹
863 3722 997 3784 erajrtstibet
1014 3726 1051 3778 in,
1072 3717 1171 3772 deinde
1188 3717 1216 3770 h¹
1237 3723 1351 3785 auferri,
1369 3719 1414 3773 E²·

133 3805 284 3862 Ε’1111Ηιη
301 3808 477 3859 aestimatione
500 3803 545 3871 (al.
566 3806 777 3870 existimatione),
804 3803 853 3855 Η10
869 3807 1063 3866 committantur,
1094 3801 1142 3856 alii
1159 3809 1352 3861 commodentur.
1370 3835 1403 3844 -

133 3892 227 3946 Porro
244 3888 290 3944 hic
309 3889 406 3943 titulus
423 3888 452 3942 in
464 3887 562 3941 Η11113
579 3886 637 3941 sine
656 3886 832 3941 deductione
850 3885 937 3957 priori
954 3886 1081 3955 adjectus
1099 3888 1149 3951 est,
1168 3886 1208 3940 ita
1226 3890 1256 3941 ut
1275 3887 1404 3957 deinceps

133 3976 284 4031 titulorum
302 3991 433 4029 numerus
451 3988 505 4027 uno
523 3972 614 4026 minor
631 3973 673 4025 sit.

207 4061 239 4129 ⁵⁸)
257 4056 735 4122 lta131E²F²n¹H⁸H¹⁰K⁴h¹c·‚
754 4058 785 4110 ut
797 4057 980 4126 ctAgapetua
997 4055 1026 4109 in
1040 4056 1143 4126 epistt
1160 4075 1187 4110 n.
1201 4064 1223 4110 2.
1260 4059 1298 4110 At
1311 4061 1336 4111 c⁷
1346 4074 1402 4127 seq.

131 4152 273 4217 obligatus.
308 4143 395 4198 Paulo
413 4145 478 4197 anto
496 4141 531 4196 Fd
550 4163 604 4196 eam
621 4147 732 4197 homines
808 4162 858 4195 non
875 4147 965 4196 tinere.

206 4231 240 4299 ³⁸)
258 4228 291 4282 B¹
311 4234 421 4298 aliaque.

207 4319 240 4385 56)
259 4314 292 4368 11
313 4313 403 4368 omitt.
423 4319 472 4382 qut
516 4312 661 4367 Mallemns
684 4318 723 4365 ael
744 4317 784 4364 rut
805 4328 855 4364 sen
872 4320 910 4366 net
932 4316 1015 4365 alicui.
1059 4311 1123 4367 Mox
1146 4311 1192 4365 ΚΙΙ
1211 4317 1291 4375 datis,
1322 4312 1355 4365 Βι
1370 4311 1405 4366 l'l

129 4400 242 4477 (prima
260 4400 356 4466 manu)
375 4404 467 4462 dantis,
488 4397 587 4452 deinde
606 4398 639 4451 Βί
652 4397 686 4450 E²
704 4402 773 4467 qaod
788 4402 878 4453 iratus.

206 4488 239 4555 ³⁷)
258 4482 335 4538 Ediln'
352 4488 466 4537 instituta
484 4503 567 4552 poena
586 4487 798 4537 contubernalium
814 4491 929 4543 11111111,
953 4481 981 4534 11Ι
1000 4490 1027 4535 in
1043 4493 1140 4537 statuta
1155 4489 1234 4551 plena
1252 4480 1299 4550 (ad
1316 4498 1405 4551 marg.

123 4575 231 4648 pm)
251 4571 452 4626 contubernium:
482 4568 666 4622 emendantur
685 4565 858 4635 exscriptis,
881 4565 980 4634 quibus
1004 4566 1079 4621 favet
1101 4566 1226 4635 quamvis
1243 4567 1407 4622 mendosum

124 4654 261 4733 Agapsti
279 4652 414 4724 epistolae
432 4660 447 4705 ‘2
466 4653 614 4722 exemplar.

1136 4740 1205 4819 11*
