3224 5506
225 357 289 425 410
353 397 378 438 .—
701 379 728 427 s.
746 377 885 427 ernnsu
908 376 1021 427 prena

124 548 209 599 anae.
225 540 333 599 essent
355 554 478 613 causae,
504 553 586 596 nova
608 532 718 596 debuit
741 532 958 597 ecclesiastica
980 532 1148 616 provenire
1170 533 1333 598 discussio.
1359 525 1442 597 Ass
1455 506 1497 593 lli

224 636 257 701 in
287 637 448 699 hominem
476 635 700 719 imperatorem
729 656 878 718 peccasse
906 635 1111 717 dicebantur,
1140 635 1230 700 nulla
1257 612 1499 726 intervenit?te

224 739 344 823 synodo
367 737 462 821 dejici
485 737 673 822 debuerunt,
698 740 731 802 et
752 738 787 801 iu
810 736 923 820 Deum,
953 737 1008 821 qui
1030 760 1172 803 summus
1194 742 1228 802 et
1249 760 1340 803 verus
1359 740 1409 803 est
1452 734 1502 779 ΠΒ·

223 844 361 926 perator,
386 840 540 905 Acacium
556 839 795 923 delinquentem
810 840 1029 925 sinceramque
1052 841 1308 907 communionem
1329 824 1437 905 diuini
1454 832 1508 887 ΒΨ

224 942 428 1023 eramenti⁸⁰l
452 943 634 1007 studentem
649 942 782 1007 miscere.
799 965 870 1007 cum
884 941 1025 1027 perfidis,
1048 944 1224 1009 secundum
1238 943 1401 1029 synodum,
1432 911 1529 1021 (1¹92

223 1046 303 1111 haee
325 1049 374 1111 est
389 1047 540 1110 damnata
555 1044 700 1129 perfidia,
723 1069 789 1111 non
813 1046 981 1129 oportebat
1002 1045 1141 1130 expelli?
1163 1000 1529 1123 (11111111111111111111θῖν

222 1172 279 1235 per
301 1152 404 1213 cotum
426 1147 592 1214 Orientem
614 1148 779 1213 catholicis
802 1149 1018 1214 sacerdotibus
1034 1149 1165 1234 propria
1186 1150 1260 1214 sede
1283 1148 1432 1233 depulsis,
1449 1088 1529 1253 W}

222 1251 442 1316 indubitanter
464 1249 635 1315 haereticis
658 1250 874 1315 intromissis?
906 1250 1017 1316 Novae
1040 1254 1146 1317 certae
1174 1255 1268 1317 erant
1296 1236 1529 1334 111111111ςεῖ

221 1353 272 1418 his
295 1356 525 1437 corrsequeuter
546 1376 629 1418 nova
651 1354 791 1438 synodus
813 1352 997 1419 debebatur.
1043 1354 1107 1420 Cur
1134 1358 1214 1420 tuno
1241 1375 1309 1419 non
1339 1353 1474 1419 venitin

220 1458 371 1537 mentem,
395 1455 486 1520 utin
509 1456 626 1520 talibus
649 1457 753 1522 causis
774 1460 937 1540 peteretur
959 1479 978 1520 a
1000 1456 1147 1541 principe
1171 1456 1288 1522 saltem
1310 1456 1478 1543 qualiscun-

221 1580 282 1643 que
304 1558 442 1642 synodus
465 1558 670 1625 celebranda:
700 1563 734 1624 ut
757 1581 943 1644 quocunque
967 1560 1016 1624 vel
1040 1559 1182 1624 colorato
1199 1559 1323 1644 judicio
1345 1558 1482 1625 traditio

221 1661 273 1725 nis
295 1660 530 1726 ecclesiasticae
557 1662 675 1746 passim
698 1662 865 1747 pontifices
886 1661 1070 1726 viderentur
1091 1660 1276 1745 excludi⁸¹),
1300 1684 1370 1727 non
1392 1662 1486 1729 solum

222 1785 479 1849 quarumcunque
512 1763 637 1828 urbium
665 1765 860 1847 sacerdotes,
900 1764 955 1827 sed
988 1763 1227 1848 metropolitani
1261 1764 1488 1830 incunctanter

222 1865 408 1931 antistites?
451 1865 511 1930 His
533 1867 681 1931 ormribus
703 1889 800 1951 quum
823 1889 888 1931 non
912 1867 1031 1931 restitit
1052 1865 1260 1952 suggestione
1282 1888 1349 1951 qua
1378 1868 1490 1952 potuit,

223 1970 385 2034 consensit
406 1968 555 2048 Aeacius,
579 1969 841 2034 communicando
858 1971 992 2054 ermetis,
1016 1971 1068 2055 qui
1089 1969 1124 2034 in
1141 1968 1375 2035 catholicorum
1389 1969 1492 2035 locum

129 2067 207 2193 {⁰31}
221 2071 374 2138 haeretiei
402 2073 533 2136 fuerant
560 2072 735 2157 subrogati.
783 2072 954 2156 Apostolus
983 2075 1089 2138 autem
1111 2071 1200 2154 dicit,
1229 2093 1291 2137 rroa
1317 2078 1417 2137 solam
1445 2078 1495 2152 qut

155 2176 161 2203 ’
202 2177 356 2254 'sacrant
395 2180 449 2240 sed
480 2180 569 2239 etiam
607 2182 662 2255 qur·
690 2182 885 2257 consentiunt
913 2179 1120 2254 facientibus,
1161 2196 1232 2238 reos
1267 2173 1493 2241 indubitanter

221 2276 369 2342 adscribi.
414 2277 468 2343 An
490 2277 569 2342 haec
590 2277 682 2343 licuit
703 2277 858 2368 saeculari
881 2278 1045 2363 potestati,
1069 2280 1101 2342 et
1123 2275 1204 2342 actis
1226 2274 1350 2341 talibus
1374 2274 1493 2342 Acacio

203 2380 490 2463 ·consentiente⁸²)
513 2380 631 2464 absque
653 2380 718 2444 nlla
741 2381 871 2464 synodo,
895 2402 990 2464 quam
1012 2379 1082 2465 ipsa
1105 2400 1211 2443 rerum
1232 2378 1364 2443 novitas
1387 2379 1493 2465 exige·

219 2482 287 2566 bat,
311 2482 429 2566 absque
452 2481 535 2546 sedis
558 2484 751 2566 apostolieae
775 2482 1008 2547 consultatione
1030 2482 1198 2565 perficere3
1220 2482 1254 2545 et
1275 2480 1346 2545 sedi
1369 2484 1494 2566 aposto-

220 2585 301 2649 lieae
324 2605 389 2649 non
411 2584 512 2667 licuit,
541 2585 714 2649 secundrun
737 2588 881 2651 tenorem
903 2582 1015 2669 synodi
1039 2582 1309 2649 Calchedonensis
1334 2582 1370 2647 in
1393 2582 1492 2649 vetem

220 2685 329 2771 utique
353 2708 448 2751 causa
470 2690 502 2753 et
525 2688 622 2753 veteri
647 2688 820 2752 constituto
838 2688 933 2771 juxta
954 2684 1174 2750 definitionem
1193 2685 1363 2771 damnata,
1386 2685 1490 2751 inimi-

175 2874 177 2879 ,
221 2789 266 2853 cis
288 2789 401 2875 synodi
424 2788 693 2856 Calchedonerrsis
722 2790 875 2856 Acacium
904 2788 1192 2855 commrmicantcm
1221 2811 1240 2854 a
1270 2809 1331 2853 sua
1354 2808 1490 2855 commu·

219 2891 316 2957 nione
337 2891 518 2977 depellere?

213 3044 221 3059 .
306 2995 356 3059 13.
380 2994 443 3060 Sed
459 2995 623 3080 inquiunt:
647 2996 784 3061 Aeacius
800 2996 939 3080 principi
954 2995 1083 3059 obviare
1098 3016 1164 3060 non
1178 2994 1295 3079 potuit.
1321 2992 1488 3061 6111Βωί-

219 3096 307 3179 lisco,
331 3098 406 3182 quia
428 3099 538 3181 voluit,
562 3098 726 3162 obviavit?
748 3098 811 3163 Cur
833 3098 895 3181 ipsi
911 3097 1043 3180 Zenoni,
1066 3119 1108 3161 ne
1130 3095 1237 3181 palam
1260 3095 1362 3162 Petro
1378 3096 1487 3161 Antio

220 3199 331 3281 cheno,
356 3201 499 3283 quamvis
521 3200 706 3271 latenter⁸³l
729 3199 789 3264 hoe
812 3197 935 3280 feeerit,
966 3194 1200 3262 communicare
1222 3196 1398 3279 videret-ur,
1425 3219 1487 3263 non

219 3302 431 3365 commodavit
453 3301 641 3366 assensum?
671 3301 755 3365 Eece
778 3301 947 3364 resultanti
969 3323 1033 3364 non
1056 3298 1177 3364 institit
1195 3300 1388 3384 imperator,
1418 3320 1488 3365 ecce

219 3403 283 3465 vim
304 3402 427 3467 nolenti
451 3426 516 3467 non
532 3403 652 3486 intulit,
677 3425 750 3466 ecee
765 3402 939 3486 refugienti
956 3402 1108 3488 contagia
1122 3400 1298 3467 manifesta
1314 3401 1487 3468 concessit!

218 3502 383 3568 Postremo
407 3508 575 3569 curtante
598 3509 751 3588 tempore,
782 3527 878 3588 quum
900 3506 964 3570 ista
985 3508 1175 3591 gererentur
1195 3503 1245 3568 vel
1272 3505 1422 3591 gerenda
1442 3526 1489 3571 co-

217 3609 397 3689 gnosceret,
432 3629 498 3670 non
527 3608 565 3670 ad
594 3607 699 3671 sedern
729 3605 951 3690 apostolicam,
986 3631 1005 3671 a
1032 3630 1095 3692 qua
1128 3606 1189 3671 sibi
1220 3628 1336 3673 curam
1364 3607 1492 3673 illarum

218 3707 384 3791 regionum
407 3713 541 3772 noverat
562 3709 753 3791 delegatam,
778 3708 896 3772 referre
919 3708 1115 3773 maturavit?
1147 3708 1209 3773 Sed
1227 3708 1320 3793 prius
1343 3709 1492 3776 laudator

217 3807 332 3897 factus¹
345 3812 394 3873 est
415 3809 482 3893 ipse
504 3814 678 3895 gestorum,
702 3832 796 3893 quarn
819 3810 868 3873 vel
885 3815 1107 3893 praemoneret
1127 3810 1208 3875 talia
1229 3831 1301 3875 esse
1319 3812 1491 3895 tentanda,

218 3909 267 3973 vel
289 3902 555 3976 ne‘tentarentur
577 3912 756 3997 obsisteret,
780 3913 863 3977 sicut
886 3913 946 3977 snb
970 3911 1124 3978 Basilisco
1141 3912 1212 3997 jam
1242 3912 1383 3980 fecerat.
1431 3913 1495 3981 Cur

217 4011 281 4075 illis
305 4013 418 4078 ceteris
442 4016 676 4079 communicare
699 4015 872 4097 consensit,
901 4015 953 4099 qui
982 4015 1122 4100 depulsis
1145 4014 1317 4081 catholicis
1349 4016 1497 4083 sacerdo-

217 4112 303 4179 tibus
339 4115 562 4180 indubitanter
596 4115 750 4181 haeretici
784 4116 921 4203 singulis
958 4116 1090 4183 urbibus
1122 4117 1254 4183 fuerant
1290 4118 1498 4187 substituti?

251 4273 273 4277 —
288 4273 453 4281 -—-—.....-
467 4276 519 4281 ....--

1493 1312 1529 1389 6

283 4354 315 4419 ⁵⁰)
334 4352 475 4417 Quatenus
494 4352 624 4409 videlieet
643 4354 672 4408 in
695 4355 861 4411 sacramenti
884 4374 933 4409 seu
950 4355 1076 4411 sacrificii
1099 4355 1184 4411 divini
1201 4356 1403 4415 celebratione
1420 4360 1501 4417 Petri

214 4434 312 4504 perfidi
330 4452 364 4490 ac
382 4437 507 4493 damnati
525 4454 626 4493 nomen
642 4438 754 4495 recitari
772 4440 874 4496 studet.
910 4442 975 4497 Mox
994 4440 1027 4507 Q*
1045 4462 1095 4511 per
1112 4453 1188 4498 rotam
1204 4446 1294 4499 orben
1312 4448 1465 4502 catholicis.

282 4522 314 4588 Η)
333 4520 367 4586 Q¹
380 4520 414 4587 Q¹
433 4530 537 4587 caelaret,
556 4524 630 4594 vulg.
652 4542 714 4579 eum
732 4526 766 4579 G*
786 4532 897 4581 eretrrdr’.
950 4512 955 4523 ¹

283 4606 315 4674 ¹¹²)
333 4606 365 4671 Q'
385 4614 559 4668 somersetensi.
593 4610 658 4665 Mox
676 4610 710 4664 D¹
724 4610 761 4665 N³
774 4611 805 4676 Q¹
820 4612 942 4680 Q²j1ara
959 4617 1104 4680 definitione
1121 4616 1267 4667 acumem
1291 4614 1343 4683 (0¹
1356 4623 1438 4685 jule
1458 4624 1502 4675 de·

212 4694 349 4755 stationem
366 4695 505 4762 domata).
1077 4726 1081 4737 ·
1302 4736 1306 4742 ·

282 4776 315 4841 ⁸⁸)
333 4775 403 4831 Illud
421 4784 531 4833 latenrer
548 4780 667 4850 epistola
684 4799 801 4851 sequens
813 4801 839 4836 11.
853 4786 869 4834 6
887 4782 1020 4852 explieat,
1039 4781 1106 4852 quis
1116 4780 1222 4837 scilicet
1233 4782 1364 4845 Aeacius
1375 4805 1435 4845 non
1446 4806 1500 4861 per

215 4875 244 4911 so
261 4858 364 4928 ipsum,
382 4862 431 4917 sed
448 4880 499 4933 per
516 4864 628 4920 Petrum
647 4867 863 4923 Aloxrmdrinum
881 4885 944 4923 curn
960 4866 1401 4931 11111111111111111111111111111111
1432 4874 1500 4931 Mox

216 4944 249 5010 Q*
270 4964 319 4999 oca
335 4952 431 5002 resisti!
449 4956 582 5005 resultanti
599 4958 746 5021 imperator.
