3204 5506
186 303 249 367 002
629 313 657 360 s.
673 309 881 359 nosnrsnas
904 309 1018 355 raras

56 475 169 543 (asro.)
182 473 288 538 titudo
310 471 396 534 esset
416 467 545 531 futurae
567 464 716 529 seditioni
741 466 949 549 congregata,
978 465 1010 527 et
1033 463 1142 527 doceri
1165 464 1269 548 possit
1291 466 1442 530 secundum

186 593 309 640 errores
331 569 464 634 eorum?
500 567 560 644 Qui
576 569 746 651 postquam
769 569 939 630 senserunt
960 588 1018 630 nos
1039 565 1152 630 venire
1160 567 1200 650 ⁶),
1223 565 1351 650 publice
1370 590 1444 652 pree

186 675 375 741 dicaverunt
395 670 616 734 festinandum
638 690 707 732 esse
730 690 802 733 cum
822 667 979 752 parvulis,
1003 689 1044 731 ne
1067 669 1294 751 persecutione
1316 671 1446 734 veniente

186 775 308 862 pagani
330 775 530 838 morerentur
551 771 710 835 infantes:
733 773 765 833 et
787 773 865 834 tunc
887 770 974 833 velut
989 770 1030 834 sd
1053 769 1191 833 alterum
1207 769 1334 835 Pascha
1353 775 1448 836 tantos

187 875 481 962 baptizaverunt7),
504 877 541 937 ut
563 876 748 938 consuetam
770 872 980 936 festivitatem
1003 876 1207 955 superarent.
1255 872 1338 937 Item
1358 873 1449 938 dicen-

189 981 280 1045 dum:
319 977 353 1042 Si
376 975 529 1039 haeretici
550 995 617 1046 non
633 979 718 1058 sunt,
742 966 898 1058 quomodo
913 976 1007 1038 tanta
1022 977 1228 1038 sacramenta
1246 976 1449 1058 confecerunt,

189 1085 226 1145 ut
249 1078 390 1145 canistra
411 1077 508 1162 plena
530 1076 677 1140 omnibus
700 1078 881 1160 erogarent,
905 1097 946 1139 ne
968 1077 1169 1159 imminente,
1196 1077 1284 1141 sicut
1305 1077 1450 1161 dicebant,

190 1180 411 1268 persecutione
435 1179 669 1243 communicare
695 1199 761 1242 non
782 1177 937 1263 possent?
972 1178 1054 1242 Item
1077 1179 1105 1242 si
1125 1177 1285 1243 haeretici
1299 1201 1363 1244 non
1377 1187 1451 1263 sunt,

190 1282 432 1369 posteaquam⁸)
462 1280 602 1343 accusati
630 1283 706 1343 sunt
733 1281 833 1365 gestis
861 1303 880 1342 a
903 1279 1047 1345 Candido
1075 1280 1144 1344 viro
1172 1281 1319 1366 sublimi,
1347 1282 1454 1346 doario

191 1385 340 1470 magistri
362 1382 501 1447 militum
522 1382 815 1466 praetorianorum,
839 1382 873 1446 in
891 1382 1013 1466 judicio
1034 1382 1291 1467 praefectorum,
1318 1384 1382 1471 etl)
1402 1384 1453 1448 sibi

192 1490 353 1553 maturum
375 1483 552 1570 periculum
574 1470 807 1569 cognoscerent
826 1484 1025 1548 adfuturum:
1049 1506 1147 1568 quare
1163 1485 1280 1569 denuo,
1303 1489 1455 1571 tamquam

193 1588 379 1670 damnandi,
404 1584 537 1670 velut¹⁰)
560 1585 728 1650 subvenire
743 1586 859 1650 iterum
874 1586 1014 1670 parvulis
1031 1586 1207 1671 cupientes,
1231 1591 1329 1652 tanta
1343 1610 1457 1652 rursum

194 1693 226 1755 et
248 1689 406 1754 confutati
429 1690 639 1751 exercuenmt
668 1688 878 1772 baptismata,
908 1692 944 1751 ut
972 1709 1044 1752 vere
1074 1688 1199 1753 cunctis
1229 1712 1263 1754 se
1290 1689 1458 1754 haereticos

194 1788 433 1855 ostendissent?
476 1788 528 1852 Ad
550 1811 646 1873 quam
667 1810 735 1853 rem
757 1789 835 1853 satis
858 1793 890 1854 et
917 1790 1091 1875 magnifica
1117 1793 1263 1874 potestas
1290 1791 1459 1876 praefecto-

195 1916 266 1957 rum
288 1890 477 1978 gravissime
498 1889 670 1974 indignata
693 1894 751 1955 est.

279 1995 310 2060 3.
343 1994 426 2058 Item
454 1993 478 2056 si
508 1991 661 2056 haeretici
690 2015 755 2057 non
784 1997 875 2077 sunt,
904 1994 1061 2079 quomodo
1089 2016 1186 2078 quum
1214 1995 1249 2060 in
1277 1997 1462 2081 baptisterio

196 2094 422 2180 absconditi¹¹)
445 2115 596 2177 essemus,
621 2095 753 2159 consilio
775 2096 861 2159 iuter
883 2116 916 2159 se
938 2094 1049 2159 habito
1070 2101 1291 2180 pernoctem,
1316 2098 1414 2162 veluti
1429 2099 1462 2161 de

196 2198 338 2284 periculo
366 2197 501 2260 liberare
528 2217 587 2259 nos
614 2197 776 2282 volentes,
804 2197 838 2260 in
866 2196 942 2260 navi
969 2197 1097 2261 mittere
1126 2198 1318 2283 voluenmt,
1348 2205 1385 2264 ut
1408 2199 1464 2264 hac

197 2301 362 2366 occasione
391 2299 469 2361 mari
498 2297 691 2381 praecipites
719 2297 856 2362 darent?
903 2297 1068 2383 Quumque
1101 2320 1162 2363 nos
1194 2301 1465 2384 respondissemus

197 2424 254 2487 per
276 2400 475 2465 Demetrium
498 2402 530 2462 et
552 2398 715 2463 Andream
738 2400 902 2464 diaconos:
948 2404 1053 2464 Omnes
1074 2422 1129 2465 nos
1152 2409 1239 2480 apud
1265 2425 1321 2468 vos
1342 2426 1405 2469 esse
1423 2425 1465 2469 ro

195 2515 360 2584 quercuum
383 2507 532 2582 quomodo
540 2522 602 2581 per
616 2516 730 2566 noctem
747 2509 895 2580 nauiyarc
912 2509 1093 2581 possumus?
1127 2507 1190 2566 Sed
1210 2511 1239 2568 si
1259 2526 1314 2569 vos
1329 2527 1397 2570 uere
1413 2528 1467 2587 pro

200 2654 361 2664 ---”·
380 2653 437 2658 -·—·
447 2654 451 2657 ·
472 2654 481 2657 ··

198 2740 280 2780 nemo
298 2725 390 2789 extra,
413 2723 461 2777 sed
485 2738 580 2777 omues
598 2723 673 2777 intra
690 2722 964 2777 Thessalonicensem
982 2722 1137 2789 civitatem,
1161 2740 1175 2777 e
1196 2742 1252 2793 qua
1277 2726 1354 2781 hunc
1371 2725 1468 2781 indica·

199 2810 256 2864 lum
273 2808 408 2875 scribunt,
431 2806 528 2862 missas
546 2809 687 2875 tenerent,
711 2823 766 2876 quo
789 2807 879 2876 major
901 2806 1049 2861 multitudo
1068 2812 1242 2879 congregata
1260 2811 1292 2864 et
1313 2813 1469 2882 comparata

200 2894 236 2948 ad
254 2892 419 2947 seditionem
437 2893 517 2947 soret.

267 2999 288 3063 ⁶)
305 2994 356 3048 Ed.
376 3001 484 3059 uenisse,
503 2998 707 3063 publicaverunt,
725 2993 827 3048 rectius
846 2993 880 3048 G¹
898 3000 993 3050 uenire.
1029 2995 1110 3059 Quod
1128 2995 1202 3050 enim
1220 2999 1353 3065 narrant,
1372 2999 1469 3053 acum

201 3081 243 3135 est
259 3079 345 3134 biduo
364 3081 515 3147 antequam
532 3078 722 3148 pervenirent,
741 3080 773 3132 ut
789 3078 818 3132 in
837 3077 955 3147 epistola
975 3085 1022 3132 100
1039 3087 1096 3132 na
1115 3080 1287 3136 declaratur.

269 3185 289 3250 ⁷)
308 3181 408 3249 Legati
430 3181 458 3233 in
482 3181 601 3250 epistola
626 3187 673 3233 100
695 3198 721 3233 n.
746 3186 762 3232 4
784 3201 863 3249 snper
885 3186 934 3234 duo
959 3187 1035 3233 vuilda
1060 3182 1220 3251 baptizatos
1247 3188 1379 3251 narrant,
1405 3203 1469 3240 nunc

201 3284 346 3321 numerum
364 3266 454 3319 silent.
490 3266 603 3332 Exque
623 3264 802 3319 confirmatur
821 3265 895 3333 quod
912 3264 1038 3334 proxime
1054 3266 1290 3333 observabam,
1311 3285 1359 3324 eos
1378 3271 1469 3339 quibus

202 3351 339 3418 scribunt,
358 3350 468 3405 aliunde
488 3367 572 3417 quam
590 3366 624 3403 ex
641 3348 695 3403 hoc
711 3349 834 3404 indiculo
853 3350 887 3403 da
905 3351 989 3404 rebus
1001 3352 1061 3403 tum
1074 3352 1160 3420 gestis
1173 3352 1257 3406 fuisse
1271 3353 1393 3409 edoctos
1422 3354 1468 3408 Do

202 3436 315 3492 rotheus
327 3437 421 3490 autem
433 3435 462 3488 id
480 3435 613 3489 affectans
631 3433 744 3500 imitari,
762 3435 837 3503 quod
855 3435 1080 3504 persecutionum
1091 3437 1269 3505 temporibus
1281 3438 1343 3492 fieri
1361 3439 1466 3502 solebat

202 3525 326 3576 veterem
347 3536 397 3573 nos
419 3520 501 3573 docet
524 3536 601 3572 usum
626 3519 746 3574 canistra
767 3520 947 3573 sacramentis
971 3519 1094 3590 corporis
1117 3520 1218 3575 Christi
1242 3522 1329 3591 plena
1352 3523 1466 3577 fidelibus

203 3603 351 3674 erogandi,
375 3607 406 3658 ut
423 3603 615 3658 Eucharistiae
636 3603 816 3673 perceptione
835 3605 864 3659 et
886 3621 965 3659 sacra
983 3604 1176 3659 communione
1194 3622 1250 3660 non
1272 3608 1464 3665 fraudarentur,

204 3690 289 3746 etiam
311 3707 396 3758 quum
421 3688 614 3757 persecutione
636 3689 777 3743 saeviente
799 3706 891 3743 sacros
914 3691 1065 3743 conventus
1088 3689 1166 3744 adire
1191 3692 1241 3744 aut
1260 3692 1402 3748 celebrare
1418 3711 1463 3747 noa

203 3775 308 3830 liceret.

272 3880 292 3946 8)
311 3876 376 3930 boe
393 3887 483 3944 postea
501 3896 581 3945 quare
599 3883 733 3930 sannaus.
767 3875 885 3931 Felicius
903 3877 1002 3932 exinde
1020 3877 1093 3931 idem
1117 3877 1281 3945 cardinalis,
1304 3880 1353 3934 ubi
1370 3880 1461 3936 obtine

204 3963 255 4017 bat
271 3971 390 4030 praeter,
408 3959 531 4014 restituit
545 3967 770 4028 praetorianorum
789 3960 834 4030 (G¹
850 3962 905 4030 ρῐ).

272 4067 292 4130 ⁹)
312 4062 346 4117 G¹
366 4073 391 4115 ct
408 4066 457 4115 siti
518 4073 708 4131 cognoscerent.
738 4061 788 4116 Ed.
805 4069 1012 4131 praefectorum?
1043 4067 1079 4116 Er
1095 4071 1119 4117 si
1181 4077 1342 4136 coquerent.

275 4168 305 4233 ¹⁰)
323 4165 367 4219 lta
384 4164 428 4219 ot
464 4164 515 4218 Ed.
534 4171 622 4230 velint,
642 4164 715 4218 unde
733 4170 808 4218 recte
827 4168 854 4219 a¹
873 4166 909 4219 ad
927 4182 1015 4234 marg.
1036 4167 1118 4219 notat
1135 4171 1206 4220 locus
1223 4171 1357 4233 mea-u,
1378 4184 1422 4222 nec
1435 4169 1457 4220 ι’

206 4248 341 4305 extricare
359 4248 428 4302 satis
446 4249 534 4302 valuit
552 4248 652 4316 (suasit
668 4249 886 4303 resarciendum:
910 4255 1048 4303 damnandi
1069 4254 1136 4303 citra
1153 4257 1280 4318 judiciam
1295 4257 1401 4318 suerint.
1420 4261 1457 4304 se·

205 4356 259 4388 ram
277 4336 335 4402 etc).
355 4363 388 4372 -
406 4333 477 4387 Hine
500 4333 644 4401 docemur,
666 4335 840 4389 Dorotheum
862 4352 925 4388 cum
948 4334 1004 4388 suis
1025 4334 1197 4404 baptismum
1218 4335 1262 4390 bis
1284 4335 1455 4407 intempestive

206 4417 425 4484 administrasse,
445 4418 531 4472 semel
548 4420 699 4487 antequam
716 4420 856 4474 Johannes
873 4418 983 4488 legatus
1001 4418 1227 4473 Thessalonicam
1245 4421 1418 4490 pervenisset.
1433 4421 1454 4471 et

206 4502 320 4569 iterum,
344 4519 430 4569 quum
448 4518 495 4555 eos
516 4501 563 4556 ille
586 4505 755 4557 confutasset
778 4506 862 4574 atque
885 4504 1007 4558 accusati
1026 4505 1088 4572 jam
1106 4507 1199 4575 essent
1220 4504 1372 4574 injudicio
1392 4519 1454 4575 prae

206 4588 352 4641 sectorum.

277 4691 307 4756 ¹¹)
326 4688 360 4742 G¹
379 4693 498 4744 absconsi
507 4710 628 4751 essemus,
647 4707 680 4743 ac
699 4690 799 4745 deinde
817 4707 879 4744 eum
897 4691 940 4744 ed.
960 4697 1087 4746 coralium
1105 4698 1173 4746 inter
1189 4712 1218 4746 se
1236 4695 1356 4755 habitu,
1372 4688 1453 4745 mendo

208 4772 371 4841 antiquariis
388 4773 454 4828 satis
472 4774 611 4829 familiari.
631 4806 660 4812 —
681 4773 803 4829 Subinde
822 4779 849 4830 11ί
868 4781 1004 4842 darentur,
1023 4775 1056 4830 G¹
1071 4776 1089 4830 b
1102 4793 1138 4831 cc
1156 4782 1252 4833 darent
1270 4777 1336 4845 (scil.
1354 4779 1414 4840 scr),
1432 4775 1453 4825 ι’

208 4859 276 4911 mut.
296 4863 421 4912 duremur.
1012 4887 1017 4902 ·
