3204 5506
444 344 659 395 amaneum
680 335 827 396 24-28.
1204 337 1268 403 499

447 501 729 605 Fragmentum
756 503 813 587 25.

122 651 743 736 GelasiusOrescouio,Johanni
758 655 1006 722 etMessalae
1021 658 1265 746 episcopis.¹)

100 772 291 836 lecessorum
318 775 442 837 statuta
471 773 555 837 sicut
582 772 728 858 legitima
758 779 790 839 et
814 776 903 859 justa
925 799 1139 842 successorem
1162 783 1265 843 custo-

100 875 247 958 onvenit,
271 875 318 938 ita
340 875 436 939 debet
457 875 554 940 etiam
576 877 661 940 male
681 877 771 941 tactu
793 878 962 962 corrigere.

447 1046 730 1150 Fragmentum
757 1049 815 1133 26.

147 1197 336 1263 Gelasius
358 1198 528 1265 Maximo
551 1204 590 1265 et
612 1200 729 1266 Claro
751 1201 964 1286 episcopis.

100 1316 169 1382 lihil
197 1319 301 1402 perire
335 1319 491 1383 oredimus
525 1319 750 1385 ecclesiasticis
778 1320 987 1406 utilitatibus,
1021 1323 1048 1387 si
1081 1345 1162 1408 quae
1190 1328 1266 1389 sunt

100 1420 310 1486 ‚reddantun

445 1556 726 1665 Fragmentum
753 1558 809 1645 27.

100 1696 228 1749 dolenses
245 1700 347 1750 cabrera
364 1701 496 1762 eeclesiae,
515 1703 555 1750 eui
572 1700 672 1750 oblatas
687 1700 776 1779 ficerat
794 1701 826 1749 ab
844 1703 902 1763 ejus
920 1702 1063 1762 decessore,
1081 1705 1209 1755 restituat.

147 1812 334 1880 Gelasius
356 1814 378 1879 J
385 1815 536 1879 ohanni
559 1815 745 1900 episcopo
767 1815 924 1881 Pisano.

100 1930 307 1999 lcclesiastica
335 1934 531 2019 ministeria,
565 1957 645 2019 quae
674 1935 844 2020 unicuique
870 1936 1023 2001 basilicae
1050 1936 1190 2003 fidelium
1214 1940 1265 2004 de-

106 2034 285 2120 deputavit,
315 2037 355 2101 ad
378 2036 475 2100 aliam
498 2037 665 2101 ecclesiam
689 2037 777 2101 nullo
799 2037 918 2102 debent
939 2038 1138 2124 subripiente
1160 2044 1263 2105 traus-

133 2137 176 2201 ut
209 2138 280 2203 ideo
312 2141 339 2202 si
371 2139 466 2223 hujus
495 2139 577 2222 juris
608 2139 773 2223 portitoris
801 2140 915 2222 petitio
941 2141 1078 2205 veritate
1106 2142 1263 2226 subsistit,

101 2260 145 2322 m,
176 2263 270 2325 quem
293 2241 438 2305 decessor
466 2246 540 2306 tuus
569 2242 719 2326 abstulit,
756 2241 909 2306 eeclesiae
937 2243 1026 2326 cujus
1048 2243 1112 2306 fuit
1132 2246 1265 2308 restitue

100 2343 334 2410 Intermissione.

443 2496 724 2604 Fragmentum
751 2498 807 2583 28.

100 2638 268 2701 tpontifirolr‘s
286 2639 471 2703 despectibus.
502 2639 633 2689 Rescindi!
652 2639 768 2689 (letorius
784 2646 956 2690 testamentum
974 2640 1138 2691 continuatoris
1154 2657 1219 2705 prae

100 2736 130 2771 ur
151 2725 283 2773 eeclesiae.
328 2721 383 2783 Quo
404 2725 549 2774 conditione
571 2724 736 2774 substanttam
758 2727 824 2774 iltius
839 2733 899 2789 port
916 2726 1030 2788 ejusdem
1047 2733 1149 2777 mortem
1168 2731 1230 2791 filiis

527 2811 647 2860 contrudi
662 2811 730 2860 vetit.

148 2924 335 2988 Gelasius
359 2921 534 2987 Honorio
557 2925 755 3010 episcopo.

106 3090 113 3104 .
149 3043 286 3106 Divinae
309 3042 529 3107 retributionis
561 3065 692 3128 memor,
722 3044 761 3108 ad
784 3044 1002 3128 pontificalem
1032 3045 1262 3111 conscientiam

100 3145 229 3230 ambigas
252 3145 424 3230 pertinere,
448 3147 613 3231 egentium
635 3147 806 3211 commodis
829 3146 916 3229 piam
934 3146 1182 3211 sollicitudinem
1197 3170 1262 3212 nou

100 3266 126 3310 e.

100 3357 111 3410 ¹.
147 3347 231 3412 Illud
254 3350 351 3413 etiam
379 3351 597 3415 sinceritatem
623 3355 711 3414 tuam
734 3371 800 3414 non
823 3349 923 3415 latere
950 3349 1106 3433 uolumus,
1135 3350 1176 3415 ad
1204 3374 1262 3416 nos

115 3451 285 3535 perlatum,
309 3452 392 3536 quod
409 3452 590 3536 Ampliatus
614 3453 797 3535 conductor,
821 3475 914 3538 quem
932 3474 998 3517 non
1013 3453 1115 3517 solum
1136 3474 1265 3534 servum·

100 3555 123 3616 rt
144 3574 213 3618 esse
236 3553 405 3636 ecelesiae,
435 3554 489 3618 sed
517 3556 564 3619 ita
592 3555 661 3637 ejus
689 3555 867 3619 rationibus
890 3577 909 3618 a
931 3554 1041 3619 multis
1063 3556 1262 3640 temporibus

100 3658 211 3738 atum,
235 3660 272 3719 ut
292 3656 420 3720 etiarnsi
442 3660 526 3721 esset
547 3657 723 3741 ingenuus,
755 3656 856 3721 donec
878 3656 1049 3721 ratiocinia
1072 3659 1189 3721 cuncta
1211 3657 1263 3722 de·

100 3760 134 3840 st,
157 3757 261 3822 modis
283 3758 429 3822 omnibus
452 3758 607 3822 obnoxius
629 3757 816 3842 haberetur,
841 3780 920 3823 ausu
942 3758 1111 3823 temerario
1133 3759 1263 3824 molitus

113 3859 250 3924 condere
272 3860 425 3945 paginam
454 3861 657 3942 testamenti,
688 3861 778 3944 cujus
806 3882 900 3926 omne
928 3860 1087 3945 peculium
1115 3861 1262 3926 ecclesia·

100 3961 160 4044 juri
181 3962 307 4046 legibus
318 3963 342 4047 ¹)
364 3983 431 4027 non
453 3961 617 4026 dubitetur
638 3962 837 4027 obstrictum.
875 3961 1077 4046 Quapropter
1098 3961 1149 4027 his
1171 3984 1261 4047 prae-

100 4062 229 4127 ionibus
251 4064 320 4128 uice
342 4067 454 4128 nostra
476 4067 532 4127 tua
553 4063 741 4128 fraternitas
764 4064 975 4147 contradicat,
998 4085 1059 4128 uec
1080 4063 1149 4128 fieri
1174 4085 1262 4149 pror·
1307 4100 1311 4108 ·

102 4164 178 4249 iqua
200 4165 406 4250 subreptione
421 4165 597 4249 permittat.
627 4168 676 4230 Ac
692 4166 719 4229 si
741 4166 842 4229 eidem
858 4166 1029 4250 quidquam
1044 4165 1261 4249 humanitus²)

105 4265 296 4352 contigerit,
331 4268 405 4351 quia
434 4267 636 4352 grandaeuus
664 4288 733 4332 esse
761 4270 954 4331 memoratur
960 4318 969 4351 ,
1004 4287 1077 4330 mox
1100 4266 1169 4349 ejus
1192 4266 1261 4328 sine

100 4389 148 4432 me
170 4369 384 4433 substantiam
406 4369 586 4454 praecipiat
607 4369 803 4433 unanimitas
826 4373 882 4433 tua
903 4368 978 4433 filiis
998 4368 1066 4452 ejus
1082 4366 1260 4449 dumtaxat,

100 4491 109 4533 s
136 4470 366 4554 patrimonium
394 4471 546 4555 probatur
573 4493 642 4534 esse
676 4471 893 4554 commissum,
931 4470 990 4534 sub
1023 4468 1109 4533 fideli
1145 4468 1261 4532 descri-

103 4656 145 4712 Ita
161 4674 225 4712 mss.
256 4658 294 4711 nt
311 4658 330 4711 Z
349 4662 487 4713 Crescente
505 4670 531 4712 et
547 4663 658 4713 Jotunnr'
677 4662 824 4712 Messallae.

102 4741 245 4812 Ejusmodi
262 4749 330 4811 tepea
348 4743 418 4797 conf.
432 4742 496 4812 qui
514 4743 600 4798 instit.
620 4744 645 4797 ll
663 4748 799 4810 §eo-93,
818 4748 887 4797 c.10
905 4738 938 4796 D.
951 4738 1020 4810 XLI,
1034 4749 1058 4797 1.

105 4825 320 4897 Humanitatis,
343 4845 462 4897 moxque
485 4829 591 4882 omissis
615 4828 728 4883 vocibus
743 4832 890 4898 praeciptat
912 4829 942 4881 ct
959 4848 1016 4882 esse
1038 4827 1108 4896 legit
1125 4833 1262 4882 contradat

100 4917 216 4982 utnsdst).
246 4913 265 4966 Z
282 4919 428 4984 praecipiat
446 4919 593 4971 trumonitos.

996 4998 1060 5065 32*
