3224 5506
161 330 224 398 660
611 350 638 397 s.
656 347 837 395 sunnucnr
860 345 974 393 rurus
1025 340 1031 354 ’

51 527 76 563 a.
88 517 144 563 501.
160 525 287 566 suorum
310 502 475 583 amiserat,
500 501 653 585 potestati
676 501 744 584 ejus
774 501 815 563 ab
842 499 1023 563 honorabili
1047 499 1185 563 concilio
1207 499 1400 563 redderent&

160 609 193 670 et
215 605 298 668 tanti
328 604 390 667 loci
419 603 546 686 praesul
574 602 722 685 legaliter
750 603 838 685 prius
866 602 967 665 statui
994 600 1132 685 pristino
1161 601 1342 682 redderetur,

159 710 237 770 tunc
260 706 385 770 veniret
407 705 447 769 ad
470 726 597 768 causam
620 707 661 786 et,
686 705 712 767 si
735 704 781 767 ita
802 707 888 769 recte
910 704 1086 784 videretur,
1112 703 1322 767 accusantium
1337 706 1400 786 p!

159 808 371 891 positionibus
394 807 611 891 responderet.

242 910 273 973 4.
297 909 453 994 Digna17)
482 931 532 973 res
560 908 628 971 visa
657 911 706 970 est
727 907 865 971 marimo
888 907 1087 972 sacerdotum
1109 928 1258 990 numero,
1288 928 1355 991 quae

158 1016 333 1076 mereretur
356 1011 518 1093 effectum,
548 1010 718 1073 decernere
740 1013 850 1074 tamen
879 1010 998 1094 aliquid
1027 1010 1166 1092 synodus
1195 1009 1310 1095 sinet)
1327 1019 1400 1094 reg*⁴

158 1113 274 1177 notitia
296 1135 362 1177 non
383 1112 607 1196 praesumpsit.
662 1112 724 1177 Sed
747 1112 911 1197 suggestio
930 1112 1019 1194 justa
1041 1133 1099 1196 per
1122 1110 1301 1196 legatorum
1320 1102 1400 1196 neg!

159 1217 302 1299 gentiam
324 1237 389 1279 non
411 1214 528 1277 meruit
551 1214 724 1278 secundum
748 1217 821 1277 vota
843 1235 1040 1297 responsum.
1087 1212 1202 1278 Jussus
1225 1216 1274 1277 est
1295 1212 1388 1298 regis*

71 1307 76 1313 ’
157 1316 434 1401 praeceptionibus
462 1338 546 1399 papa
574 1314 782 1398 Symmachus
811 1319 885 1379 ante
914 1315 1099 1399 patrimonii
1130 1314 1181 1379 vel
1209 1314 1400 1379 eeclesiarum

159 1441 238 1502 quas
254 1419 415 1500 amiserat,
439 1417 655 1501 receptionem
672 1440 743 1481 cum
755 1416 1034 1502 impugnatoribus
1057 1417 1123 1480 suis
1140 1417 1176 1480 in
1192 1415 1400 1503 disceptatiom

160 1520 341 1604 confligere.
387 1519 447 1596 Qui
470 1521 639 1604 potestatis
662 1541 737 1583 suae
759 1519 944 1603 privilegia,
969 1518 1097 1604 quaed)
1122 1539 1181 1603 pro
1198 1518 1400 1582 conscientias

159 1625 314 1705 quantum
347 1622 435 1704 juste
469 1623 690 1704 aestimamus,
721 1620 996 1703 'emendatione²¹)
1026 1619 1237 1701 submiserat,
1273 1642 1331 1684 nec
1361 1618 1400 1683 ha

158 1723 258 1788 voluit
279 1723 348 1787 vice
371 1745 540 1787 resumere.

241 1825 271 1890 5.
312 1824 373 1888 Sed
402 1826 476 1889 dum
506 1828 589 1889 esset
619 1826 757 1909 synodus
785 1826 818 1889 in
852 1823 1054 1888 Hierusalem
1081 1823 1215 1888 basilica
1249 1824 1400 1889 Sessoriar

158 1927 272 2012 palatii
296 1927 482 2009 constituta,
507 1926 664 2012 aliquibus
680 1927 897 1991 sacerdotibus
914 1926 1015 1989 visum
1038 1928 1097 2007 est,
1121 1927 1158 1989 ut
1169 1924 1307 2007 libellus,
1332 1947 1400 2010 que:

159 2033 361 2093 accusatores
383 2032 586 2113 paraverant,
611 2030 663 2111 qm
686 2028 827 2112 quotidie
850 2027 1059 2091 seditionibus
1081 2025 1303 2111 appellabant,
1327 2049 1400 2092 susc

158 2135 287 2215 peretur
310 2153 328 2193 a
351 2131 482 2214 synodo.
537 2130 576 2194 ln
606 2152 668 2215 quo
697 2132 844 2214 suscepto
870 2129 933 2192 duo
966 2131 1074 2211 erant,
1112 2150 1195 2213 quae
1223 2128 1274 2194 vel
1296 2129 1400 2193 verita

156 2233 288 2297 inimica
312 2236 429 2315 essent,
453 2232 503 2295 vel
525 2233 598 2316 ipsi,
623 2236 779 2316 quantum
802 2230 996 2313 ostenditur,
1027 2229 1253 2317 conventus²²)
1276 2231 1400 2296 eccles'i

156 2440 187 2488 ab
206 2442 229 2490 li.
248 2457 269 2494 c.
288 2442 527 2504 redintegrarentur
599 2441 753 2504 regulariter
771 2442 843 2503 prius
915 2447 940 2489 et
957 2446 1016 2488 turne
1039 2455 1088 2489 non
1111 2446 1171 2487 ante
1192 2441 1304 2496 veniret,
1328 2448 1400 2489 con·

157 2538 219 2574 mss.
239 2552 271 2559 —
289 2520 365 2574 Inter
383 2538 424 2586 ea,
443 2537 514 2589 quae
532 2520 629 2575 ablata
647 2523 763 2585 fuerant,
782 2519 946 2573 nominatim
964 2535 1058 2573 aream
1074 2519 1118 2573 vel
1130 2518 1246 2573 domum
1257 2520 1378 2575 Lateran-

158 2623 215 2659 sem
234 2605 399 2660 censendam
418 2620 485 2669 esse,
504 2605 643 2674 colligitur
662 2622 695 2659 ex
712 2604 804 2659 veritis
815 2604 980 2658 Theudorici
997 2603 1026 2657 in
1045 2603 1169 2658 subnexa
1181 2604 1337 2674 appendice
1348 2622 1371 2658 n.

157 2689 226 2744 Vide
246 2685 279 2744 et'
291 2688 395 2743 Liberii
414 2689 555 2758 dialogum
574 2708 634 2743 cum
654 2688 816 2744 Constantio
835 2708 860 2743 n.
874 2692 897 2744 3⁴.
931 2687 959 2742 Si
978 2688 1113 2742 isidorum
1124 2688 1312 2744 Mercatorem
1329 2688 1400 2743 aui

156 2792 217 2827 mus
235 2774 263 2827 in
283 2774 386 2844 duplici
403 2774 517 2843 synod0,
536 2792 618 2843 quam
638 2773 777 2839 confinxit,
796 2774 831 2828 de
849 2773 946 2828 eadem
958 2790 989 2827 re
1001 2773 1192 2839 disserentem,
1210 2773 1240 2826 id
1259 2774 1333 2842 quod
1349 2791 1400 2826 nu

155 2859 280 2928 postulat
298 2858 486 2928 Symmachus,
503 2859 532 2912 in
550 2858 671 2925 antiquis
688 2858 827 2913 Ecclesiae
844 2859 956 2913 statutis
974 2859 1115 2913 decretum
1134 2860 1184 2914 est.
1208 2858 1296 2927 quue
1313 2876 1343 2913 re
1357 2857 1400 2927 ἰή

155 2941 184 2996 in
202 2943 261 3010 ejus
275 2943 469 3013 compilatione
483 2943 647 2998 constituere
659 2943 789 3012 leguntur
801 2941 973 3013 Zephyrinns
987 2943 1067 3012 epist.
1079 2949 1119 3008 28,
1137 2942 1279 2998 Fabianus
1291 2943 1387 3013 epist.

155 3027 312 3097 Stephanus
331 3028 343 3081 l
361 3046 403 3098 ep.
416 3036 457 3093 41,
478 3027 559 3097 Caius
576 3045 651 3098 papa
669 3028 749 3097 epist.
760 3036 801 3094 5⁶2,
826 3028 973 3082 Marcellus
991 3029 1072 3097 epist.
1083 3034 1124 3093 56,
1142 3026 1278 3081 Eusebius
1291 3028 1398 3097 epist.

154 3112 241 3166 Julius
259 3112 338 3183 epist.
354 3119 394 3179 69,
412 3113 579 3167 Athanasius
597 3115 625 3167 et
636 3112 823 3167 Alexandrina
840 3112 960 3181 synodus
978 3113 1015 3167 ed
1027 3111 1155 3179 Felicem,
1173 3115 1204 3166 et
1215 3112 1293 3166 Felix
1310 3112 1345 3167 ed
1365 3130 1400 3165 ι

155 3188 217 3251 dem
237 3197 316 3266 epist.
331 3197 362 3251 72
376 3198 404 3251 et
417 3204 461 3264 ta,
484 3197 553 3252 item
571 3196 728 3266 Stephanus
751 3202 780 3251 et
797 3198 843 3252 alii
862 3196 985 3267 episcopi
1002 3197 1150 3267 Africanae
1168 3197 1302 3252 ecclesiae
1319 3197 1354 3252 ed

154 3298 262 3336 marum
280 3282 309 3336 et
325 3282 460 3336 Damasus
478 3281 516 3335 ad
534 3282 644 3336 eosdem
663 3282 742 3352 epist.
757 3289 789 3337 80
807 3284 835 3336 et
851 3288 891 3336 81.
932 3281 988 3336 Sed
1005 3282 1121 3350 antiqua
1137 3281 1186 3336 illa
1204 3272 1319 3337 decreta
1334 3299 1400 3351 qt:

154 3382 209 3419 non
226 3368 336 3421 tantum
355 3366 520 3435 Symmacho
543 3367 592 3420 sed
614 3373 643 3420 et
665 3369 776 3421 nostrae
795 3367 900 3435 synodo
917 3366 1092 3437 incomperta
1109 3369 1215 3432 essent,
1237 3366 1307 3422 haec
1323 3384 1400 3421 aru

153 3450 226 3504 illius
242 3451 379 3521 petitione
396 3451 564 3521 respondere
582 3451 649 3505 satis
661 3451 772 3505 habuit:
791 3458 867 3520 dique
885 3471 928 3505 res
945 3458 999 3505 eise
1018 3464 1056 3506 est
1072 3459 1181 3506 merare
1199 3458 1377 3508 emendatus:

153 3555 236 3602 mere,
258 3553 310 3591 mcc
333 3517 453 3590 audibit:
481 3550 506 3590 et
524 3542 633 3605 antiquus
652 3539 784 3590 Ecclesiae
802 3543 903 3590 statutis
922 3548 1100 3594 consentanee.
1136 3536 1173 3591 Et
1189 3553 1256 3599 uero
1274 3537 1297 3592 si
1312 3537 1380 3591 tob

155 3618 237 3674 cretis
254 3621 365 3675 firmata
382 3621 485 3688 lusisset,
504 3638 521 3675 a
538 3619 721 3686 Theodorico,
740 3621 787 3689 qui
804 3621 898 3690 legum
910 3620 1106 3676 servandarum
1119 3638 1180 3677 sese
1194 3621 1342 3677 studiosum
1385 3635 1400 3687 ζ

154 3704 294 3771 fitebatur,
315 3705 496 3775 Symmachus
514 3706 653 3776 repulsam
671 3705 784 3759 minime
801 3723 898 3775 passus
916 3708 995 3762 esset.

221 3790 588 3857 ¹⁷)1ta31E2Frh1bce,
617 3789 671 3843 nisi
689 3790 763 3859 quod
785 3792 814 3844 h¹
837 3803 912 3860 utque
934 3804 962 3846 ut
983 3803 1123 3847 mereretur
1150 3798 1266 3862 effectum
1287 3804 1400 3862 optes

154 3878 179 3928 ο7
191 3892 247 3944 seq.
262 3896 325 3945 quae
342 3887 488 3936 mereretur,
511 3875 543 3928 ΒΙ
557 3874 591 3928 E²
601 3879 624 3928 c¹
644 3886 719 3944 atque
737 3887 884 3937 curreretur.
906 3875 942 3929 F‘¹
953 3888 1030 3947 atque
1047 3890 1158 3933 meretur
1174 3884 1289 3948 effectam
1303 3883 1400 3931 dec:

153 3970 242 4013 tumen.
279 3960 312 4012 1²²
323 3960 360 4013 H*
377 3967 534 4029 respondere
552 3965 709 4029 dignaretur.
744 3965 805 4015 Vise
823 3972 862 4016 est
880 3970 987 4016 inaximo
1004 3970 1166 4018 sacerdotum
1184 3983 1294 4029 mmm,
1311 3972 1336 4015 ut

151 4051 220 4111 petio
238 4057 377 4098 emereretur
395 4051 510 4114 effectum
528 4051 674 4103 decermre.
715 4049 806 4100 Tamen
824 4047 875 4100 etc.

221 4131 251 4196 ¹⁸)
270 4128 333 4182 Hh*
352 4137 406 4183 sine
423 4150 495 4198 repe,
525 4129 558 4183 B¹
572 4130 725 4185 mathee
746 4137 801 4185 sine
824 4138 897 4201 repta
919 4138 1017 4187 notitia.
1057 4132 1124 4187 Mox
1145 4132 1178 4186 B¹
1197 4130 1400 4203 suljeeuoj

152 4213 212 4267 bcc
230 4214 266 4267 ad
283 4231 371 4283 marg.
391 4221 450 4271 istu.

222 4301 251 4366 ¹⁰)
271 4297 391 4368 Oreyiis.
421 4299 489 4353 Tres
505 4300 640 4354 habemus
654 4300 819 4355 Theodorici
837 4300 911 4370 regis
928 4301 965 4356 ad
982 4303 1118 4372 synodum
1130 4303 1400 4375 praeceptiones--¹

151 4381 204 4435 hae
224 4381 336 4450 quidem
354 4383 554 4439 desiderantur.

218 4469 251 4535 ²⁰)
269 4468 312 4521 lta
329 4467 465 4523 F²FdHt
502 4468 557 4522 Alii
575 4480 599 4523 et
618 4474 689 4539 quae.
724 4470 789 4525 Mox
806 4471 936 4538 Frjuaera
953 4475 975 4536 ἓ,
992 4471 1026 4526 P'
1044 4479 1174 4528 cubant.

216 4552 250 4619 υ)
269 4551 314 4605 su
330 4571 396 4607 mss.
416 4554 445 4607 eu
461 4552 488 4606 m
503 4553 530 4607 b.
566 4554 604 4607 su
626 4554 694 4608 euru
716 4555 763 4610 aur
786 4562 967 4611 cantuarae.
1002 4557 1096 4611 nnus
1118 4556 1164 4613 me
1182 4558 1311 4629 sporn,
1346 4542 1400 4613 St

151 4635 280 4689 maehum
297 4636 320 4689 si
337 4636 397 4705 jure
415 4654 463 4691 suo
482 4637 524 4691 uu
541 4638 680 4706 voluisset,
703 4640 765 4709 cogi
782 4656 837 4694 non
855 4640 991 4710 potuisse,
1013 4642 1047 4695 ut
1067 4640 1156 4712 ipsius
1175 4642 1280 4714 judicio
1298 4658 1325 4697 rs
1383 4644 1400 4681 ⁸¹

150 4718 283 4778 mitteret.
301 4751 335 4760 -
351 4722 416 4776 Mox
433 4722 467 4775 Βι
479 4722 514 4776 Fr
533 4726 687 4793 Sessart'uni,
706 4724 734 4776 h¹
755 4729 881 4780 Sessoria.

218 4807 250 4873 ²²)
269 4807 292 4859 c¹
307 4822 382 4875 seqq.
403 4814 573 4862 eeclesiastico
591 4815 725 4877 proposito
745 4810 845 4864 omissa
862 4798 928 4865 voce
941 4822 1084 4870 conuentus.
1117 4812 1201 4869 0fl¹⁰
1211 4815 1230 4871 b
1242 4815 1268 4871 ο*
1281 4807 1400 4869 Μ

149 4895 188 4941 uel
206 4887 239 4955 (O
259 4889 347 4944 ornitt.
366 4893 416 4958 vel)
439 4897 610 4948 eeclesiastico
636 4901 778 4963 proposito.
826 4895 938 4949 1⁴¹th
961 4909 1099 4952 conuentu
1121 4904 1290 4956 ecclesiastes
1308 4878 1399 4963 (3¹⁸⁸
