3204 5506
526 349 696 400 urrsroun
720 341 770 399 26.
1223 335 1282 402 401

100 502 168 583 tum,
191 498 365 568 secundum
387 503 620 570 ecclesiasticas
642 504 771 588 regulas
797 526 856 588 pro
884 504 945 568 fide
968 503 1128 583 catholica
1149 509 1182 571 et
1204 528 1287 571 com·
1300 521 1394 573 a.495.

100 603 172 669 trione
188 604 357 689 prolatam,
380 628 477 692 quam
493 610 609 672 cuncta
623 605 739 691 recipit
754 605 909 691 Ecclesia,
932 628 1028 691 quam
1044 609 1182 672 maxime
1197 609 1286 674 sedes

100 705 192 770 stolica
213 707 442 792 comprobavit,
466 712 503 773 ut
524 709 670 774 debuerit
692 712 725 773 et
743 709 885 794 potuerit
906 709 1084 794 immutari;
1106 710 1189 775 bene
1209 733 1286 776 vero

100 811 146 872 hm
165 808 318 892 synodum
336 809 431 893 juxta
453 811 672 895 supradictum
698 810 827 875 modum
853 832 936 876 nova
958 811 1079 895 syuodo
1101 811 1285 878 nullatcnus

100 909 255 976 tutandam.
300 910 439 978 Proinde
461 913 489 977 si
510 911 680 997 Eutychen
706 913 852 977 fatentur
878 912 1092 997 haereticum,
1120 914 1204 979 male
1231 937 1286 1001 ge·

100 1011 206 1096 repud
227 1010 393 1098 Ephesum
415 1015 581 1099 synodum,
605 1037 668 1099 qua
691 1019 740 1079 est
762 1018 918 1099 receptus,
941 1015 1063 1099 pariter
1084 1015 1283 1101 fatebuntur,

100 1113 257 1200 erbene⁴²)
285 1119 410 1201 gestam
438 1117 595 1200 synodum
618 1116 926 1201 Calchedonemem,
961 1139 1023 1202 qua
1044 1116 1207 1202 Eutyches
1234 1120 1285 1183 vel

113 1235 148 1279 eo
173 1216 351 1282 sentientes
378 1217 458 1282 talia
486 1222 563 1283 sunt
590 1218 717 1303 rejecti,
747 1219 849 1284 velint
876 1218 1044 1304 nolintque
1066 1220 1285 1304 consentient3

100 1317 204 1383 cideo
225 1318 308 1384 bene
329 1322 455 1404 gestam
477 1320 634 1405 synodum
649 1320 741 1385 noris
757 1320 1028 1406 exagitationibus
1051 1321 1196 1387 refricari
1219 1345 1285 1387 uon

100 1440 141 1485 sse
162 1424 370 1507 cognoscant.
416 1421 477 1497 Qui
499 1422 526 1486 si
548 1422 686 1487 forsitan
708 1422 858 1506 dixerint,
894 1444 931 1486 eo
952 1426 1064 1487 tenore
1085 1422 1285 1508 Ephesinam

100 1543 137 1606 ue
158 1523 316 1608 synodum
337 1545 403 1588 non
425 1523 552 1588 licuisse
574 1526 707 1609 mutari3
730 1547 838 1589 rursus
854 1525 933 1590 haec
948 1524 1069 1607 eadem,
1093 1547 1174 1609 quae
1189 1549 1286 1612 supra

100 1625 283 1709 smpsimus,
320 1625 448 1711 planius
477 1626 614 1710 repetita
636 1627 891 1711 perpendantur,
921 1627 1042 1690 idest:
1076 1627 1150 1710 quia
1172 1632 1286 1693 contra

100 1747 121 1809 r,
151 1730 265 1791 contra
286 1728 455 1792 cecitatem
483 1729 800 1814 communionemque
823 1729 1015 1793 catholicam
1037 1751 1171 1815 vereque
1193 1729 1285 1796 Chri-

100 1849 153 1892 lam
175 1849 242 1892 uon
264 1832 352 1893 recte
374 1830 417 1894 sit
438 1833 531 1916 gesta
553 1830 707 1915 synodus,
730 1830 878 1915 legitima
898 1832 1019 1916 syuodo
1035 1853 1093 1915 pro
1107 1831 1181 1916 fide,
1204 1834 1285 1896 veri-

113 1931 393 2016 communioneque
428 1932 586 1997 catholica
620 1954 754 2018 vereque
784 1932 969 1999 Christiana
1003 1933 1105 1997 modis
1137 1935 1285 1998 omnibus

100 2031 205 2096 alenda
227 2035 293 2116 est,
323 2036 366 2136 et,
384 2033 506 2118 injusta
533 2035 671 2120 synodus
696 2035 785 2118 justa
807 2036 928 2120 synodo
949 2034 1176 2099 submovenda.
1220 2035 1284 2099 Pro
1386 2085 1391 2109 ,

116 2138 219 2199 autem
256 2137 290 2198 et
324 2135 459 2201 veritate
496 2139 530 2201 et
565 2138 787 2202 communione
824 2136 983 2201 catholica
1019 2137 1104 2200 bona
1144 2136 1284 2221 synodus

100 2256 149 2319 que
175 2235 361 2301 Christiana
393 2238 491 2302 semel
528 2241 601 2302 acta
629 2240 718 2303 nulla
746 2261 805 2304 nec
834 2241 940 2322 potest
970 2258 1031 2301 nec
1059 2237 1154 2302 debet
1180 2260 1283 2302 novae

100 2335 130 2399 di
148 2336 320 2402 iteratione
342 2338 489 2422 convelli,
517 2340 573 2403 sed
600 2341 774 2404 secundum
801 2341 882 2404 bene
909 2343 1036 2425 gestam
1057 2339 1214 2424 synodum
1235 2361 1284 2404 re-

100 2459 131 2502 ue
149 2440 336 2524 praefixam,
366 2440 485 2525 siquis
509 2441 549 2505 ab
572 2441 640 2525 ejus
661 2437 791 2506 tramite
814 2442 960 2524 deviarit,
980 2428 1223 2527 'cousequenter
1246 2463 1284 2505 ac

100 2539 211 2606 ,denter
233 2543 303 2626 ejus
326 2542 512 2607 definitione
528 2542 725 2627 plectendus,
749 2543 925 2628 meritoque
947 2544 1033 2607 illius
1048 2543 1194 2626 subjacet
1210 2565 1283 2608 con·

100 2641 147 2706 lis.
189 2643 259 2708 Nec
281 2667 360 2728 opus
388 2648 437 2709 est
458 2665 515 2728 per
537 2644 681 2730 singulos
703 2668 843 2730 quosque
871 2646 1037 2710 deviantes
1061 2645 1196 2736 jureque
1218 2645 1283 2728 ple-

100 2741 148 2807 dos
167 2767 266 2810 novas
288 2768 396 2811 rursus
419 2745 555 2830 synodos
572 2746 748 2830 introduci3
771 2769 868 2831 quum
884 2769 921 2818 ex
937 2747 1023 2811 illius
1038 2747 1178 2829 tramite,
1203 2768 1284 2831 quae

100 2864 176 2910 orem
202 2869 275 2911 eum
302 2869 407 2912 errore
435 2847 615 2931 damnavit,
650 2848 792 2933 quisquis
824 2848 966 2932 quolibet
997 2847 1107 2930 modo,
1142 2848 1284 2932 quolibet

100 2944 120 3008 lo
135 2950 276 3032 complex
298 2949 440 3033 ejusdem
461 2948 560 3014 fuerit
581 2949 686 3014 factus
709 2950 834 3033 erroris,
865 2953 901 3013 ut
929 2951 997 3033 ejus
1026 2971 1060 3013 se
1089 2949 1283 3032 contagione

100 3050 180 3134 uerit,
218 3055 436 3135 competenter
469 3055 502 3116 et
529 3052 690 3135 particeps
723 3053 864 3135 ejusdem
891 3051 1107 3115 damnationis
1136 3050 1280 3131 exsistat,
1359 3119 1361 3123 ,

100 3167 148 3231 que
166 3174 270 3236 poena
291 3153 445 3236 puniatur
466 3153 650 3236 obstrictus,
675 3153 766 3236 cujus
788 3153 901 3217 maluit
922 3154 1004 3216 inire
1027 3151 1231 3215 consortium.

113 3248 223 3325 Quaero
246 3275 323 3341 ergo
346 3255 387 3319 ab
408 3254 469 3338 his,
493 3254 567 3339 quid
591 3253 630 3318 de
652 3253 798 3339 Eutyche
821 3255 979 3318 sentiant:
1010 3253 1150 3316 fuissene
1172 3249 1281 3316 haere-

101 3369 167 3439 sum,
196 3377 240 3419 an
262 3359 409 3420 assennrt
430 3377 497 3420 non
518 3355 641 3420 fuisse?
685 3355 719 3421 Si
747 3378 812 3421 non
826 3350 939 3420 ‘fuisse
962 3353 1177 3435 contendunt,
1206 3352 1283 3437 quid

100 3454 205 3539 regibus
232 3460 351 3542 agunt,
380 3457 456 3542 quid
484 3456 724 3522 circuitionibus
752 3457 996 3543 praestigiisque
1024 3478 1058 3521 se
1082 3454 1283 3540 contegunt?

100 3571 134 3619 en
151 3580 182 3622 sc
202 3558 424 3643 Eutychianos
447 3581 515 3623 esse
537 3560 764 3643 pronuntient,
793 3563 829 3623 ut
850 3560 885 3622 in
907 3559 975 3643 ejus
997 3558 1154 3645 sacrilego
1175 3558 1282 3623 furore

100 3655 170 3741 victi,
202 3660 349 3725 veritatis
381 3660 516 3725 molibus
543 3661 734 3743 obruantur,
770 3664 940 3745 aperteque
969 3664 1182 3746 cognoscant,
1217 3682 1282 3724 uon

100 3774 125 3820 ln
142 3759 218 3825 haee
238 3761 310 3846 ipsa
332 3764 430 3846 pestis
445 3761 649 3845 Eutychiana
670 3766 825 3846 quantum
841 3760 1024 3827 Christiano
1047 3761 1190 3846 dogmati
1212 3783 1283 3845 pro

100 3862 271 3947 uiuimica,
294 3864 349 3927 sed
372 3866 508 3949 quantas
532 3861 613 3927 alias
635 3863 782 3928 haereses
805 3885 921 3947 easque
939 3864 1145 3949 gravissimas
1166 3865 1201 3927 in
1223 3884 1282 3943 sua

100 3963 174 4029 uun
195 3965 377 4031 contineat:
399 3965 493 4030 utin
515 3965 628 4049 quibus
650 3965 751 4029 foveis
773 3964 966 4048 volutentur,
991 3969 1023 4028 et
1044 3965 1079 4028 in
1094 3964 1177 4049 quod
1192 3986 1282 4048 prae-

100 4064 160 4130 tium
180 4067 431 4151 barathrumque
453 4070 651 4152 mergantur,
675 4067 872 4152 intelligant.
918 4065 1019 4131 Simul
1041 4070 1148 4130 autem
1169 4065 1197 4128 si
1219 4064 1282 4129 Eu·

100 4185 137 4231 reu
167 4168 364 4234 haereticum
393 4172 531 4253 negant,
569 4168 757 4233 omnimodis
790 4168 987 4251 publicatur,
1025 4166 1108 4250 quod
1139 4165 1211 4229 ideo
1243 4165 1282 4228 de

100 4267 161 4334 ibus
189 4269 414 4355 Eutychianae
441 4270 524 4352 pesti
558 4271 866 4335 communicantibus
899 4290 1068 4352 suppresso
1094 4268 1193 4331 veluti
1221 4264 1283 4329 hoc
1384 4266 1392 4273 “

109 4393 211 4437 errore
235 4372 444 4454 contendunt,
472 4375 509 4435 ut
530 4393 589 4435 nos
610 4393 668 4455 per
689 4372 802 4435 talium
823 4370 1048 4453 nominum⁴⁸),
1079 4367 1163 4451 quod
1185 4365 1280 4450 absit,

100 4473 147 4541 ias
170 4474 392 4559 captiosasque
413 4473 592 4538 tendiculas
615 4474 649 4536 in
671 4471 861 4557 Eutychetis
883 4472 1044 4536 insaniam
1065 4469 1212 4533 nitantur
1233 4468 1282 4533 iu·

100 4734 110 4800 'y
128 4730 207 4786 Editi
225 4740 252 4784 et
268 4747 320 4798 per
337 4731 398 4782 bene
413 4743 522 4798 pectam,
596 4737 671 4801 quod
683 4733 824 4801 Eutyches:
843 4726 1015 4798 castigantur
1032 4741 1066 4781 ex
1083 4745 1148 4781 mss.

100 4815 165 4884 lG¹
179 4814 214 4881 Q¹
229 4813 266 4878 Q²
288 4818 422 4879 nominum,
445 4816 513 4870 editi
534 4820 663 4870 docuinam.
703 4815 823 4882 Moxque
845 4817 873 4868 a⁸
891 4823 1067 4883 computantur
1088 4811 1293 4882 corrigendum·

100 5004 202 5043 rom
218 5001 327 5040 nourr.
340 4969 452 5044 aarum.
470 4991 492 5045 Ι.
587 4989 599 5003 ‘
1040 4992 1080 5050 26
