3204 5506
76 531 112 594 (a.
123 529 191 592 497).

54 596 116 651 Joh.
123 602 147 661 2,
156 600 193 648 19.

120 1684 184 1737 Luc.

104 1758 193 1818 raas.

205 346 267 411 626
608 360 635 409 s.
653 359 835 408 aass'rasn
858 361 883 406 11
907 359 1020 405 aaran

205 517 333 580 stantiis
355 537 438 578 unus
461 518 493 577 et
515 514 583 596 ipse
606 514 701 595 visus,
726 513 900 577 secunvlmn
921 513 1004 596 quod
1020 513 1255 596 scriptumest:
1276 516 1417 578 suaara·
1496 534 1514 571 e.

200 626 287 698 plum
309 624 398 693 islird,
423 630 452 679 et
474 624 504 679 ia
527 622 623 679 aibas
645 621 748 680 diebus
770 620 953 679 resuscitabo
976 621 1062 678 illud.
1109 613 1250 679 Solvitur
1274 615 1347 679 anim
1360 614 1420 680 Chri·
1497 630 1514 669 a:

205 725 273 783 stus
294 719 388 783 Jesus
411 718 585 781 secundum
608 719 712 802 euml)
735 717 960 797 substantiam,
985 737 1081 799 quam
1103 715 1254 800 suscepit,
1276 720 1306 779 et
1326 717 1427 780 solutum
1505 731 1514 787 j·-

205 821 340 884 suscitat
360 821 524 904 proprium
547 819 717 902 templum:
739 818 800 882 hoc
815 818 883 901 ipse
902 817 1077 881 secundum
1092 816 1235 881 divinam
1249 817 1432 887 substantiam¹
1508 829 1514 866 ἲ

205 922 377 985 secundnm
400 943 494 1006 quam
518 924 549 984 ct
572 922 716 985 omnium
745 920 862 984 artifex
886 924 944 983 est.
989 918 1165 1004 Nunquam
1187 923 1292 983 autem
1311 917 1380 1003 peril
1395 932 1440 978 re

205 1024 433 1087 surrectionem
457 1023 611 1087 unitionis
634 1026 763 1086 nostrae
786 1022 933 1086 discessit
954 1044 973 1083 a
994 1023 1124 1105 proprio
1146 1021 1277 1105 templo,
1299 1019 1447 1085 nachor

205 1126 278 1189 dere
306 1129 413 1208 potest
440 1129 572 1209 propter
599 1124 794 1188 ineffabilem
822 1146 912 1187 suam
940 1123 1188 1208 benignitatem.
1243 1121 1302 1188 Sed
1324 1126 1364 1186 cst
1382 1121 1456 1205 ipfle

204 1227 360 1290 Dominus
382 1226 476 1290 Jesus
493 1227 638 1291 Christus
661 1229 694 1289 et
716 1225 878 1310 passibilis
893 1229 926 1289 et
940 1224 1163 1309 impassibilis:
1187 1224 1343 1308 passibilis
1353 1227 1462 1314 seculffi·

204 1328 279 1390 dum
306 1329 555 1409 humanitatem,
591 1326 796 1410 impassibilis
828 1328 1003 1391 secundum
1034 1327 1249 1391 divinitatem.
1299 1307 1469 1392 Suscitsv‘ll

203 1431 303 1514 igitur
325 1452 417 1493 suum
438 1429 593 1512 temphmr
616 1429 701 1492 Deus
717 1428 869 1509 Verbum,
894 1432 926 1492 et
947 1429 981 1492 in
1004 1451 1038 1492 se
1061 1432 1197 1492 naturae
1220 1432 1345 1493 nostrae
1362 1424 1471 1490 res=1¹'

204 1532 377 1595 rectionem
401 1533 433 1594 et
455 1531 694 1594 renovationem
717 1535 867 1614 ‹rpreratus
891 1536 948 1596 est.
990 1530 1034 1594 Et
1056 1532 1140 1594 hanc
1156 1529 1312 1594 Dominus
1326 1524 1472 1594 emam

204 1636 313 1696 noster
335 1631 431 1714 Deus,
456 1637 624 1716 postquam
647 1633 821 1697 resurrexit
844 1657 862 1695 a
885 1634 1027 1715 mortuis,
1052 1632 1218 1716 discipulis
1241 1632 1307 1696 suis
1327 1623 1469 1695 ostend&²

206 1735 260 1798 bat
282 1734 406 1798 dicens:
431 1741 560 1814 Peripate
581 1756 627 1797 me
641 1751 670 1798 et
686 1742 794 1814 eruere,
818 1744 959 1813 quoniam
981 1742 1105 1815 spiritus
1127 1755 1252 1799 carnem
1274 1746 1303 1796 et
1325 1755 1385 1798 osso
1404 1735 1463 1796 aad

203 1843 299 1909 tobel,
322 1843 570 1915 qireraadmodum
593 1857 637 1899 mc
660 1843 764 1899 uidetis
785 1843 906 1900 trabere.
944 1835 1017 1900 Non
1041 1837 1132 1917 dixit,
1156 1842 1401 1915 quemadmodum
1420 1842 1461 1898 ml

204 1946 416 2012 dictitavere,
440 1938 493 2001 sed
517 1943 643 2001 trabere:
671 1943 706 2000 ut
728 1942 760 2001 et
782 1939 836 2022 qui
859 1938 957 2002 habet
979 1942 1011 2002 et
1033 1939 1087 2023 qui
1103 1939 1240 2002 habetur
1257 1937 1457 2015 considerans,

203 2062 268 2103 non
290 2040 550 2123 permixtionem,
575 2062 640 2102 non
664 2041 919 2120 conversionem,
944 2061 1009 2103 non
1032 2042 1261 2121 mutationem,
1292 2039 1350 2103 sed
1370 2039 1460 2103 unita·

203 2145 267 2205 tem
289 2142 409 2205 factam
432 2142 593 2226 respicias.
629 2140 802 2225 Propterea
825 2145 857 2204 et
872 2141 990 2205 fixuras
1006 2141 1166 2205 clavorum
1190 2146 1223 2206 et
1238 2141 1396 2207 fixionem
1409 2142 1466 2206 lau·

204 2265 277 2307 aeae
300 2244 540 2324 demonstravit,
565 2248 597 2306 et
620 2265 691 2305 eum
714 2242 877 2327 discipulis
900 2244 1121 2325 manducavit,
1156 2246 1194 2307 ut
1215 2266 1277 2328 per
1299 2245 1412 2308 omnia
1432 2267 1471 2308 re

202 2345 431 2408 surrectionem
468 2349 596 2409 nostrae
628 2350 763 2409 naturae
796 2346 828 2408 in
865 2367 899 2408 se
931 2350 1118 2409 renovatam
1150 2345 1301 2411 doceret:
1340 2350 1377 2411 et
1408 2347 1476 2431 quia

203 2446 376 2510 secundmn
399 2447 525 2510 beatam
549 2446 726 2510 divinitatis
756 2447 968 2510 substantiam
991 2446 1265 2529 inconvertibilis,
1302 2449 1478 2514 incommu-

202 2548 322 2628 tabilis,
345 2548 564 2630 impassibilis,
588 2548 788 2630 immortalia,
812 2548 931 2612 nullius
947 2548 1106 2633 indigens,
1128 2549 1341 2635 perficiens*)
1359 2573 1480 2631 omnes,

202 2650 366 2732 passiones
388 2651 456 2732 ipse
479 2651 624 2733 permisit
645 2651 774 2734 proprio
796 2651 909 2714 inferri
932 2650 1061 2735 templo,
1093 2651 1177 2736 quod
1199 2651 1329 2717 virtute
1352 2655 1483 2739 propria

203 2751 381 2831 suscitavit,
417 2759 450 2815 et
476 2775 533 2835 per
561 2752 722 2835 propriam
751 2753 980 2835 perfectionem
1009 2754 1119 2837 templi
1147 2753 1197 2817 sui
1231 2757 1484 2821 renovationem

202 2857 329 2915 nostrae
352 2856 486 2917 naturae
508 2857 657 2937 operatus
681 2858 738 2917 est.
785 2854 845 2929 Qui
868 2858 974 2918 autem
1002 2854 1114 2918 dicunt
1135 2854 1294 2920 subtilem
1317 2856 1484 2923 hominem

202 2952 373 3036 Christum,
398 2961 454 3018 aut
476 2956 660 3038 passibilem
684 2955 797 3037 lleum,
822 2958 934 3020 autin
958 2978 1053 3021 carne
1068 2978 1205 3039 versum,
1232 2962 1390 3025 autnon
1415 2982 1484 3025 cou-

202 3055 339 3139 nituml)
363 3056 512 3120 habuisse
536 3080 660 3140 corpuS,
685 3061 741 3119 aut
764 3057 801 3120 de
826 3059 913 3121 coelo
935 3058 995 3122 hoc
1012 3058 1172 3141 detulisse,
1197 3063 1258 3123 aut
1281 3059 1483 3144 phantasma

202 3179 284 3239 esse,
315 3163 370 3221 aut
392 3160 558 3222 mortalem
580 3160 721 3223 dicentes
744 3159 846 3222 Deum
869 3159 1011 3224 Verbum
1032 3161 1228 3245 indiguisse,
1268 3166 1307 3227 ut
1337 3188 1359 3229 a
1388 3164 1482 3229 Patre

201 3261 418 3341 suscitaretur,
443 3265 498 3324 aaut
520 3263 589 3324 sine
613 3263 720 3324 anima
743 3284 866 3345 corpus,
891 3266 947 3326 aut
969 3263 1038 3326 sinc
1060 3285 1157 3326 sensu
1178 3262 1357 3331 hominem
1381 3290 1482 3333 susce·

201 3363 300 3444 pisse,
326 3366 381 3425 erut
403 3364 480 3425 duas
504 3363 700 3426 substantias
724 3363 858 3445 Christi,
889 3364 1062 3428 secundum
1089 3366 1350 3448 permixtionem
1375 3371 1482 3436 conlu-

202 3486 269 3544 sas,
295 3486 390 3526 unam
413 3464 533 3527 factam
555 3465 653 3527 fuisse
675 3466 903 3547 substantiam,
934 3470 966 3529 ct
994 3488 1058 3530 non
1082 3467 1281 3534 confit-entes
1304 3469 1482 3538 Dominum

200 3568 345 3628 nostrum
367 3565 477 3630 desum
501 3566 662 3631 Christian
684 3566 762 3630 diras
784 3590 854 3631 esse
869 3571 1001 3631 naturas
1017 3569 1217 3652 inconfusae,
1243 3594 1353 3638 unam
1378 3580 1483 3640 autera

201 3688 386 3749 personam,
418 3669 592 3731 secundum
614 3669 696 3751 quod
725 3693 805 3733 unus
829 3670 992 3752 Christus,
1028 3693 1109 3734 unus
1131 3671 1220 3735 idem
1244 3671 1372 3742 Filius:
1407 3680 1483 3743 istos

202 3767 453 3832 anathematizat
475 3769 632 3833 catholica
655 3773 687 3833 et
709 3772 884 3854 apostolica
907 3771 1061 3836 Ecclesia.

285 3872 315 3934 3.
353 3871 442 3935 Haec
465 3894 541 3955 ergo
564 3881 649 3954 smrt,
672 3875 773 3937 frater
795 3874 1014 3957 dilectissime,
1044 3895 1123 3958 quae
1151 3896 1213 3958 pro
1244 3880 1405 3947 antidoto
1426 3903 1483 3948 nos

267 4148 288 4212 θ)
308 4162 337 4197 ee
355 4165 455 4211 inermi,
474 4148 499 4197 a'
519 4164 602 4205 saera,
621 4144 716 4199 littera
733 4167 762 4211 m,
781 4163 837 4214 qua
854 4145 1020 4200 antecedens
1036 4162 1089 4200 vor
1101 4145 1213 4214 desinit,
1232 4167 1399 4223 perperam
1409 4156 1484 4225 quad

200 4229 363 4296 antiquariis
381 4246 464 4298 saepe
483 4229 584 4282 accidit
601 4230 729 4298 repetita.
766 4230 847 4284 Certe
865 4231 1026 4285 Anastasius
1048 4231 1202 4286 humanam
1221 4233 1333 4292 Christi
1353 4244 1482 4297 nahrmm

200 4326 311 4367 nostram
330 4330 384 4366 non
403 4335 480 4366 aream
499 4314 640 4382 appellare
658 4316 736 4369 solet.

267 4401 287 4466 ⁷)
307 4399 349 4451 lta
366 4417 429 4451 mss.
465 4399 540 4452 Editi
557 4414 617 4466 post
634 4408 843 4455 reuureelr'oaem
862 4408 980 4455 carilionis
998 4414 1101 4456 noemae
1118 4414 1242 4459 naturae.
1275 4410 1372 4466 Ursidio
1390 4414 1483 4467 auten

200 4499 250 4550 pro
268 4503 297 4535 re
316 4491 385 4535 araim
403 4483 448 4536 hie
465 4484 606 4553 accipitur.
643 4485 706 4538 Mor
725 4486 760 4539 Κ3
778 4493 925 4554 ‹iipaiartea
943 4486 1013 4552 (loeo
1032 4491 1234 4557 benignitatem).

267 4571 286 4634 ⁸)
306 4568 349 4621 lta
367 4568 561 4637 corrigendum
580 4570 714 4636 (lusimus,
736 4571 810 4639 quod
828 4571 904 4640 prius
922 4571 1053 4625 mendose
1071 4589 1103 4626 ao
1122 4571 1229 4630 vitiosa
1247 4577 1484 4651 interpunctione

201 4650 239 4703 sic
256 4653 399 4720 vulgatum
418 4656 490 4708 erat:
508 4661 644 4722 perficiens
661 4677 745 4710 omrres
762 4664 902 4724 passiones,
921 4677 948 4710 se
964 4663 1089 4725 permisit.
1118 4656 1203 4713 Nunc
1217 4678 1313 4730 porro
1327 4664 1407 4722 Deus
1418 4667 1484 4722 Ver-

200 4735 266 4788 bum
284 4753 316 4789 eo
335 4738 417 4792 modo
435 4746 570 4807 perficiens
587 4760 679 4806 omues,
699 4757 753 4809 quo
773 4741 898 4810 superius
916 4747 1021 4795 ornabar
1039 4747 1139 4810 artifex
1156 4745 1361 4813 praedicatur.

266 4825 488 4891 ”leucopetram
524 4824 708 4879 Retinendum
728 4843 789 4879 cum
807 4830 833 4879 a¹
853 4835 989 4880 carrariam:
1017 4845 1072 4895 qno
1095 4828 1183 4883 verbo
1209 4831 1300 4888 simul
1325 4839 1483 4894 excluditur

199 4907 360 4958 naturarum
378 4908 512 4974 confusia,
535 4911 563 4961 et
581 4911 703 4979 corporis
721 4911 813 4964 Verbo
836 4911 905 4964 uniti
923 4911 1131 4981 perseverantia
1149 4916 1220 4984 apte
1239 4917 1414 4979 adstruatur.
