3204 5506
231 330 294 394 924
421 384 427 403 ,.
673 341 1062 391 sacramentarium

121 530 146 567 a.
159 516 217 565 520.
231 501 361 586 quam⁵)
385 497 589 583 amplectitur
612 499 730 562 coetus.
767 496 921 562 Divinum
944 497 1029 562 enim
1052 519 1166 562 revera
1181 501 1334 562 sanctum
1356 502 1389 563 et
1409 499 1496 566 aDee

233 604 343 667 datum
366 600 544 686 symbolum
566 603 782 665 trecentorum
805 599 914 665 decem
942 602 974 664 et
1000 603 1073 665 octo
1100 604 1291 665 sanctorum
1318 604 1496 685 pat-rumin

232 704 354 770 Nicaea
383 706 651 788 congregatorum
679 703 775 766 adoro
805 706 837 766 et
868 702 1032 786 praedico,
1063 706 1096 767 et
1122 701 1302 768 Christiani
1333 702 1496 788 splendoris

206 862 211 870 .
233 806 440 871 manifestum
458 805 616 889 judicium
638 826 707 869 esse
730 805 902 887 annunti03
926 808 959 869 et
979 804 1220 890 quinquaginta
1235 807 1270 869 et
1286 809 1415 870 centum
1435 829 1496 871 san·

234 911 358 972 ctorum
380 907 581 971 sacerdotum
603 906 637 971 in
660 907 720 971 hac
744 906 822 970 urbe
843 907 933 991 regia
953 906 1073 970 factam
1101 907 1321 972 venerabilem
1341 908 1495 992 synodum,

233 1009 382 1074 similiter
404 1013 437 1074 et
458 1009 668 1073 ducentorum
691 1008 750 1073 Dei
775 1010 953 1072 amatorum
975 1013 1104 1093 patrum
1128 1013 1325 1075 conventum
1347 1011 1382 1074 in
1403 1010 1496 1096 Ephe

233 1111 305 1176 sina
326 1110 464 1193 factum,
494 1111 632 1195 triginta
655 1114 687 1175 et
709 1114 932 1175 sexcentorum
959 1111 1298 1176 reverendissimorum
1326 1116 1450 1196 patrum
1468 1118 1495 1178 et

233 1213 434 1277 sacerdotum
457 1213 613 1297 synodum
635 1214 754 1277 factam
778 1212 979 1278 Calchedona
1006 1214 1139 1298 unamss)
1163 1235 1233 1278 esse
1256 1218 1289 1277 et
1318 1216 1495 1279 convenien-

232 1319 299 1379 tem
325 1318 358 1379 et
386 1317 644 1400 compaginatam
671 1315 844 1399 praedietis
873 1315 993 1379 sanctis
1022 1315 1166 1379 conciliis
1173 1365 1182 1397 ,
1210 1315 1282 1399 ipse
1311 1337 1373 1401 ego
1400 1317 1493 1401 didici,

234 1417 375 1502 aliosque
405 1416 517 1481 docere
546 1417 692 1501 cognovi.
742 1417 782 1480 In
810 1416 860 1480 his
888 1437 965 1501 ergo
993 1420 1129 1501 quatuor
1161 1417 1294 1501 synodis
1323 1419 1440 1482 sanctis
1468 1423 1494 1484 et

234 1519 332 1584 1111111
354 1541 508 1603 magnum
530 1518 660 1602 pietatis
675 1519 895 1603 praedicatum
909 1519 1107 1603 mysterium,
1131 1522 1164 1583 et
1182 1521 1330 1584 emnium
1344 1519 1493 1585 hominum

235 1624 284 1686 est
305 1620 446 1705 reposita
468 1621 564 1685 salus.
603 1619 668 1685 Eos
691 1623 788 1704 enim,
812 1621 866 1705 qui
888 1620 1020 1685 fuerunt
1041 1621 1092 1685 vel
1114 1625 1192 1686 sunt
1214 1621 1360 1705 ejusdem
1380 1627 1492 1688 senten·

233 1723 308 1806 tiae,
333 1726 366 1787 et
386 1723 525 1807 suscipio
548 1727 581 1788 et
596 1723 771 1807 amplector
791 1728 823 1787 et
837 1723 929 1787 unire
947 1745 998 1787 me
1020 1723 1065 1786 eis
1080 1723 1190 1808 diligo.
1226 1722 1255 1788 E
1272 1729 1386 1789 eontra
1400 1730 1492 1789 auten

234 1847 302 1908 eos,
332 1825 386 1910 qui
409 1829 537 1909 praeter
565 1826 643 1889 istas
673 1825 749 1911 quid
778 1825 924 1890 sentiunt
953 1827 1010 1889 aut
1037 1825 1227 1909 praedicant
1257 1826 1308 1890 vel
1335 1827 1491 1911 praetento

233 1931 377 2013 tempore
405 1928 525 2013 aliquid
556 1929 663 1992 conati
690 1931 781 2010 sunt,
815 1950 834 1990 a
863 1930 952 1992 coetu
984 1926 1234 1992 orthodoxorum
1266 1931 1408 1993 exterres
1434 1951 1490 1994 esse

234 2031 391 2095 existima.
433 2030 588 2096 Similiter
609 2033 713 2094 rectas
735 2033 768 2093 et
789 2051 900 2093 revera
922 2029 1178 2115 religiosissimas
1200 2029 1355 2114 epistolas
1375 2053 1488 2096 renere-

233 2132 307 2197 bilis
318 2155 420 2217 papae
427 2132 542 2196 Leonis
553 2154 611 2217 pro
620 2131 778 2196 rectafide
790 2133 988 2217 conscriptas
1001 2130 1302 2215 circumamplector
1313 2137 1346 2197 et
1356 2134 1486 2218 suscipio.

318 2236 348 2300 3.
383 2234 513 2299 Habeat
534 2234 634 2318 igitur
656 2233 741 2298 hanc
763 2235 957 2300 sententiam
980 2235 1066 2298 circa
1087 2255 1138 2297 me
1157 2237 1284 2298 vestrae
1299 2235 1488 2299 beatitudinis

233 2340 345 2402 sancta
366 2336 565 2401 fraternitas.
607 2336 707 2401 Vobis
730 2336 816 2401 enim
837 2336 1044 2401 manifestum
1065 2335 1139 2419 feci,
1165 2339 1199 2400 et
1220 2335 1314 2423 sub⁷)
1336 2359 1386 2401 me
1407 2337 1484 2402 eccle

233 2440 289 2504 siis
311 2438 390 2504 haec
412 2439 577 2523 praedica,
601 2438 758 2503 festinans
781 2461 839 2522 per
861 2439 968 2502 omnia
990 2460 1043 2503 eas
1064 2437 1208 2522 mihique
1231 2441 1264 2503 et
1287 2442 1408 2503 vestrae
1428 2439 1484 2503 bea·

233 2541 363 2605 titudini
387 2540 516 2605 vinculo
540 2541 683 2605 caritatis
706 2540 851 2624 adunari,
876 2563 954 2626 quas
969 2542 1100 2605 omnine
1122 2542 1251 2624 oportet
1266 2561 1336 2605 esse
1351 2541 1485 2605 unitaset

232 2642 442 2725 inviolabiles
467 2646 500 2706 et
522 2665 636 2727 eorpus
657 2666 758 2707 unuin
774 2643 949 2707 communis
972 2642 1165 2727 apostelicae
1180 2641 1345 2707 Ecclesiae
1359 2643 1484 2727 idemque

232 2747 387 2830 perpetuo
411 2745 578 2810 custodire.
616 2745 762 2821 Quantus
785 2745 871 2809 enim
895 2746 978 2810 circa
1000 2748 1139 2809 vestram
1162 2745 1377 2810 venerabilem
1391 2746 1483 2809 frater·

233 2848 370 2912 nitatem
392 2848 427 2912 in
449 2847 598 2911 omnibus
620 2848 663 2912 sit
685 2869 783 2931 amor,
803 2848 916 2932 jubete
930 2848 1128 2932 perpendere
1136 2847 1178 2932 8);
1202 2847 1278 2932 quia
1299 2869 1377 2933 quos
1398 2852 1484 2912 restra

300 3038 321 3104 ⁵)
339 3036 413 3090 Loco
431 3034 584 3105 particulae
603 3055 676 3104 pam
693 3034 828 3089 Batonius
845 3033 989 3089 substituit
1006 3039 1140 3100 laicorum,
1160 3033 1278 3104 ejusque
1297 3033 1436 3090 lectionem
1450 3051 1483 3088 ar·

132 3125 135 3129 '
233 3121 378 3192 ripueruut
401 3120 467 3175 edit.
491 3119 585 3175 concil.
605 3118 729 3174 Ecclesia
751 3121 846 3174 tamen
863 3119 892 3173 in
910 3119 1024 3174 clericos
1043 3120 1072 3173 et
1089 3119 1188 3186 laicos,
1211 3135 1267 3173 nen
1285 3119 1313 3173 in
1330 3119 1483 3174 sacerdotum

233 3208 262 3261 et
278 3206 413 3261 laicorum
431 3206 540 3260 coetum
558 3203 644 3258 dividi
665 3204 742 3258 solet.
782 3194 854 3259 Sane
872 3205 1017 3260 mallemus
1040 3216 1065 3258 et
1084 3209 1190 3259 amatam
1213 3209 1390 3260 catholicam
1406 3212 1483 3273 eapte·

232 3299 310 3345 ctttza
327 3304 421 3346 coetae.
456 3290 604 3343 Dioscorus
627 3289 706 3358 epist.
729 3295 773 3342 111
792 3289 980 3359 Epiphaniam
998 3289 1123 3360 episcopi
1140 3288 1182 3343 sui
1199 3289 1350 3358 syncellum
1367 3288 1483 3344 exstitine

233 3376 322 3430 docet.
352 3375 488 3430 Eumdem
506 3374 626 3444 synodus
639 3373 947 3444 Constantinopolitano
965 3374 1044 3444 epist.
1059 3382 1107 3429 131
1126 3375 1263 3429 maximas
1275 3373 1404 3430 eeclesiae
1420 3390 1484 3428 curas

233 3460 406 3527 sustinuisse,
425 3460 643 3528 nominatimque
661 3461 808 3529 paternam
826 3460 1014 3530 orphanorum
1032 3459 1249 3514 sollicitudinem
1266 3459 1381 3529 gessisse
1393 3457 1483 3530 praedi:

233 3547 286 3601 cat.
328 3546 389 3615 lpse
412 3563 485 3599 nunc
507 3562 537 3599 se
559 3545 746 3614 baptizandis,
773 3546 805 3599 ut
828 3560 875 3599 ees
901 3545 966 3599 fidei
988 3544 1116 3599 doctrina
1138 3545 1290 3610 imbueret,
1313 3543 1484 3615 praepositum

233 3630 316 3684 fuisse
334 3629 437 3684 scribit.
469 3630 523 3684 Sed
541 3630 605 3683 hine
622 3628 718 3683 inferri
735 3629 844 3699 nequit,
864 3631 947 3684 rudes
964 3628 1129 3683 instituendi
1141 3646 1190 3683 seu
1203 3628 1390 3684 catechizandi
1401 3645 1483 3682 mmm

233 3714 346 3785 syncelli
365 3715 455 3769 officie
473 3715 557 3768 fraisne
579 3714 724 3782 illigatum.
761 3715 793 3768 Id
816 3731 901 3785 perro
920 3715 1115 3785 episcoporum
1134 3715 1203 3768 erat.
1239 3712 1294 3784 Ipsi
1312 3713 1484 3767 veraedum

233 3818 332 3854 munus
351 3815 398 3853 ees
416 3799 592 3869 potissimum
610 3799 783 3868 deligebant,
802 3800 850 3869 qui
868 3802 897 3855 et
914 3800 1016 3853 idonea
1028 3799 1144 3853 scientia
1155 3800 1185 3852 et
1196 3798 1350 3853 disserendi
1367 3796 1484 3852 facilitate

232 3886 377 3956 pollerent.
411 3884 481 3939 Eam
500 3885 535 3939 ob
555 3901 666 3939 causam
686 3884 787 3940 delecti
805 3889 880 3953 sunt,
899 3886 947 3953 qui
965 3901 997 3939 ee
1016 3901 1131 3938 munere
1149 3881 1335 3938 Alexandriae
1352 3883 1483 3952 tungeren-

233 3973 290 4037 tur,
309 3970 478 4036 Pantaenus,
498 3969 635 4035 Clemens,
654 3970 801 4039 Origenes,
820 3970 952 4025 Heraolas
970 3985 1003 4024 ae
1015 3968 1176 4038 Dionysius,
1194 3969 1226 4022 111
1242 3968 1378 4022 Eusebius
1394 3964 1486 4025 aas.

234 4064 273 4110 13.
292 4056 343 4122 Vl,
361 4063 385 4121 3,
399 4061 458 4121 5,6,
473 4061 511 4115 19,
525 4060 564 4114 26,
578 4062 610 4110 ‘29
628 4055 722 4109 tradit.
760 4056 837 4109 Idem
856 4071 966 4123 quoque
984 4054 1012 4107 in
1031 4053 1147 4108 eeclesia
1164 4052 1253 4108 latina
1270 4052 1401 4107 usitatim
1417 4051 1486 4106 faiae

233 4142 315 4196 docet
332 4139 514 4209 Augustinus,
533 4140 599 4194 dum
615 4141 719 4194 librum
736 4141 770 4195 de
790 4139 993 4196 catechizandis
1010 4138 1125 4193 rudibus
1142 4140 1182 4194 sic
1200 4137 1356 4194 exorditur:
1377 4142 1487 4192 Pettstte

233 4248 282 4292 rae,
302 4231 390 4293 frater
413 4230 580 4295 deogratias,
605 4233 674 4295 qaod
695 4231 740 4279 tibi
761 4233 818 4280 1111ιί
838 4237 905 4280 esset
926 4229 1071 4279 scriberem.
1116 4229 1216 4279 Dtatsti
1236 4230 1313 4289 111111,
1336 4229 1404 4294 quod
1421 4240 1488 4290 saepe

233 4317 304 4378 apud
320 4316 509 4380 Carthaginem,
532 4314 574 4364 aaz·
596 4316 717 4365 diaconus
739 4332 779 4378 es,
803 4316 838 4365 ad
855 4322 880 4365 te
898 4316 1059 4364 adducantur
1082 4314 1125 4379 qui
1142 4315 1196 4378 {ide
1219 4313 1367 4363 ceruam
1387 4314 1489 4377 pristim

233 4399 358 4451 imbuendi
374 4407 444 4463 sant,
462 4417 492 4451 eo
511 4401 579 4466 qaod
596 4402 750 4451 eatattmeris
762 4400 855 4451 babere
867 4400 1042 4449 1111111111ἀί
1053 4398 1153 4449 uberem
1168 4399 1331 4462 seratam,
1349 4404 1375 4449 et
1386 4396 1490 4448 doctina

230 4485 293 4547 fidet
310 4491 335 4534 et
351 4487 475 4535 suauitate
492 4486 623 4536 sermonis.

300 4568 321 4633 ⁶)
339 4567 358 4618 b
376 4567 510 4636 praetulit
527 4587 623 4633 aeram,
645 4565 750 4635 rejecto
773 4567 810 4621 ad
827 4584 915 4636 marg.
936 4587 1023 4621 anam:
1047 4582 1102 4634 que
1119 4565 1207 4620 verbo
1224 4564 1399 4636 Epiphanius
1418 4579 1488 4618 11111111

125 4643 131 4659 ’
234 4650 262 4703 et
280 4651 407 4705 eamdem
425 4651 506 4721 hujus
526 4651 633 4706 concilii
651 4653 735 4721 atque
752 4651 837 4705 trium
855 4651 1029 4721 superiorum
1046 4651 1129 4705 fidem
1146 4665 1205 4705 esse
1224 4649 1354 4704 adst-mit.

300 4736 322 4801 ⁷)
339 4735 383 4787 Ad
400 4735 523 4791 litteram
545 4753 676 4806 graecam
694 4743 759 4800 ταῖς
777 4732 833 4794 ὑπὸ
855 4739 912 4807 pori
929 4733 1107 4807 ἐκκλησίαις,
1127 4734 1201 4804 quod
1224 4736 1279 4789 est:
1302 4739 1423 4804 subjectis
1444 4736 1491 4786 n'tl

233 4824 354 4872 ecelesiis.
390 4820 456 4874 Mox
474 4821 549 4876 (1118,1
570 4827 728 4891 earndemqae
745 4834 878 4891 perpetue.

301 4905 321 4971 ⁸)
341 4902 505 4960 Concinnius
522 4907 664 4975 legeretur
680 4915 775 4963 exinde
791 4913 958 4979 perpendite,
983 4925 1016 4962 ac
1033 4922 1107 4962 mex:
1130 4923 1179 4958 aaa
1197 4910 1310 4970 recitari
1321 4911 1410 4974 jusit
1442 4902 1492 4959 ileo
