3224 5506
555 376 749 425 seraranan
775 364 922 423 10-12
1309 357 1371 423 765

109 550 181 598 eum
202 528 413 594 sanctissimis
436 530 512 593 viris
539 529 637 613 longa
660 528 889 593 deliberatione
913 528 1104 591 contulimus
1111 579 1120 611 ,
1151 530 1184 591 et
1206 527 1280 592 inde
1303 527 1476 592 Deo-asts.

109 633 234 716 ¹aspice
260 635 328 696 tam
356 636 486 695 nostrae
513 631 680 714 petitionis
707 653 804 715 quarn
831 633 955 693 restrae
983 631 1107 714 gratiae
1139 629 1179 693 ad
1208 630 1371 713 integrum

109 757 152 800 rx
188 755 300 797 serena
326 733 545 818 resplendeat,
583 735 616 796 et
643 734 703 796 tati
732 733 801 796 orbi
834 733 952 817 gaudia
984 734 1169 815 exspectata
1201 730 1369 794 donentur.

109 835 423 902 'cmmemorationis
438 835 546 918 itaque
561 834 629 898 loco
645 837 678 898 et
692 835 896 898 salutationis
911 833 1064 898 honorem
1079 832 1251 915 reddenda,
1269 832 1370 897 Theo·

109 959 256 1021 ompum
283 938 388 1001 virum
415 937 588 1018 illustrem,
630 936 778 1000 comitem
812 935 1071 1016 domesticorum,
1109 937 1259 1018 agentem
1287 935 1370 998 sacri

109 1039 205 1105 astri
228 1038 341 1121 palatii
364 1039 521 1121 scholam,
557 1038 682 1102 fidelem
711 1038 803 1102 nobis
833 1037 883 1101 vel
904 1059 962 1120 pro
984 1038 1050 1101 suis
1072 1037 1212 1101 moribus
1235 1036 1285 1101 vel
1312 1058 1370 1120 pro

109 1164 172 1207 ssa.
197 1140 364 1204 affectione
386 1140 523 1225 genitali
544 1144 674 1204 nostrae
695 1140 889 1224 provinciae,
914 1138 969 1202 scd
992 1142 1024 1201 ct
1039 1138 1245 1203 Severianum
1266 1138 1367 1202 virum

109 1242 315 1309 rarissimum
344 1243 492 1305 comitem
519 1244 601 1306 sacri
629 1242 732 1306 nostri
755 1241 936 1305 consistorii
963 1241 1004 1304 ad
1032 1243 1169 1304 vestram
1197 1241 1371 1304 direximus

111 1343 319 1426 notitatem,
344 1344 397 1428 qui
420 1344 564 1408 ordinem
587 1345 765 1407 litterarum
787 1343 917 1426 propria
938 1363 1014 1405 voce
1036 1345 1204 1426 testantes,
1228 1343 1268 1406 ad
1291 1341 1369 1406 ccle-

109 1449 232 1513 tatem
260 1448 479 1531 exspectatal)
508 1450 698 1530 provocent,
734 1466 814 1528 quae
841 1446 938 1508 etiam
972 1444 1101 1508 coelesti
1134 1444 1369 1508 misericordiae

109 1547 260 1615 edimus
281 1548 450 1631 placuisse.
486 1547 572 1612 Data
586 1548 681 1612 XVII
697 1547 764 1613 bal.
779 1549 944 1631 Augustas
959 1546 1249 1629 Constantinopoli,
1274 1545 1369 1610 Petro

109 1673 165 1715 ro
196 1649 369 1714 clarissimo
393 1649 530 1714 consule.

604 1837 788 1939 Epistola
815 1838 866 1921 12.

135 1985 336 2055 Anastusti
359 1989 403 2055 ad
426 1991 589 2054 senatum
613 1990 715 2055 urbis
737 1990 870 2055 Romae
899 2006 963 2072 per
986 1989 1251 2072 Theopompum
1275 1990 1313 2054 et
1380 1974 1505 2095 {ssffffild-

432 2088 662 2158 Severianum
687 2092 784 2157 viros
806 2092 1036 2157 clarissimos·
1479 2085 1484 2096 '

111 2227 146 2276 U
151 2236 173 2277 ε
196 2246 277 2293 pacem
296 2233 429 2281 Ecclesiae
448 2239 496 2280 tum
514 2233 585 2296 apud
600 2248 684 2295 repent
706 2231 885 2280 Theodericum
905 2240 952 2280 tum
970 2233 1041 2295 apud
1054 2248 1149 2295 paparo
1167 2233 1327 2295 deprecetur.

253 2363 509 2448 imperatam)
538 2363 685 2428 Caesar
712 2363 874 2427 Flavius
896 2364 1153 2446 Anastasius,
1184 2363 1366 2447 pontifex

345 2466 540 2550 inclytus,
572 2467 831 2530 Germanicus
854 2466 1048 2550 inclytus,
1080 2466 1366 2529 Alamannicus

347 2567 541 2652 inclytus,
571 2567 789 2631 Francicus
816 2568 1011 2651 inclytus,
1041 2567 1286 2632 Sarmaticus
1309 2569 1367 2630 in-

347 2669 493 2753 clytae,
538 2669 788 2733 tribuniciae
821 2669 1039 2754 potestatis
1071 2668 1189 2752 XXV,
1228 2670 1366 2735 consul

345 2771 423 2853 III,
447 2773 551 2854 pius,
575 2771 689 2854 felix,
713 2772 857 2855 victor,
887 2793 1040 2856 semper
1062 2775 1270 2856 augustus,
1299 2795 1366 2856 pa-

345 2877 406 2936 tcr
427 2874 597 2956 patriae,
621 2874 946 2955 proconsulibuS,
976 2874 1223 2954 consulibus,
1254 2896 1365 2957 prae·

345 2974 517 3057 toribus,
547 2974 722 3038 tribunis
748 2975 881 3059 plebis
903 2977 1141 3059 senatuique
1169 2997 1238 3038 suo
1260 2975 1365 3039 salu-

344 3081 420 3141 tem
443 3077 552 3140 dicit.

192 3192 220 3258 Si
241 3219 296 3260 ros
318 3196 472 3280 liberique
494 3195 591 3259 vestri
614 3195 737 3277 salatia,
761 3195 842 3259 bene
866 3199 929 3259 est:
953 3218 1013 3281 ego
1034 3197 1254 3281 exercitusque
1276 3218 1365 3260 meus

109 3273 272 3390 lemna
295 3298 449 3375 Quotiens
472 3298 615 3381 utrisque
638 3297 774 3381 publicis
803 3299 898 3361 rebus
926 3320 1078 3383 prospera
1103 3297 1268 3363 voluntate
1291 3321 1364 3362 con-

109 3447 403 3479 μ..

109 3562 237 3622 'morat
258 3569 293 3624 de
316 3569 428 3624 Graecis
451 3570 619 3638 generatim,
641 3571 668 3623 in
692 3570 868 3624 Arrustasium
891 3569 1054 3624 nominatim
1077 3572 1269 3625 conveniebat
1293 3593 1364 3641 parm

109 3648 121 3662 ⁸
165 3654 306 3708 Enuodium
324 3655 365 3708 ait
383 3659 494 3721 fratrem
516 3667 541 3708 et
563 3663 738 3722 coepiscopum
758 3667 868 3710 nastrum
886 3662 1034 3709 sacerdotes
1052 3662 1120 3709 uiros
1137 3663 1173 3709 art
1191 3663 1363 3722 confirmanda

109 3751 116 3768 ³
160 3756 229 3804 qaae
244 3746 320 3793 sedes
333 3747 475 3808 apostatica
493 3752 662 3809 poposcerat,
681 3747 824 3795 directurm
842 3762 869 3795 se
882 3760 938 3794 esse
955 3747 1142 3808 proruta-issent,
1162 3747 1300 3795 nouaclum
1314 3763 1363 3794 nou

109 3807 231 3876 ‘moros
247 3831 327 3885 viros,
344 3843 425 3891 peaes
442 3843 505 3893 quos
523 3845 615 3878 causae
632 3830 712 3892 ipsias
729 3834 804 3892 plenu
818 3845 872 3879 esse
889 3837 976 3893 posset
994 3831 1138 3885 instructio,
1157 3833 1292 3880 secuudum
1303 3848 1362 3880 con·

109 3891 191 3958 ''stln
205 3915 313 3977 propria
331 3929 380 3962 aaa
397 3915 531 3974 miserunt,
551 3930 635 3963 nerum
653 3920 727 3963 etiam
745 3917 820 3979 quasi
835 3931 878 3964 rer
893 3931 976 3978 parua
993 3922 1140 3978 peraretur,
1162 3918 1240 3965 laicos
1258 3923 1283 3966 et
1300 3919 1362 3966 ulic—

109 3984 121 4018 Ι
161 3995 197 4045 «a
212 3999 383 4047 ecclesiastico
401 4014 511 4061 corpore
529 4000 696 4050 destinarant.

170 4078 190 4143 ⁸)
206 4077 248 4132 Ita
265 4079 344 4144 bco;
362 4077 396 4131 G*
410 4080 436 4132 a¹
456 4090 574 4147 spectata
590 4090 742 4146 provocent.
762 4087 884 4150 quaedam
902 4083 937 4148 (α’
958 4081 1021 4135 add.
1036 4083 1104 4148 jam)
1122 4088 1235 4136 caelesti.

173 4161 190 4228 ¹)
206 4161 236 4216 In
253 4162 287 4217 (ΙΙ
302 4165 328 4216 a¹
347 4162 476 4232 ampliori
498 4163 562 4217 huic
583 4165 756 4234 inscriptioni
779 4164 889 4219 brevior
907 4165 962 4219 ista
982 4167 1185 4235 praemittitur:
1209 4173 1363 4221 Anastasius

109 4240 227 4323 *Quae
247 4255 349 4301 senatui
364 4253 434 4301 urbis
452 4252 546 4302 Itomae
562 4270 612 4318 per
633 4254 816 4318 Tteoporupum
838 4262 862 4303 et
883 4253 1045 4304 Severianum
1067 4257 1093 4306 V
1095 4258 1121 4305 V
1135 4272 1172 4309 cc.
1190 4282 1221 4292 —-
1240 4252 1307 4305 boo
1323 4251 1363 4304 in·
1405 4274 1413 4289 ⁸

109 4322 288 4399 Rationem,
314 4333 406 4388 nescio
429 4351 465 4387 an
488 4333 548 4388 sola
574 4335 681 4387 incuria
703 4335 837 4402 quadam,
860 4335 944 4404 paulo
966 4337 1122 4389 mutarunt:
1146 4340 1210 4405 Iup.
1231 4340 1304 4392 Caes.
1324 4342 1362 4395 m,

109 4410 193 4472 '‘l-ct.
203 4423 271 4486 pius,
290 4421 369 4483 setim,
387 4425 477 4483 uictor,
495 4439 594 4486 semper
606 4431 737 4486 arrpustus,
758 4425 1001 4481 Germanicarum,
1022 4425 1177 4475 Alaraauuic.
1190 4428 1256 4480 incl..
1269 4427 1360 4479 Fruar.

109 4488 173 4560 ⁵1„
190 4505 342 4557 Sarmaticus
359 4510 479 4570 inclytus,
496 4515 573 4570 puter
591 4508 705 4571 patriae.
724 4509 865 4557 consulibus
883 4518 930 4559 etc.
957 4505 1045 4558 Porro
1057 4506 1218 4560 Anastasius
1237 4507 1361 4562 consula·

109 4577 161 4631 ¹¹1
178 4584 225 4655 lll,
244 4605 335 4657 aquo
353 4605 411 4643 sese
430 4589 474 4642 hic
492 4590 631 4643 consulem
649 4589 732 4641 tertio
751 4589 924 4654 denominat,
939 4592 1001 4658 jnn
1018 4591 1054 4645 ab
1073 4608 1145 4645 anno
1159 4597 1207 4644 507
1226 4592 1358 4660 gesserat.

109 4662 251 4729 ¹12eutor
268 4674 361 4727 autem
380 4690 452 4728 anno
470 4680 517 4728 491
539 4690 632 4728 mense
650 4673 738 4743 Aprili
763 4673 853 4727 luerat
869 4674 1054 4743 renuntiatus,
1073 4676 1198 4744 adeoque
1215 4681 1361 4730 uttmmaiue

109 4750 230 4812 '‘ertair
249 4762 333 4812 XXV
347 4780 428 4814 annus
445 4775 500 4813 uon
519 4775 536 4812 a
554 4775 656 4823 mense,
675 4773 729 4826 quo
747 4757 893 4826 imperium
911 4759 980 4827 iniit,
999 4761 1035 4814 ad
1052 4778 1174 4815 mensem
1193 4777 1248 4828 quo
1260 4761 1360 4815 scribe·

109 4829 167 4905 λι,
180 4844 226 4899 sed
243 4845 280 4899 ab
299 4861 370 4898 anno
389 4862 444 4914 quo
457 4848 566 4899 creatus
585 4845 637 4898 fuit
654 4843 817 4912 imperator,
837 4845 873 4899 ad
886 4862 988 4898 annum
1001 4862 1055 4912 quo
1067 4846 1136 4900 haec
1146 4847 1264 4916 epistola
1275 4846 1360 4902 missa

109 4910 156 4987 “a
172 4928 204 4984 ab
221 4929 269 4984 illo
287 4933 456 4986 numeratur.
