3204 5506
574 351 667 399 vrrs.
713 350 884 400 neisrocn
909 342 938 396 1.
1112 383 1116 394 .
1331 335 1393 400 287

179 514 362 581 ntqasodaue
375 511 534 585 pandebat,
558 530 678 585 quorum
701 515 828 584 spiritali
848 514 1000 568 collatione
1019 513 1184 583 flammatus
1204 519 1283 569 tanto
1310 513 1398 569 diuini

172 599 336 654 tnansstudio
356 603 438 653 tanta
461 590 583 668 uerbi¹')
604 597 660 653 Dei
679 599 861 654 meditatione
878 597 1051 669 fruebatur,
1080 604 1109 653 ut
1131 598 1198 653 buic
1220 601 1305 654 ctiam
1326 599 1398 654 illud

164 683 370 755 ttotpsatmista
395 684 500 738 cecinit
522 687 693 755 aptaretur:
728 681 866 737 Beatus
893 683 985 738 borno
1012 699 1111 756 quem
1144 690 1179 738 tu
1206 685 1396 740 erudieris
1419 677 1463 732 Pe·
1477 687 1517 746 93,

158 758 280 838 bonine,
311 775 344 824 et
369 766 411 823 de
434 769 513 841 lepe
540 774 600 823 tua
627 769 803 823 docueris
828 782 917 837 eum,
947 775 982 822 ut
1003 771 1147 841 mttipes
1168 772 1201 823 ci
1226 787 1244 823 a
1266 749 1528 825 diebus¹²el¹b

151 853 245 909 nates.
279 853 378 924 Hujus
400 855 473 908 enim
498 855 611 909 soeculi
624 854 715 909 malos
740 854 801 909 dies
816 855 856 908 ito
872 852 992 909 Domino
1012 856 1158 926 milipante
1179 860 1266 926 atque
1291 854 1394 927 puber-

143 945 226 994 nonte
241 941 380 1011 transepit,
409 929 475 1010 et¹²)
497 941 633 1010 uniuersa
654 941 729 994 uitae
741 940 877 1009 pericula
893 941 935 993 sic
951 942 1023 994 mira
1039 940 1196 1010 prudentio
1218 945 1246 994 et
1264 940 1394 1012 lonpani-

135 1024 228 1078 nitate
239 1026 374 1092 sustinuit,
394 1029 426 1079 ut
439 1023 550 1079 deliciis
563 1025 685 1096 jejunio
700 1029 898 1095 praeponeret
918 1030 945 1078 et
966 1024 1131 1094 superbiam
1151 1025 1310 1080 bumilitate
1332 1028 1392 1081 eal-

130 1115 228 1178 caeret,
247 1115 382 1182 tantaque
403 1109 601 1165 misericordia
625 1112 713 1164 oninti
732 1126 768 1163 uc
788 1111 923 1181 tarpitate
942 1111 1132 1177 claresceret,
1161 1115 1192 1164 ut
1214 1126 1309 1166 omnes
1327 1110 1394 1182 fere

120 1208 271 1265 pauperes
288 1195 386 1250 ditans
401 1197 485 1264 inops
499 1196 561 1264 ipse
575 1201 754 1250 moreretur:
775 1193 910 1265 profecto
926 1195 1027 1249 beatus
1042 1195 1099 1250 bac
1114 1197 1221 1266 inopia,
1235 1211 1293 1267 per
1309 1213 1395 1268 quam

121 1278 229 1334 divinis
245 1294 358 1352 semper
371 1279 507 1335 laudibus
521 1279 700 1346 inhaerebat,
729 1283 802 1335 sicut
816 1280 960 1350 propbeta
976 1281 1044 1335 dicit
1062 1280 1101 1335 ad
1114 1280 1281 1336 Dominum.-
1306 1281 1355 1336 Pa
1365 1278 1506 1336 u-Psnlm.

116 1371 247 1436 peret
268 1367 374 1437 inops
399 1365 602 1420 laudabunt
628 1380 752 1421 nomen
775 1372 879 1420 tuum.
912 1357 1023 1434 Fnttffi)
1049 1368 1156 1438 qitippc
1177 1369 1290 1438 inpenio
1311 1368 1393 1421 lucu·
1408 1353 1499 1413 73,21.

117 1451 228 1518 teretes,
241 1453 297 1506 cita
311 1453 502 1522 praecipuus,
520 1453 694 1505 auctoritate
709 1451 895 1513 reuerendus,
915 1457 942 1505 et
957 1451 1019 1506 ideo
1036 1457 1074 1506 tot
1091 1453 1224 1506 virtutum
1239 1453 1395 1508 decoratas

118 1536 280 1606 imsipnibm
289 1537 330 1591 ad
338 1537 491 1607 praecelsi
504 1536 617 1591 culmen
632 1535 727 1608 officii
740 1552 796 1591 nan
811 1539 936 1590 accessit
947 1536 1089 1608 indipnus.
1111 1536 1257 1592 Honorem
1269 1552 1395 1592 summae

119 1622 267 1693 diqnitatis
284 1624 486 1694 pravissimum
499 1621 617 1692 pondus
633 1623 812 1689 existimans,
829 1637 1013 1693 perstantque
1031 1624 1230 1694 neplipcntian
1249 1623 1395 1693 pontificis

121 1710 226 1779 inpem
238 1709 400 1762 animarum
410 1706 564 1762 discrimen
576 1722 640 1762 esse
653 1712 826 1775 contestans,
843 1707 952 1762 idcirco
967 1707 1046 1762 nullo
1062 1721 1092 1762 se
1107 1708 1246 1763 desidiosa
1263 1710 1318 1762 otia
1335 1714 1394 1761 tra-

127 1790 201 1848 didit
212 1806 260 1846 nec
273 1783 478 1862 luxuriosis¹⁴)
494 1795 630 1848 conviviis
646 1792 806 1864 effusisque
822 1794 945 1861 scru'vit,
963 1807 1002 1846 ex
1016 1792 1119 1864 quibus
1134 1793 1221 1848 rebus
1233 1795 1395 1847 animarum

131 1875 220 1931 morbi
225 1882 403 1949 ponerentur
419 1883 446 1932 et
464 1892 628 1948 corporum.
657 1876 714 1932 Hic
725 1879 823 1950 itaque
836 1884 940 1949 postor
955 1881 1056 1932 sumno
1076 1884 1162 1951 atque
1184 1879 1249 1933 bani
1266 1880 1396 1949 pastoris

135 1963 249 2017 imitator
267 1965 422 2027 exsistens,
445 1965 577 2036 eprepius
593 1965 716 2035 praesul
737 1963 1011 2034 sedisapostolicae
1031 1962 1104 2033 suit,
1127 1966 1177 2035 qui
1196 1966 1291 2018 dimna
1306 1977 1393 2033 prac-

142 2051 217 2117 cepta
234 2047 304 2120 tecit
326 2054 354 2104 ct
374 2048 480 2103 docuit.
516 2047 594 2104 Unde
614 2064 677 2104 eum
697 2041 874 2121 mapnum¹⁵)
896 2052 972 2103 inter
994 2055 1112 2103 sanctos
1132 2063 1194 2103 esse
1216 2049 1393 2119 confidimus,
1462 2102 1467 2110 ,
1558 2067 1560 2071 ·

145 2132 221 2202 juna
240 2136 460 2204 promissionem
482 2133 588 2189 Cbristi
608 2134 722 2190 Domini
741 2135 877 2189 dicentis:
905 2134 971 2200 Qini
992 2134 1133 2206 fecerit
1158 2141 1190 2188 ct
1215 2135 1392 2201 docuerit,
1407 2114 1506 2168 Malth·

156 2215 350 2291 bienapnus
371 2219 564 2275 vocabitur
584 2220 618 2274 in
639 2235 749 2293 repno
771 2221 965 2274 coetorum.
1419 2189 1494 2247 Μ’·

220 2302 241 2358 6.
268 2302 370 2359 lautus
385 2319 449 2358 vcro
464 2304 586 2379 pontifex
601 2320 682 2377 quum
699 2303 870 2360 ecclesiarum
886 2306 996 2377 primnm
1018 2306 1094 2359 annis
1111 2310 1235 2377 iteratum,
1257 2302 1393 2357 trecensibus

167 2385 306 2447 monichus
323 2383 520 2460 octodecimffl)
541 2389 703 2450 (loconesse,
726 2389 847 2444 lslnnum
870 2389 1019 2444 mercedem
1041 2397 1200 2464 recepturus
1217 2390 1340 2462 migravit
1362 2387 1393 2442 ad

168 2465 266 2528 onnon
284 2472 342 2528 Xill
364 2471 493 2528 Calendis
515 2473 672 2530 Decembres
694 2476 755 2529 atini
777 2473 839 2530 496
861 2474 1049 2553 ct‘dcpositns
1072 2483 1114 2530 cst
1135 2476 1161 2529 in
1184 2475 1287 2529 casilien
1310 2475 1394 2528 sancti

172 2549 250 2612 lenti
262 2557 392 2614 delendas
408 2557 575 2614 Decembres,

660 2781 859 2788 ..-—-—-——--

640 2928 822 3030 Epistola
850 2930 880 3011 1.

372 3080 477 3148 Beati
501 3077 634 3149 (telesti
657 3081 701 3146 nd
724 3083 905 3166 episcopos
929 3081 1145 3161 (tricenties,
1407 3077 1513 3210 (effi)

738 3219 786 3255 seu

110 3320 118 3327 ·
190 3299 348 3378 &mulum
368 3311 513 3368 rationis
534 3313 729 3368 reddendae
750 3313 843 3368 beati
864 3311 993 3368 Gclneii
1015 3324 1123 3379 pupae
1150 3311 1193 3366 de
1215 3311 1373 3366 evitando

265 3415 494 3471 communione
516 3414 649 3481 Aeacii,
671 3416 776 3471 minse
798 3416 842 3471 nd
864 3414 1055 3470 orientales
1078 3413 1267 3482 episcopos.

109 3576 120 3595 ι
205 3550 269 3608 Vtr‘as
285 3565 524 3626 arpamentationcs.
555 3563 643 3629 quibas
662 3563 805 3613 Orientalcs
826 3578 928 3612 corisum
947 3564 1038 3612 Aeacii
1061 3565 1127 3612 trieri
1147 3561 1359 3626 praetendebant,

99 3684 110 3692 ,ι
201 3639 298 3695 men
316 3649 427 3705 diluens,
452 3650 573 3697 uinculum
596 3650 861 3698 excommunicationis
884 3648 909 3696 in
933 3665 987 3696 eum
1008 3651 1127 3712 prolatae
1150 3647 1280 3698 insolubile
1305 3664 1360 3696 esse

700 3735 819 3783 ostendit.

238 3858 257 3920 l·
341 3865 420 3930 Post
441 3866 635 3950 quingentos
663 3888 764 3929 unitos
788 3865 962 3929 constituto
992 3865 1110 3930 Christi
1135 3888 1187 3930 eos
1214 3867 1295 3930 velle
1324 3867 1394 3930 sub·

100 4020 105 4027 .
183 4001 427 4032 κ..

226 4092 248 4157 ”1
262 4116 275 4149 a
288 4103 371 4156 omitt.
391 4108 470 4158 umbi.

107 4234 115 4241 ,
184 4224 209 4236 ,,
227 4159 249 4243 ἶ)
260 4168 281 4217 ³¹
294 4181 317 4237 nt
331 4178 464 4225 uniames
481 4177 635 4226 tentationes
652 4179 717 4224 mira
733 4177 871 4240 prudentia
890 4183 915 4225 et
933 4178 1271 4241 litnpanimitatesufferret,
1290 4177 1394 4225 delicias

103 4244 115 4252 ''
175 4238 252 4284 ΝΜ
263 4252 391 4302 temnet,
408 4245 554 4308 superbiam
571 4244 708 4293 bumilitate
726 4248 850 4302 calcaret,
875 4252 947 4293 tanta
964 4247 1140 4295 nemericordia
1162 4248 1238 4293 animi
1259 4246 1394 4293 alacritate

179 4293 294 4395 ““tfftret
310 4324 427 4376 moxque
443 4314 542 4362 satians
561 4308 631 4374 (loco
651 4311 746 4375 ditans)
765 4315 794 4361 et
812 4308 901 4363 omitt.
920 4313 1043 4362 laudibus.

177 4427 229 4480 ὤ
241 4375 248 4429 1
260 4373 281 4422 ²²
290 4377 343 4430 Fuit
354 4383 419 4431 enirn
431 4382 470 4430 etr
532 4383 669 4431 decoratus
688 4381 825 4446 insipnibus
838 4383 873 4430 nd
885 4388 934 4430 tam
947 4384 1072 4431 excelsum
1085 4381 1193 4443 officium
1206 4397 1255 4431 non
1314 4396 1393 4443 praec

241 4451 251 4484 a

226 4455 302 4631 :fflii
317 4518 449 4567 luxurioso
467 4519 578 4634 conficto
596 4519 874 4616 episcopiumoane
893 4526 1030 4599 nascantur
1049 4513 1120 4581 (loco
1137 4516 1313 4581 perconantur).

226 4635 248 4699 “l
259 4592 580 4703 bibmrlrummear'nbollabetlrxr
593 4599 626 4702 ln
640 4586 1083 4703 (11111111ιίιέ’ἒῗωιῗὲἓιὲἕιριῖῗιιὲῗιῖιίε
1096 4649 1239 4726 contingis,
1265 4648 1392 4704 Votieno.

174 4692 281 4789 [19111911
297 4717 321 4768 et
340 4668 663 4794 11rt„Scss0r.Lx11l’,
683 4717 756 4783 aliie,
786 4718 814 4770 in
833 4668 962 4782 baveno,
985 4735 1039 4770 nno
1058 4717 1217 4771 Colbcrtmo
1241 4720 1270 4771 et
1288 4717 1395 4785 aliquot

173 4765 273 4846 Q
288 4785 487 4853 exemplaribus
506 4807 529 4841 a.
546 4789 561 4838 1
565 4790 591 4837 V
600 4807 629 4842 m.
642 4790 683 4838 VI
688 4791 699 4838 1
705 4791 717 4838 l
736 4792 761 4839 d.
778 4790 855 4851 xlx,
874 4787 901 4837 in
912 4785 1093 4839 Vallicollnno
1107 4787 1161 4838 Ab
1175 4803 1236 4838 cnm
1249 4786 1310 4838 aliie
1323 4790 1394 4838 bnis-

173 4836 358 4921 “waddone
376 4875 401 4909 a.
418 4858 500 4907 IVm.
517 4857 591 4906 VIII
610 4861 635 4906 d.
652 4858 700 4912 IX,
719 4854 746 4905 in
759 4854 895 4907 Vaticano
910 4860 974 4907 1353
992 4877 1015 4908 u.
1031 4857 1081 4906 111
1099 4875 1129 4906 m.
1145 4858 1220 4908 VIII
1239 4860 1264 4910 d.
1279 4859 1328 4907 IX.
1352 4854 1394 4906 Dc

172 4900 308 4974 d‘PWltonie
325 4921 386 4989 ejus
404 4920 449 4975 die
467 4939 529 4975 cnm
547 4922 693 4975 Anisetneio
712 4922 849 4975 consentit
867 4921 1097 4990 martyrologium
1117 4923 1280 4975 ltomannm.
