3204 5506
578 353 772 404 nrrsronan
794 344 846 402 49.
871 344 921 402 50.
1321 337 1382 405 841
1464 369 1473 387 -

113 513 154 576 ut
164 510 190 598 ¹)
212 532 271 596 per
292 531 348 575 vos
368 509 474 594 potius
497 509 645 573 credatur
658 508 798 573 delatum
820 507 946 573 culmen
968 505 1104 592 imperii,
1129 528 1227 593 quam
1247 530 1305 593 per
1325 508 1384 573 im-
1399 515 1513 584 (aare.)

114 615 244 698 perium
272 634 327 677 vos
356 611 469 696 aliquis
491 611 577 677 dicat
599 611 741 696 agnosci.
787 608 917 677 Certum
946 613 995 675 est
1025 610 1168 696 quidem,
1203 610 1384 695 hujusmodi

114 715 325 801 provectione
351 716 458 779 vestra
490 715 626 798 pristino
652 712 814 798 splendori
848 713 1018 778 accessisse
1051 713 1173 779 decoris
1207 713 1384 798 cumulum3

114 817 208 904 sed²)
230 816 379 882 tenuistis
402 815 478 881 olim
498 817 639 881 moribus
666 815 893 901 principatum.
938 814 1025 900 Sici)
1053 838 1151 901 quum
1173 837 1229 880 vos
1250 838 1308 900 per
1329 838 1385 881 ora

114 920 267 1006 gentium
288 918 462 1003 impatiens
483 920 598 985 secreti
612 918 801 1005 magnitudo
816 917 988 1002 diffuderit,
1013 918 1053 983 ad
1069 940 1128 983 nos
1143 939 1278 1003 quoque,
1302 918 1385 984 sicut

114 1022 254 1106 mystice
276 1021 450 1106 loquuntur
465 1021 659 1106 Scripturas,
682 1019 875 1085 testimoniis
898 1020 1067 1086 suavitatis
1089 1024 1215 1086 restrae
1238 1019 1315 1086 odor
1330 1021 1385 1085 ad·

115 1123 219 1190 venit.
263 1123 309 1189 Et
331 1127 416 1188 certe
437 1146 534 1210 quum
562 1124 626 1189 late
653 1123 860 1209 prudentium
887 1122 1053 1188 hominum
1076 1123 1237 1189 sententia
1258 1123 1385 1209 religio·

114 1247 174 1292 sae
196 1226 281 1291 vitae
303 1228 428 1291 vestrae
455 1226 577 1291 fuerint
603 1226 753 1290 instituta
782 1226 941 1310 dispersa,
975 1226 1093 1291 habere
1123 1247 1190 1291 non
1222 1226 1385 1311 potuimus

114 1328 337 1414 incognitum,
362 1328 515 1414 quidquid
537 1328 576 1393 de
598 1327 688 1393 vobis
710 1329 817 1392 fuerat
837 1327 950 1393 mundi
972 1328 1179 1394 attestatione
1201 1328 1384 1414 vulgatum:

115 1430 196 1516 quia
218 1430 302 1496 sicut
322 1431 474 1496 mediocri
495 1431 589 1496 laude
611 1430 710 1516 digna
738 1431 774 1495 in
803 1431 993 1495 immensum
1016 1431 1078 1496 sibi
1099 1434 1263 1516 nequeunt
1283 1431 1385 1496 vindi-

116 1554 193 1598 care
213 1533 397 1618 praeconia,
419 1533 466 1598 ita
487 1534 557 1598 sine
571 1534 636 1598 fine
658 1532 907 1617 praedicandum
922 1534 1046 1619 rapitur
1060 1533 1095 1597 in
1110 1533 1273 1617 populum,
1297 1533 1385 1619 quid-

116 1635 197 1721 quid
219 1636 304 1700 bono
325 1635 424 1700 fuerit
446 1635 666 1700 admirationis
689 1637 846 1699 ornatum.
892 1635 1046 1700 Vindicat
1068 1635 1153 1701 enim
1176 1635 1237 1700 sibi
1259 1635 1385 1720 quanti-

114 1736 196 1801 tatis
224 1759 301 1801 suae
325 1738 399 1822 jure
425 1738 614 1823 magnitudo
640 1739 746 1802 famae
774 1738 976 1820 testimonia,
1007 1737 1082 1822 quia
1108 1737 1258 1803 nesciunt
1285 1738 1386 1802 latere

115 1838 276 1904 miranda.
321 1838 408 1904 Hine
430 1843 495 1924 est,
520 1841 603 1924 quod
624 1839 825 1924 principatus
848 1840 937 1904 vobis
967 1839 1131 1924 adoreas⁴)
1159 1838 1288 1923 publiea
1310 1839 1386 1923 jura

117 1941 357 2006 commiserunt.
388 1940 458 2006 Nae
480 1942 563 2027 quod
585 1942 770 2006 meritorum
792 1942 937 2027 insignia
955 1941 1177 2027 generalitatis
1199 1941 1288 2007 faeta
1310 1944 1387 2006 sunt

115 2048 203 2126 vota,
227 2065 321 2108 nemo
339 2044 385 2107 ita
401 2065 506 2108 rerum
522 2044 641 2108 arbiter
657 2044 784 2130 iniquus
800 2043 984 2127 essebur),
1007 2044 1062 2128 qui
1084 2043 1204 2128 passim
1220 2065 1275 2109 vos
1291 2044 1385 2110 aesti-

116 2148 186 2210 met
207 2146 319 2210 arches
341 2146 472 2211 inclitae
504 2146 664 2230 accepisse
693 2146 820 2229 titulos,
855 2167 951 2230 quum
979 2146 1093 2230 negari
1121 2148 1261 2230 nequeat
1287 2145 1385 2231 digne

114 2270 173 2313 vos
195 2249 348 2313 meruisse
376 2248 503 2334 imperii
511 2251 556 2336 ⁰),
586 2270 720 2333 quorum
747 2248 941 2332 probitatem
968 2247 1105 2312 mundus
1134 2247 1277 2333 agnovit.
1323 2247 1385 2314 Sed

113 2372 232 2436 parum
255 2353 313 2434 est,
337 2351 481 2435 quamvis
499 2352 621 2436 judicio
644 2350 873 2434 universitatis,
898 2349 1057 2435 suscipere
1072 2349 1143 2415 loco
1159 2349 1293 2434 praemii
1311 2351 1385 2434 jura

115 2451 290 2538 regnandi.
320 2451 403 2517 Illud
418 2453 522 2538 magis
545 2457 594 2518 est
616 2453 814 2536 admirabile,
838 2452 922 2538 quod
943 2454 990 2517 ita
1012 2474 1067 2517 vos
1089 2452 1255 2518 hominum
1276 2452 1385 2518 lauda-

112 2554 245 2622 bilitate
267 2555 409 2621 firmatos
431 2556 612 2640 suscipiunt
633 2556 778 2641 imperia,
802 2559 839 2620 ut
857 2554 980 2639 judicia
1002 2555 1068 2621 sint
1090 2554 1208 2620 divina.

112 2885 148 2936 50
185 2880 206 2948 ¹)
226 2878 276 2933 Ed.
296 2890 418 2947 atraper
437 2898 492 2941 uos,
511 2879 716 2948 Gleuperuoe,
741 2880 1090 2949 emensaepmos).
1122 2877 1211 2944 Quum
1228 2878 1386 2933 boemani-

112 2965 186 3020 fests
213 2962 266 3018 sibi
287 2963 355 3019 velit
376 2964 537 3030 Hormisda,
563 2963 711 3034 imperium
733 2964 824 3034 magis
845 2966 944 3019 notum
966 2963 1026 3018 fieri
1047 2981 1098 3033 per
1121 2964 1273 3030 Justinum,
1301 2981 1386 3033 quam

112 3049 255 3104 Justinmn
272 3065 323 3118 per
340 3049 500 3120 imperium,
524 3047 656 3104 orationis
675 3049 759 3104 series
775 3049 899 3120 postulat
922 3070 970 3117 per
986 3066 1043 3110 vos,
1067 3065 1119 3103 nee
1139 3048 1278 3118 permittit
1295 3055 1387 3103 dilata·

113 3146 165 3189 rum
187 3134 249 3189 loeo
273 3134 351 3189 verbi
375 3141 483 3190 delatum
502 3133 548 3202 (θ’
566 3137 678 3203 dilatum)
697 3152 758 3188 cum
776 3135 896 3189 Baronio
915 3131 1052 3187 substitui.
1094 3132 1167 3186 Nam
1185 3132 1259 3186 istud
1276 3153 1326 3203 per
1342 3153 1386 3187 voa

112 3235 171 3274 non
190 3219 227 3274 ad
245 3225 352 3274 delatum
370 3219 420 3274 sed
437 3218 473 3273 ad
491 3219 607 3273 verbum
624 3225 731 3286 apnosei
745 3218 873 3274 refertur.

183 3306 206 3372 ¹)
223 3304 268 3358 lta
285 3304 357 3359 Ge).
398 3304 464 3358 boe
486 3310 534 3358 aed
555 3311 619 3357 sicin
640 3309 764 3359 tenuistis.
800 3305 892 3357 Antea
910 3302 1001 3372 magis
1022 3301 1158 3357 arrideret
1175 3312 1259 3356 vestro
1274 3308 1386 3371 pristino

112 3394 263 3458 splendori,
288 3406 372 3458 quam
394 3402 489 3446 vestra.
530 3388 666 3454 Justinus,
690 3390 720 3441 ut
740 3388 903 3443 Theodorus
925 3388 1012 3442 lector
1033 3404 1099 3457 pag.
1118 3393 1167 3443 565
1184 3386 1262 3442 testis
1281 3387 1335 3454 est,
1357 3387 1387 3441 in

113 3473 192 3529 omni
215 3480 265 3528 στῚα
283 3481 399 3544 eprepr‘us
416 3495 516 3543 semper
534 3480 680 3531 exstiterat.
724 3473 890 3542 Huiusmodi
913 3472 1086 3539 testimonio,
1109 3471 1184 3539 quod
1202 3472 1387 3542 Theophanes

112 3577 181 3631 pag.
202 3566 248 3612 141
268 3560 321 3627 (cd.
341 3560 428 3615 Bonn.
448 3563 508 3628 254)
527 3559 656 3613 eumdem
677 3570 765 3613 rectae
779 3564 843 3626 fidei
859 3564 1007 3621 studiorum,
1026 3578 1111 3611 rerum
1128 3562 1291 3625 experientia
1306 3578 1383 3626 prae·

112 3655 237 3710 atumem,
256 3655 281 3698 et
299 3649 357 3699 belli
372 3650 455 3714 picria
472 3652 632 3713 praectarum
649 3643 813 3714 praedicans
831 3644 989 3710 confirmat,
1008 3641 1158 3713 Procopius
1176 3641 1238 3696 hist.
1258 3658 1313 3696 arc.
1334 3649 1385 3697 ο.6

112 3730 282 3799 refragatur.

184 3818 205 3886 ³)
223 3816 267 3870 Ita
286 3814 319 3870 G¹
333 3815 377 3884 (ΞΒ,
394 3814 448 3869 nisi
466 3815 541 3884 quod
559 3817 687 3885 corrupte
706 3815 831 3869 scribant
848 3819 964 3884 diffuerit
983 3813 1059 3880 (boc
1077 3814 1215 3881 detulerit).
1246 3814 1273 3868 a¹
1292 3817 1323 3867 Si
1333 3833 1386 3868 amr

113 3921 159 3957 noe
232 3905 344 3969 defuerit
416 3908 539 3968 leputatur.

183 3987 205 4055 ⁴)
224 3986 268 4040 Ita
286 3984 359 4040 eat
396 3986 462 4040 bce
479 4007 510 4040 ac
527 3991 645 4044 bonores.
686 3984 808 4040 Subinde
827 3985 862 4041 G¹
881 4005 911 4039 ne
930 3990 1002 4054 quid,
1028 3983 1103 4038 G³a¹
1123 4004 1153 4038 ne
1172 3989 1251 4053 quod,
1275 3983 1310 4038 al.
1330 4005 1385 4038 nuru

114 4076 193 4142 quod.
229 4070 390 4125 Retinemus
409 4076 449 4125 Ne
466 4071 511 4125 vel
529 4077 597 4133 Nae,
616 4071 670 4126 hoc
688 4077 730 4126 cst
747 4076 830 4126 Certe.

184 4158 205 4222 ⁵)
224 4155 259 4210 G¹
272 4158 300 4209 a¹
319 4161 450 4210 excitabit.
480 4157 547 4210 boc
565 4162 671 4210 exstitit.
707 4156 824 4226 Propius
842 4173 859 4211 a
876 4155 1019 4225 primaeva
1036 4152 1154 4208 lectione
1172 4153 1252 4208 abest
1264 4157 1384 4210 exstabit.

184 4243 205 4308 ⁶)
225 4239 329 4310 Supple
351 4247 445 4294 rieures.
482 4241 573 4305 Quare
590 4241 629 4294 nil
646 4258 757 4296 necesse
780 4244 834 4300 est,
857 4244 889 4295 ut
911 4257 973 4295 cum
995 4240 1063 4293 bcc
1081 4240 1178 4292 contra
1195 4238 1220 4292 G
1237 4237 1386 4305 adiicietur

114 4333 220 4381 eulmen.
256 4324 358 4379 Verbis
375 4327 469 4380 autem
487 4333 578 4380 arctes
595 4332 697 4380 inclitae
722 4342 756 4381 ea
772 4325 956 4394 intelligenda
974 4325 1018 4379 est
1035 4323 1169 4392 dignitas,
1188 4339 1244 4390 qua
1261 4321 1385 4376 Justinus

115 4410 264 4466 decoratus
283 4414 355 4476 erat,
374 4428 459 4478 quum
477 4412 511 4466 ad
530 4411 677 4480 imperium
695 4413 854 4481 assumptus
872 4412 920 4465 est.
957 4410 998 4463 De
1017 4410 1070 4464 hae
1082 4408 1234 4475 Procopius
1252 4406 1315 4462 bist.
1330 4424 1383 4462 arc.

116 4513 176 4567 cap.
192 4501 208 4548 6
226 4495 266 4549 ita
283 4495 416 4562 loquitur:
436 4494 464 4559 ἐς
482 4491 556 4566 μέγα
575 4493 724 4566 δυνάμεως
743 4487 825 4559 οὗτος
840 4492 994 4558 Ἰουστῖνος
1013 4490 1160 4564 ἐχώρησεν.
1184 4491 1318 4563 ’Ἄρχοντα
1330 4491 1385 4562 γὰρ

116 4575 207 4636 αὐτὸν
230 4575 408 4643 {tenerrimos
432 4576 567 4651 βασιλεύς
589 4577 782 4651 κατεστήσατο
805 4584 861 4637 τῶν
884 4577 914 4636 ἐν
932 4583 1063 4654 παλατίῳ
1087 4575 1232 4648 φυλάκων.
1266 4572 1386 4647 ’Euandri

116 4687 146 4722 τε
165 4663 181 4721 ὁ
202 4660 338 4736 panetaria
357 4662 387 4733 ἒξ
406 4661 569 4736 ἀνθρώπων
587 4662 745 4737 ἠφάνιστο,
765 4660 852 4729 αὐτὸς
870 4668 904 4735 τῇ
923 4667 973 4735 τῆς
992 4659 1081 4735 ἀρχῆς
1100 4659 1224 4733 δυνάμει
1237 4665 1386 4733 βασιλείαν

115 4745 288 4821 παρέλαβεν.
318 4750 394 4807 Voce
413 4746 502 4821 ἀρχῆς
520 4769 568 4806 seu
586 4757 677 4806 arches
692 4752 753 4819 jam
770 4769 835 4805 usus
853 4755 895 4804 est
907 4749 1056 4804 Hormisda
1069 4748 1147 4819 epist.
1162 4754 1202 4803 32.
1233 4747 1385 4817 Procopius

114 4836 245 4892 laudatus
268 4835 342 4890 bello
360 4836 434 4891 Pers.
454 4837 478 4904 1,
496 4845 512 4893 8
535 4836 620 4892 etiam
643 4835 772 4906 magistri
790 4835 944 4891 officiorum
962 4835 1128 4907 dignitatem
1145 4852 1193 4891 eeu
1215 4833 1385 4909 potestatem

116 4917 209 5004 nippis
226 4923 316 4987 vocat.
