3204 5506
236 336 298 402 720
689 347 915 398 sarnanum
938 345 1053 393 raras

128 523 220 570 aeta.
236 505 400 587 subsistit,
432 525 557 587 semper
579 502 822 567 suceedentibus
851 501 941 564 noris
963 504 1073 564 vetera
1097 499 1275 563 constituta
1296 498 1467 564 solventibus.

234 606 368 683 Quando
390 606 476 669 enirn
491 608 697 689 paternarum
712 603 895 687 regularum
911 602 1132 686 despiciuntur
1156 601 1300 684 inventa,
1322 623 1372 666 nec
1384 622 1492 665 mann

233 731 315 792 quae
335 709 417 771 bene
432 707 583 770 instituta
598 709 674 770 sunt
689 706 824 769 firmitas
839 704 1032 786 vindicatur,
1057 702 1243 787 hujusmodi
1259 702 1450 786 impietatem*
1465 702 1492 715 “

234 831 364 873 necesse
387 812 435 872 est
457 808 531 872 fidei
554 830 679 891 semper
700 807 819 871 venire.
859 805 942 870 Nam
965 806 1019 869 ubi
1041 806 1149 869 facilis
1164 804 1331 869 dissolutio
1344 804 1492 869 estiatu-

234 912 352 975 nabilis
376 909 553 991 constituti,
577 910 623 972 ibi
645 909 748 974 omnis
771 907 956 972 sanctitatis
978 908 1082 971 forma
1106 907 1330 991 corrumpitur,
1356 905 1492 973 Christi-

235 1013 411 1096 impetitur,
436 1015 469 1076 et
491 1013 575 1098 (quis
598 1011 658 1075 hoc
673 1010 814 1075 fidelium
830 1010 996 1094 'patienter
1011 1009 1189 1095 accipiat?)
1212 1009 1492 1094 institutapatu-

234 1115 409 1178 reverenda
433 1113 609 1178 calcantur.

318 1217 349 1280 4.
387 1215 432 1279 Et
453 1216 524 1299 quis
546 1237 612 1282 non
633 1217 718 1281 vitae
740 1218 876 1280 mortem
894 1214 984 1298 justa
1013 1213 1169 1279 electione
1198 1234 1340 1298 praepon
1358 1211 1390 1278 t?
1419 1205 1492 1275 U!

236 1317 411 1382 catholicae
439 1317 512 1381 fidei
536 1318 696 1382 adoranda
723 1316 925 1384 reverentia?
969 1315 1032 1381 Ubi
1061 1315 1212 1402 multo²⁰)
1243 1336 1351 1379 cruore
1375 1316 1492 1378 nact-

227 1442 305 1482 rnm
327 1420 479 1503 dogmata
503 1420 701 1484 constituta?
742 1420 806 1485 Ubi
828 1421 994 1484 doctorum
1016 1423 1159 1484 veterum
1182 1416 1286 1481 tidelis
1308 1415 1492 1482 ancusae

237 1521 299 1585 Ubi
326 1521 382 1585 illa
409 1521 631 1605 religiosarum
658 1524 815 1586 mentium
843 1522 1003 1607 stupenda
1030 1521 1204 1606 patientia,
1243 1519 1377 1604 propriis
1401 1517 1492 1580 bor-

236 1626 388 1686 eontenta
409 1623 540 1706 nudari,
564 1645 605 1686 ne
627 1624 666 1687 de
688 1646 745 1706 spe
768 1626 918 1688 aeternae
940 1622 1147 1687 haereditatis
1171 1621 1348 1703 excideret,
1375 1632 1492 1704 quast-⁶

235 1724 380 1788 ambiens
403 1725 576 1808 passiones,
600 1747 642 1788 ne
664 1725 917 1808 incorruptibilis
939 1725 1024 1789 illius
1041 1725 1115 1788 boni
1132 1723 1334 1808 judicaretur
1347 1720 1492 1806 indigna

235 1825 319 1890 Nam
341 1826 430 1889 nulla
450 1828 574 1909 majora
596 1827 787 1891 documenta
809 1830 886 1891 sunt
907 1827 998 1909 fidei,
1035 1849 1130 1911 quam
1159 1826 1213 1889 ubi
1243 1824 1390 1910 temporis
1412 1824 1492 1885 ra!

236 1927 347 1991 suadet
369 1929 468 1992 vitam
492 1929 625 1993 subdere
647 1929 804 2013 passioni:
838 1932 871 1992 et
898 1928 969 1992 ideo
997 1931 1051 2013 qui
1079 1951 1136 2011 pro
1166 1950 1203 1992 ea
1231 1926 1400 2012 periculmn
1422 1937 1492 2008 ΡΞ

235 2030 408 2094 secationis
430 2031 537 2093 subire
558 2032 720 2114 meruerit,
744 2031 879 2115 dignum
900 2052 934 2094 se
958 2030 1103 2094 eoelestis
1118 2029 1260 2094 ostendit
1276 2050 1344 2093 esse
1358 2026 1492 2092 militi·

236 2131 381 2196 Christus
403 2153 462 2195 nos
483 2133 538 2216 pio
560 2133 728 2217 sanguinis
754 2133 858 2216 pretio
887 2131 1085 2215 comparavit
1112 2132 1239 2216 gratiae
1261 2132 1403 2195 libertate
1421 2148 1492 2192 oa-

238 2255 341 2316 eessa,
376 2233 459 2297 nihil
487 2234 725 2298 invenientibus
758 2233 907 2298 humanis
935 2234 1101 2317 operibus,
1139 2233 1224 2318 quod
1252 2233 1384 2317 dignum
1407 2235 1492 2296 tar-

236 2335 380 2399 mercede
402 2336 640 2422 tribuerent²¹).
674 2337 781 2420 Atque
796 2336 866 2400 ideo
882 2336 936 2399 ubi
951 2335 1117 2421 religionis
1139 2334 1260 2418 injuria
1283 2338 1343 2417 est,
1365 2350 1492 2398 amorffi

236 2436 310 2499 fidei
332 2459 458 2501 omnem
482 2438 709 2502 transcendere
732 2441 858 2522 oportet
880 2439 1040 2502 affectum.

321 2538 547 2624 Unusquisque
576 2562 652 2624 ergo
681 2539 793 2604 exsilia
827 2544 860 2604 et
887 2539 1165 2625 peregrinationes
1187 2542 1355 2623 tamquam
1376 2537 1492 2601 dom·

236 2640 437 2724 patriamque
458 2641 625 2725 respiciat,
656 2664 696 2705 ne
711 2642 883 2717 ¹desideriis
905 2645 1049 2706 retentus
1069 2641 1237 2724 humanis,
1268 2640 1387 2706 Christi
1406 2660 1492 2704 soe

236 2744 303 2804 tate
325 2741 477 2825 privetur.
523 2742 608 2807 Eece
630 2746 767 2828 tempus„
791 2766 853 2828 quo
875 2745 993 2828 repetit
1014 2744 1092 2808 fides
1114 2743 1234 2809 milites
1256 2765 1331 2807 suos
1353 2745 1384 2807 et
1403 2742 1492 2806 ine.

236 2847 304 2906 mat
327 2842 365 2906 ad
389 2843 607 2931 defensionem
629 2846 678 2908 sui
700 2846 858 2911 fervorem
880 2846 1004 2930 gratiae
1028 2846 1231 2909 consecutos!
1270 2843 1380 2909 Fidem
1399 2844 1492 2928 ipsa

236 2945 341 3008 dicere
360 2945 553 3029 judicemus:
578 2953 657 3011 Eece
678 2960 793 3028 tempas
816 2955 958 3028 optabile,
981 2970 1051 3013 ecee
1067 2951 1228 3023 fruetuum
1243 2954 1444 3027 conprepatio
1467 2957 1492 3013 d

236 3054 373 3111 siderate
392 3055 544 3126 fideliam,
564 3056 672 3128 parvis
691 3056 881 3129 passionibus
902 3072 1027 3114 murteta
1049 3071 1165 3129 atapna
1186 3056 1373 3130 compenset!

320 3150 351 3214 5.
389 3147 538 3214 Pluribus
561 3151 728 3214 caritatem
750 3156 889 3216 vestram
917 3174 974 3234 pro
996 3151 1236 3235 dispensatione
1264 3151 1357 3215 nobis
1383 3149 1483 3214 credita

238 3273 423 3335 cuperemus
445 3252 583 3317 hortari:
606 3253 661 3317 sed
683 3253 758 3337 quid
781 3276 860 3337 opus
884 3259 932 3317 est
954 3254 1039 3318 vocis
1054 3253 1203 3337 stimulis,
1227 3253 1283 3316 ubi
1306 3253 1346 3316 ad
1365 3250 1475 3315 tolerar-

237 3355 293 3417 das
315 3376 373 3437 pro
392 3353 519 3419 Christo
542 3355 794 3440 magnanimiter
814 3357 979 3439 passiones
1001 3355 1186 3440 apostolicis
1210 3357 1243 3418 et
1264 3359 1388 3439 patrum
1407 3352 1468 3415 dote

236 3478 307 3518 mur
330 3456 497 3539 exemplis,
522 3457 576 3540 qui
598 3479 656 3541 per
677 3457 794 3521 damna
817 3457 1030 3521 humanarum
1051 3479 1174 3541 rerum,
1206 3455 1385 3521 coelestium
1404 3450 1463 3516 uotis

236 3557 446 3622 ostendenmt
479 3562 653 3642 augmenta
661 3560 700 3645 22)
733 3559 912 3623 virtutum?
955 3559 1044 3645 Ergo
1076 3559 1321 3643 pronuntiemus
1350 3549 1460 3636 intrepidi

237 3659 340 3723 claras
362 3659 527 3735 Ecclesiae
551 3683 623 3723 curn
644 3683 764 3745 magna
785 3663 902 3725 fiducia
923 3661 1121 3745 disciplinas.
1171 3660 1285 3746 Longe
1307 3660 1347 3723 sit
1367 3652 1458 3721 anate
1490 3710 1492 3717 .

121 3746 221 3870 lprpp.
235 3761 412 3845 prophetae
434 3783 537 3826 sermo
559 3762 710 3827 dicentis:
734 3769 774 3826 Et
794 3770 966 3828 sacerdotes
988 3786 1062 3828 aera
1083 3769 1270 3828 celaverunt.
1304 3754 1457 3837 Quemenia
1490 3764 1492 3827 Ξ

144 3858 166 3881 ”’
211 3859 326 3946 latet,
351 3864 577 3947 discipulorum
599 3865 767 3929 scientiam
790 3888 809 3928 a
832 3865 1014 3930 doctoribus
1037 3863 1246 3949 exigendam,
1280 3867 1313 3929 et
1332 3859 1404 3948 quod
1418 3873 1457 3920 11⁰ss

306 4050 373 4118 ¹⁹)·b
387 4053 413 4102 c⁷
426 4068 483 4119 seq.
503 4058 645 4120 impietates
717 4059 892 4120 strperaeaire.
937 4050 1103 4106 concinnius
1120 4051 1153 4105 G¹
1168 4053 1194 4104 a*
1215 4050 1258 4104 ed.
1272 4050 1334 4104 Bas.
1351 4052 1459 4117 inpia&

236 4135 280 4200 (G'
299 4138 439 4203 impietate)
513 4156 614 4205 seraper
631 4142 716 4190 venire
735 4137 762 4202 (i.
778 4153 801 4189 e.
815 4139 935 4203 evenire),
954 4135 1011 4190 scil.
1024 4135 1125 4204 seraper
1141 4140 1340 4195 succedentibus,
1356 4139 1394 4204 qai
1405 4139 1461 4184 actm

236 4226 374 4274 constituta
391 4226 498 4281 solvant,
516 4222 548 4274 ut
565 4221 690 4289 proxime
710 4220 814 4274 dictum
833 4223 881 4275 est.

303 4308 336 4373 ²⁰)
355 4305 405 4358 Ed.
425 4305 508 4359 Basil.
528 4314 657 4361 arrultorum
675 4327 721 4360 ore
738 4319 890 4362 sanctorum.
927 4306 1047 4373 Moxque
1065 4305 1099 4359 G¹
1120 4307 1252 4374 corrupte
1269 4310 1327 4360 dara
1344 4308 1403 4358 natta
1416 4301 1465 4354 ult

236 4411 288 4443 ram
308 4397 463 4444 ‹laetanentm

304 4479 337 4543 ²¹)
356 4476 399 4529 Ita
418 4477 451 4530 G'
466 4476 484 4529 b
498 4481 523 4529 0⁷
537 4479 581 4530 0¹⁰.
618 4477 668 4530 Ed.
688 4477 750 4531 Bas,
771 4479 800 4530 et
816 4478 896 4531 Rom.
916 4482 1048 4532 tribueret.

303 4564 336 4627 ²²)
355 4561 398 4614 lta
416 4562 449 4615 G¹
464 4563 490 4613 a¹
505 4561 546 4614 ed.
566 4562 627 4616 Bas.
665 4563 702 4614 aa
719 4562 783 4615 Bar.
803 4573 963 4629 aspirancum,
982 4561 1087 4629 rejecto
1106 4560 1143 4615 ad
1160 4578 1252 4632 marg.
1272 4572 1411 4631 mpnenta,
1424 4570 1476 4629 qut

235 4661 288 4696 vox
307 4648 372 4714 apto
391 4647 541 4714 opponitur
560 4646 694 4716 superiori
708 4653 807 4700 dartana.
833 4647 955 4701 InBasil.
971 4646 1036 4701 edit.
1050 4650 1114 4716 post
1126 4645 1271 4702 duasillss
1283 4652 1481 4717 vocatam-‘¹⁸⁸

236 4734 351 4782 uirtutum
369 4731 495 4799 proxime
513 4731 672 4799 subjicitur?
695 4736 766 4800 Erpa
788 4740 978 4800 proniantiemar
1001 4739 1068 4785 trater
1089 4738 1141 4785 alia
1164 4744 1191 4786 et
1212 4738 1328 4788 dicam
1350 4754 1401 4788 can
1414 4740 1485 4787 md·

236 4816 333 4865 Dauid:
352 4818 420 4867 Eece
438 4836 512 4884 qaam
530 4821 618 4870 tonum
636 4830 661 4871 et
679 4838 752 4887 qaam
764 4824 903 4884 „ineundam
921 4823 1037 4872 babitare
1053 4821 1155 4884 fratres
1172 4822 1199 4871 ia
1217 4839 1292 4873 aaran
1311 4831 1361 4874 ete.
1380 4820 1410 4873 ut
1423 4816 1487 4873 inin.

236 4897 329 4950 multis
346 4900 557 4967 praetermissis.
