3204 5506
252 351 313 413 eto
691 364 719 409 s.
739 361 942 409 rittnnrsoxn
966 361 1079 406 tarsa

121 531 155 595 (a.
168 529 237 595 119.)
251 521 284 582 et
304 518 390 600 ipsos
413 517 512 600 digna
536 515 732 578 correctione
754 516 931 598 perculsae,
956 519 991 578 ut
1013 514 1159 598 superius
1175 515 1297 578 dictum
1319 519 1376 598 est,
1396 515 1487 600 pellere

245 621 369 705 jubeat.
415 618 502 701 Ergo
525 617 584 680 hoc
607 617 759 699 petimus,
790 621 841 698 ut,
868 617 951 680 sieut
973 616 1192 699 supradictum
1216 620 1280 699 est,
1303 617 1385 701 ipsas
1405 617 1488 702 hujus

249 721 334 785 modi
362 721 486 783 litteras
514 741 570 802 per
599 719 742 782 eumdem
772 719 959 802 portitorem
994 717 1035 782 ad
1065 740 1124 782 nos
1151 718 1293 803 dirigere
1325 740 1488 804 magnopere

249 822 469 907 praecipium).
503 823 585 884 Sunt
608 824 714 883 irritem
737 821 866 884 nomina
881 842 988 883 eorum
1007 820 1194 906 Achillesi‘),
1218 820 1392 905 Johannes,
1412 822 1491 887 leon

249 925 312 988 tius
342 927 374 987 et
396 922 609 1007 Mauritiusl).
655 922 744 985 Haec
771 925 881 986 nostra
909 925 957 985 est
984 924 1125 986 niaxima
1156 922 1380 986 sollicitudinis
1406 946 1489 1007 caum,

248 1049 290 1089 ne
311 1026 430 1109 unitas,
454 1047 549 1108 quarn
571 1027 675 1087 vester
696 1023 787 1087 labor
808 1025 972 1108 oratioque
987 1025 1133 1108 perfecit,
1157 1047 1216 1108 per
1237 1025 1394 1109 inquietos
1412 1023 1490 1090 humi-

248 1149 306 1191 nes
334 1128 522 1210 dissipetur,
557 1129 722 1210 sperantes
751 1127 784 1189 in
813 1126 950 1190 llomino
979 1127 1061 1209 beo,
1096 1127 1172 1211 quia
1200 1128 1227 1190 si
1257 1128 1333 1212 quid
1359 1132 1405 1191 est
1426 1129 1491 1212 quod

250 1230 353 1293 adhue
376 1252 395 1291 a
417 1229 515 1292 totius
537 1227 622 1291 orbis
645 1249 722 1310 paee
746 1228 930 1311 dissentiat,
955 1228 1014 1291 hoc
1036 1250 1160 1313 quoque
1184 1230 1382 1293 orationibus
1400 1231 1493 1294 uestris

249 1331 442 1415 apostolicae
464 1329 548 1393 sedis
570 1329 783 1393 commmtioni
807 1331 953 1394 societur.
1002 1393 1007 1412 ,

249 1518 368 1570 firmant.
405 1519 518 1585 Integra
536 1515 601 1578 erit,
625 1515 648 1568 si
670 1517 779 1569 tantum
802 1516 935 1570 addatur:
963 1521 1067 1585 Scripta
1090 1523 1121 1570 de
1144 1523 1232 1570 iisttcm
1251 1524 1328 1571 missu
1347 1531 1409 1571 sunt.
1441 1524 1496 1582 Quae

249 1614 330 1655 utitem
349 1608 512 1669 rescripserit
531 1605 660 1655 beatitudo
678 1614 775 1659 uestra.
794 1606 857 1653 tuce
873 1622 923 1669 per
940 1608 1049 1655 ettrndem
1066 1609 1232 1670 portitorem,
1252 1605 1310 1655 tum
1332 1605 1403 1656 recte
1420 1620 1499 1671 sitque·

248 1690 306 1751 tur,
325 1692 361 1739 ari
379 1707 424 1740 nos
442 1693 545 1754 arrpelus
563 1698 647 1740 cester
664 1692 794 1739 destinare
813 1693 938 1753 tiiprtetnr.
1375 1680 1378 1685 ’

316 1774 336 1838 ⁴)
355 1771 421 1825 bec
441 1778 558 1838 festinet,
581 1772 693 1840 praeter
715 1772 798 1825 fidem
816 1770 849 1824 G'
864 1770 900 1825 G³
921 1771 1138 1826 assentantium
1156 1771 1322 1838 lastiniani,
1346 1774 1391 1842 qui
1409 1792 1504 1826 rursum

248 1855 328 1925 epist.
347 1863 380 1910 99
403 1855 500 1911 eadem
523 1857 615 1909 mente
638 1854 746 1909 scribit:
777 1861 822 1909 Au
839 1877 884 1909 nos
903 1878 955 1910 curn
972 1863 1062 1910 uestris·
1079 1862 1173 1910 litteris
1190 1862 1282 1924 jubete
1295 1864 1436 1920 remittere,
1455 1880 1506 1928 pau·

248 1961 301 1993 ruuu
325 1947 486 2009 exemplaria
509 1947 657 2009 cumtpucta
679 1947 814 2009 praedicto
840 1948 895 1994 ciro
919 1930 1033 1995 strenuo*
1047 1946 1155 2010 Eulopio
1184 1949 1246 1996 dari
1270 1950 1431 2011 praecipitet
1458 1948 1509 1997 tum

247 2025 319 2079 lianc
341 2025 498 2080 cautionem
516 2025 579 2079 ideo
598 2025 785 2079 adhibendam
798 2025 935 2091 declarat,
955 2044 989 2080 ne
999 2027 1074 2080 locus
1088 2027 1240 2080 mendaciis
1254 2027 1299 2082 vel
1311 2028 1418 2082 insidiis
1430 2029 1510 2082 detur.

315 2112 336 2177 b)
354 2111 473 2164 Rursum
492 2109 604 2163 Achillis
621 2110 703 2178 hujus
720 2110 825 2163 mentio
843 2110 875 2164 iit
893 2110 973 2180 epist.
993 2116 1025 2164 98
1043 2129 1062 2163 n
1089 2118 1113 2165 t.

314 2198 336 2262 ⁶)
354 2195 372 2248 b
393 2199 554 2259 inocentiae,
574 2195 677 2263 rejecto
696 2195 731 2248 ad
750 2210 829 2249 oram
848 2201 994 2249 Mauritius.
1025 2195 1089 2250 Fuit
1101 2196 1215 2264 quidem
1234 2197 1309 2252 inter
1323 2203 1515 2255 controversae

246 2280 400 2334 sententiae
423 2281 583 2334 defensores
605 2280 771 2349 praecipuus
789 2280 929 2334 iohannes
947 2281 1114 2347 Maxentius,
1133 2282 1211 2350 cujus
1233 2282 1263 2336 in
1280 2283 1459 2340 bibliotheca
1475 2304 1517 2356 pa·

246 2366 321 2418 trum
344 2382 406 2418 eum
430 2364 491 2419 aliis
514 2365 638 2433 ejusdem
660 2364 795 2419 iohannis
818 2365 949 2434 operibus
972 2367 1064 2419 exstat
1086 2366 1206 2435 epistola
1228 2366 1382 2438 inscripta:
1413 2377 1520 2424 Dominis

245 2455 307 2504 viris
329 2456 480 2504 beatissimis
500 2456 623 2505 Germrmm
641 2461 666 2504 et
683 2455 796 2503 iohanni
812 2456 950 2519 episcopie,
974 2455 1056 2503 Felici
1072 2463 1098 2504 et
1115 2457 1241 2506 Dioscoro
1260 2459 1397 2519 diaconis,
1423 2460 1522 2511 Blando

246 2541 398 2605 presbytero
421 2547 447 2589 et
469 2541 601 2589 uniuersae
622 2541 746 2604 tepotioai
767 2541 836 2588 sedis
859 2541 1016 2602 apostolicae
1039 2540 1070 2589 ab
1092 2542 1186 2603 emique
1206 2541 1348 2593 ,timentia
1367 2553 1396 2593 et
1415 2547 1524 2595 omnibns

246 2629 289 2690 qui
305 2642 396 2675 macrim
408 2630 465 2673 sunt
478 2629 590 2674 satutem.
628 2620 682 2674 Sed
701 2621 793 2673 utrum
812 2636 844 2673 ex
862 2620 904 2673 his
923 2620 1015 2685 fuerit,
1034 2620 1081 2688 qui
1099 2621 1218 2675 Romam
1231 2624 1459 2692 contenderunt,
1478 2627 1523 2680 du·

245 2706 382 2761 bitatione
400 2722 454 2758 non
472 2706 562 2759 vacat.
598 2705 680 2773 Apud
697 2704 874 2773 Fulgentium
893 2705 971 2774 epist.
994 2712 1022 2757 ltt
1041 2706 1076 2759 ad
1094 2705 1184 2774 ipsmn
1197 2706 1384 2776 Fulgentium
1401 2711 1525 2781 aliosque

245 2790 356 2845 tincae
378 2789 522 2860 episcopos
540 2789 676 2843 scribunt:
705 2796 797 2843 Petrus
820 2796 953 2851 diaconus.
977 2795 1118 2848 tutaturus.
1141 2796 1277 2854 leontius,
1302 2799 1372 2846 alias
1397 2801 1527 2852 teucrus

246 2889 271 2930 et
292 2881 373 2930 eetem'
392 2880 492 2942 fratres
514 2882 539 2928 in
561 2896 638 2929 cauca
658 2880 721 2942 fidei
743 2879 844 2929 lienium
868 2881 972 2934 directi·
999 2893 1031 2929 ac
1052 2874 1241 2929 subscribunt:
1269 2882 1371 2933 Petrus
1396 2872 1527 2944 diaconas,

245 2966 374 3016 Jotauncs
392 2966 540 3026 menuctus,
558 2965 680 3014 Leontius
698 2966 843 3020 marrucine,
862 2965 992 3015 tutanncs
1009 2969 1097 3016 tector.
1130 2961 1201 3014 Tum
1214 2962 1298 3032 epist.
1315 2970 1347 3017 1't
1367 2967 1528 3022 rescribunt

244 3047 406 3116 Fulgentius
428 3046 458 3099 et
479 3044 526 3099 alii
547 3044 704 3114 quindecim
726 3045 849 3115 episcopi
872 3051 952 3099 Petro
975 3052 1096 3112 diacono,
1120 3050 1243 3107 totunm,
1271 3053 1403 3111 Leontio.
1438 3064 1464 3106 et
1486 3059 1529 3106 atii

244 3137 368 3193 totnani,
388 3138 528 3199 ceterisque
544 3135 683 3197 frutribus,
704 3150 766 3199 quos
783 3151 833 3183 tina
851 3135 973 3184 uobiscum
992 3136 1016 3184 in
1034 3149 1112 3183 caure
1126 3136 1190 3198 fidei
1203 3135 1309 3186 Roriam
1328 3139 1451 3191 directos
1470 3144 1528 3192 iati-

244 3223 339 3275 mastis.
376 3215 448 3270 Sane
466 3215 489 3268 si
506 3215 580 3268 inter
598 3231 644 3268 eos
662 3214 812 3268 exstitisset
829 3215 998 3281 Maxentius,
1016 3231 1117 3268 nomen
1130 3214 1203 3283 ejus,
1222 3217 1252 3268 ut
1272 3218 1323 3286 qni
1342 3221 1445 3275 notior
1458 3229 1528 3277 esset

245 3318 277 3355 ac
295 3301 443 3367 celebrior,
460 3300 489 3353 in
506 3300 559 3352 illis
578 3299 687 3368 scriptis
704 3299 792 3353 taceri
808 3316 863 3353 non
881 3299 1028 3354 debuisset.
1059 3300 1117 3354 Nec
1135 3299 1224 3354 videri
1240 3305 1342 3370 potest
1361 3305 1528 3362 alterutrius

243 3385 377 3439 ,Iohannis
396 3385 506 3439 nomine
525 3384 655 3454 exprimi,
673 3402 757 3454 quum
775 3384 880 3454 primus
898 3385 1038 3439 ,lohannes
1055 3389 1202 3446 inonachus,
1223 3386 1298 3440 alter
1317 3395 1407 3445 tector
1426 3410 1528 3448 nuncu·

243 3471 339 3539 petor,
361 3471 517 3523 Maxentius
541 3486 616 3534 veru,
639 3471 670 3522 ut
691 3469 873 3524 Bellarminus
896 3472 994 3524 auctor
1016 3474 1070 3536 est,
1093 3471 1242 3539 presbyter
1270 3472 1361 3541 vulgo
1387 3477 1528 3554 credatur¹

244 3558 328 3623 atque
351 3554 410 3624 ipse
429 3555 482 3608 sibi
503 3557 573 3609 teste
592 3553 724 3608 Dioscoro
744 3555 848 3621 (Horm.
869 3555 947 3624 epist.
962 3559 994 3608 98
1011 3573 1037 3608 n.
1050 3558 1077 3623 4)
1096 3555 1208 3609 abbatis
1225 3554 1345 3611 titulum
1365 3567 1527 3631 arrogaret

244 3640 298 3693 Sed
316 3641 345 3693 et
362 3640 391 3692 in
409 3640 586 3709 responsione
605 3639 640 3693 ad
659 3638 822 3693 Hormisdae
836 3639 982 3709 epistolam
1001 3639 1040 3693 sic
1052 3638 1155 3708 ubique
1173 3639 1313 3709 loquitur,
1333 3647 1424 3711 qussi
1443 3664 1477 3701 ex
1495 3648 1528 3703 iis

243 3741 297 3777 non
316 3726 396 3779 esset.
433 3725 501 3779 Cum
518 3725 617 3778 iisdem
634 3723 776 3778 monachis
795 3725 952 3794 expostulat
968 3723 1116 3791 Batonius,
1134 3724 1209 3794 quod
1227 3724 1257 3777 in
1274 3729 1433 3796 praedicta
1452 3734 1528 3802 apud

243 3808 420 3879 Fulgentium
443 3810 560 3878 epistola
579 3815 610 3862 ro
633 3827 692 3863 sese
710 3809 881 3863 mendaciter
899 3816 974 3862 totius
993 3813 1129 3863 orientatis
1147 3818 1271 3864 ecciesiae
1296 3833 1368 3880 prae
1387 3836 1417 3870 sc
1438 3823 1528 3884 serant

243 3916 298 3948 csse
317 3902 422 3962 tapetes.
457 3894 581 3964 Respicit
598 3894 673 3947 baud
692 3894 775 3948 dubie
794 3893 940 3948 cardinalis
953 3893 1076 3950 emditus
1096 3894 1132 3948 ad
1150 3895 1264 3949 titulum
1283 3897 1429 3966 epistolae
1446 3920 1526 3972 prae

244 3982 339 4045 lixum,
357 3978 405 4032 nbi
421 3979 536 4047 legitur:
556 3986 629 4032 Petri
646 3985 748 4032 citarent
765 3996 789 4031 et
808 3985 921 4044 eliorum,
941 3986 984 4049 pm'
1000 3986 1026 4033 iu
1044 4000 1122 4033 curma
1136 3986 1200 4048 fidei
1211 4001 1227 4033 a
1241 3985 1358 4036 Graccis
1370 4005 1409 4039 ex
1422 3990 1526 4042 Oriente

244 4070 343 4117 ltouium
361 4070 430 4117 irrisui
449 4069 562 4127 scierunt.
597 4064 651 4132 lpsi
676 4080 739 4117 vero
762 4064 790 4116 in
815 4064 994 4134 inscriptione
1017 4080 1073 4117 non
1090 4081 1118 4118 se
1137 4070 1214 4119 totius
1233 4069 1381 4122 orientatis
1399 4080 1525 4126 ecclesiae

242 4156 352 4216 lcpatos,
376 4147 424 4202 sod
447 4147 609 4218 simpliciter
633 4155 657 4201 in
676 4171 754 4201 curam
768 4156 833 4216 fidei
850 4155 950 4202 ltomnm
969 4155 1080 4204 directos
1103 4149 1205 4204 dicunt.
1242 4151 1409 4208 Maxentius
1428 4160 1524 4211 autem

241 4232 269 4285 in
287 4233 465 4302 responsione
485 4233 520 4287 ad
538 4232 701 4287 Hormisdae
720 4233 865 4303 epistolam
885 4235 1012 4287 constare
1030 4235 1164 4295 affirmat,
1183 4255 1232 4303 pro
1251 4243 1309 4291 sota
1328 4242 1524 4295 trecentesim

243 4318 309 4384 (scil.
331 4324 453 4371 Christum
471 4323 559 4370 Filium
579 4324 627 4371 Ilei
644 4325 691 4373 triui
713 4340 784 4371 turtum
807 4325 972 4386 confitendum
995 4340 1051 4374 esse
1069 4341 1105 4374 er
1121 4330 1212 4373 sancta
1227 4331 1253 4373 et
1277 4328 1415 4378 indit-idua
1437 4331 1461 4378 T
1459 4333 1523 4379 riui·

241 4407 304 4469 tatc)
325 4408 473 4471 Scytharum
496 4409 629 4457 tirunncltos
651 4411 687 4458 ad
710 4409 842 4457 limmmum
861 4410 942 4470 sitisse
959 4411 1094 4473 profectos
1112 4411 1266 4473 episcopum.
1304 4405 1371 4471 Qua
1388 4410 1418 4463 in
1437 4427 1469 4465 re
1487 4411 1521 4465 de

243 4487 362 4541 Orientis
381 4506 473 4542 secum
492 4489 668 4542 consensione
687 4488 801 4557 gloriari
822 4489 988 4558 potuissent.
1026 4490 1107 4545 Certe
1127 4489 1202 4543 inira
1219 4491 1301 4560 epist.
1325 4500 1378 4548 tsa
1396 4513 1422 4548 n.
1442 4501 1460 4548 6
1477 4496 1519 4549 Je

242 4572 445 4641 rosolymitaui,
464 4574 628 4627 Antiocheni
647 4578 675 4628 et
692 4574 828 4627 secundae
842 4573 938 4643 Syriae
957 4574 1049 4628 clerici
1067 4577 1096 4629 et
1113 4575 1243 4641 abbates,
1262 4585 1314 4630 nec
1334 4595 1394 4633 non
1410 4595 1518 4650 posses-

242 4674 317 4711 sores
335 4658 494 4726 prom'nciae
514 4657 609 4727 Syriae
627 4659 757 4728 precibus
769 4659 878 4712 instinc
897 4659 1010 4725 oblatis,
1029 4666 1088 4730 quic
1105 4666 1226 4714 Dominus
1244 4673 1337 4716 noster
1354 4668 1435 4718 lem
1446 4670 1508 4719 (bri

242 4752 295 4794 stirs
313 4763 375 4795 ituris
393 4755 431 4794 cst
449 4756 591 4797 excuncta
610 4756 634 4796 et
657 4751 729 4796 unius
748 4749 872 4797 essentiae
895 4749 1033 4808 Trinitutc,
1056 4745 1198 4815 conceptis
1219 4746 1314 4800 verbis
1336 4750 1512 4817 profitentia.

242 4827 285 4879 Ob
307 4825 336 4879 id
359 4826 445 4894 igitur
468 4846 552 4881 unum
575 4829 705 4897 culpandi
729 4833 820 4895 erant,
848 4829 923 4898 quod
946 4846 1005 4883 rem
1029 4847 1089 4883 non·
1106 4829 1293 4884 necessariam
1318 4849 1355 4885 eo
1379 4836 1513 4904 tempore.

243 4926 297 4978 quo
316 4911 391 4964 omni
409 4912 533 4966 novitate
552 4912 740 4967 absistendum
760 4918 833 4980 crat,
852 4915 1010 4983 importune
1029 4932 1061 4969 ac
1080 4914 1248 4970 tumultuose
1267 4921 1451 4983 quaererent.
