3204 5506
227 312 288 373 114
667 321 694 366 s.
712 316 918 364 nemaeum:
941 314 1056 361 raras

120 478 411 562 aarase1·u]udosa
433 476 588 539 transire:
612 475 716 538 scribo
740 477 834 557 atquc
858 471 1000 555 alloquor
1022 470 1156 534 beatum
1171 471 1293 534 vestrae
1310 471 1439 536 1111111111

227 584 337 664 eaput,
368 579 555 662 significans
580 577 742 641 collaudari
771 598 829 639 nos
852 575 967 637 beatae
990 573 1057 637 sedi
1081 572 1289 637 sacratissimi
1309 572 1381 638 Petri
1396 597 1444 658 ape
1536 590 1544 600 ‘

227 683 315 764 stoli,
346 681 427 764 quod
451 681 509 743 tali
533 680 655 763 regitur
677 702 790 759 manu,
823 698 903 762 quae
926 675 1067 758 suscepit
1091 675 1318 760 principem⁸),
1343 699 1396 741 nen
1414 678 1452 761 qui

227 785 380 847 honorem
403 787 531 866 raperet
554 783 609 845 sed
631 782 685 865 qui
708 784 874 863 raperetur
898 779 938 841 ab
962 799 1008 860 ee,
1033 780 1075 860 et,
1101 777 1185 842 sicut
1207 799 1308 841 sermo
1328 778 1459 862 multiplex

228 887 323 949 tradit
354 888 386 947 et
415 909 472 947 nos
502 885 546 946 ita
575 907 607 946 se
637 883 754 946 hahere
786 881 957 962 credimuS,
993 879 1186 943 nutritorem
1219 880 1307 964 pacis
1333 885 1363 944 et
1385 884 1465 944 rectae

230 988 301 1052 lidei
325 990 526 1067 certatorem,
551 992 582 1047 et
606 985 839 1065 humatae)
862 983 979 1046 mentis
1002 985 1035 1046 et·
1056 983 1203 1063 caritate,
1228 1004 1310 1066 quae
1326 983 1473 1046 eirenem-

229 1094 296 1152 rtos
320 1091 378 1169 est,
402 1093 567 1170 tamquam
588 1087 736 1170 pretiosis
759 1086 918 1168 lapidibus
942 1087 1140 1148 coronatum.
1176 1083 1311 1149 Etenim
1334 1090 1438 1149 cuncta
1453 1096 1480 1148 te

229 1190 310 1269 volo,
335 1190 518 1252 venerande
541 1193 642 1272 pater,
667 1209 853 1272 agnoscere,
877 1186 960 1271 qued
984 1208 1022 1249 ex
1045 1187 1186 1270 antiquis
1211 1187 1337 1250 sanctis
1359 1192 1390 1251 et
1408 1210 1488 1251 rene·

229 1291 338 1354 randis
361 1292 507 1373 patribus
531 1291 708 1373 suscipiens
737 1289 822 1351 illius
851 1289 963 1351 berctae
993 1288 1076 1351 sedis
1105 1288 1328 1373 deorumn),
1363 1292 1396 1352 et
1419 1288 1493 1354 haue

229 1398 393 1475 tamquam
415 1396 584 1475 paternam
607 1396 725 1455 sentem
746 1390 937 1472 custodiens,
963 1390 1077 1453 addere
1092 1388 1152 1455 hoe
1167 1394 1248 1474 epte
1263 1396 1367 1476 utque
1381 1391 1501 1475 festiue,

230 1499 265 1557 ut
288 1494 395 1556 verriat
418 1493 452 1556 in
475 1493 535 1557 hoc
559 1493 663 1556 studio
691 1493 846 1556 terminus
875 1491 962 1555 utilis
990 1491 1194 1556 humanitate
1223 1492 1361 1576 quidem
1384 1493 1506 1559 Domini

230 1600 262 1659 et
288 1596 343 1658 lui
367 1596 470 1659 nostri
492 1595 571 1658 Jesu
587 1595 722 1677 Christi,
746 1594 1029 1658 intercessionibus
1052 1597 1159 1658 autem
1181 1594 1219 1658 in
1243 1596 1380 1659 eunctis
1401 1596 1510 1660 beatis·

230 1698 301 1760 simi
325 1697 461 1780 apostoli
485 1696 571 1760 Petri
601 1701 633 1759 et
661 1697 694 1759 in
725 1697 872 1759 omnihus
900 1696 1130 1778 sapientissimi
1152 1694 1268 1760 Pauli:
1300 1702 1341 1761 ut
1364 1720 1514 1763 veneran-

230 1799 289 1861 dae
312 1820 420 1861 eorum
443 1799 510 1860 sedi
533 1803 564 1862 et
587 1802 661 1862 tuae
689 1798 880 1861 beatitudini
904 1798 992 1880 juste
1021 1798 1145 1861 debitus
1174 1798 1286 1862 honos
1320 1800 1518 1865 custodiatur

230 1906 325 1983 atque
358 1900 525 1982 reddatur,
565 1904 600 1962 ut
633 1901 751 1963 nostris
784 1900 981 1982 temporibus
1010 1900 1097 1964 velut
1131 1900 1324 1965 secundum
1361 1903 1518 1988 princ-ipa·

230 2007 299 2066 turn
322 2002 405 2065 sedis
428 2003 621 2085 apmtolieae
644 2002 798 2065 honorem
822 2005 1053 2086 congruentem
1071 2002 1242 2086 suscipiat,
1269 2007 1307 2068 et
1332 2006 1445 2070 omnis
1466 2007 1521 2071 dis

231 2105 338 2169 cordia
361 2105 506 2185 recedat,
531 2108 563 2167 et
585 2103 788 2183 ecclesiac¹¹)
811 2105 953 2167 omnium
975 2107 1121 2169 nestrum
1144 2103 1321 2170 catholica
1345 2108 1522 2187 voluntate,

233 2206 362 2270 Domini
385 2208 482 2269 etiam
506 2210 537 2270 et
559 2205 619 2268 Dei
642 2207 744 2269 nostri
766 2205 845 2270 Jesu
868 2205 1004 2285 Christi,
1028 2208 1060 2269 et
1082 2205 1279 2271 Nestorium
1305 2213 1343 2274 et
1367 2210 1522 2296 Eutyche

231 2313 297 2372 tem
319 2308 433 2391 impios
457 2312 489 2371 et
511 2307 624 2371 horum
647 2311 812 2371 sementes
835 2308 997 2391 dogmata,
1021 2308 1130 2392 et'qui
1148 2308 1297 2374 istorum
1314 2312 1414 2378 fuere
1429 2319 1524 2379 secta·

231 2415 316 2474 tores
339 2413 395 2472 aut
418 2413 563 2492 exstrmt,
595 2413 626 2472 et
653 2431 780 2473 emnem
808 2409 966 2473 haeresim
994 2409 1361 2479 anathematizantium
1391 2438 1522 2501 semper,

232 2516 264 2574 et
287 2516 406 2574 rectam
429 2516 524 2596 atque
546 2512 866 2575 incontaminabilem
897 2512 992 2575 fidem
1013 2512 1245 2578 inconcussam
1270 2519 1453 2602 tamquam
1475 2542 1523 2583 an·

233 2613 362 2677 choram
386 2618 507 2677 certam
536 2617 630 2697 atque
660 2615 784 2677 firmam
813 2614 1008 2697 tenentium,
1038 2619 1070 2678 et
1097 2618 1309 2698 paratorum
1329 2620 1373 2683 1111
1403 2644 1522 2704 pacem,

232 2714 378 2795 nullo¹'·'),
403 2715 486 2798 ‹luod
508 2716 603 2799 absit,
629 2716 837 2798 impediente:
860 2717 1049 2800 praesertim
1065 2718 1256 2783 venerando
1274 2723 1393 2806 capite
1410 2728 1520 2804 restro,

232 2817 315 2881 sieut
338 2817 520 2900 didicimus,
559 2817 704 2881 homines
733 2818 950 2882 contentiosos
978 2817 1145 2902 horrente,
1182 2821 1309 2904 quibus
1341 2827 1378 2888 et
1401 2826 1469 2888 rita
1493 2838 1520 2887 et

233 2942 305 2982 esea
334 2923 382 2982 est¹
404 2920 606 2983 sacerdotum
628 2919 689 2982 Dei
711 2920 796 2983 inter
825 2942 858 2983 se
881 2921 1106 2985 altercantimn
1129 2923 1315 3007 separatie,
1348 2928 1438 2997 ut¹³t
1461 2949 1517 2991 nou

233 3022 272 3083 ah
300 3021 447 3086 ormrihus
476 3021 626 3084 velociter
656 3022 777 3103 cogniti
807 3026 971 3106 tamquam
1005 3023 1072 3106 lupi
1102 3023 1136 3087 in
1166 3025 1388 3091 vestimentis
1419 3029 1517 3092 orium

232 3123 327 3186 t'aeile
350 3124 390 3186 ab
414 3123 588 3206 apostoliea
612 3123 757 3187 Ecclesia
779 3124 986 3207 repellantur.

299 3267 346 3271 ..—
400 3264 537 3271 .--——----

300 3354 320 3414 s)
339 3346 357 3397 b
371 3362 405 3398 ce
424 3345 576 3399 omiserunt
593 3351 732 3413 principem
749 3345 767 3398 i.
787 3362 810 3398 e.
830 3344 989 3414 pontificem
1008 3339 1162 3414 (ἄρχοντα).

298 3434 318 3495 ¹³)
339 3430 372 3481 a*
387 3433 412 3483 111
432 3436 608 3483 hroruou'tateru
626 3452 656 3485 111.
676 3451 697 3484 e.
716 3435 848 3482 ceritatem
921 3441 1095 3495 recurrentem,
1116 3431 1182 3485 bec
1200 3437 1360 3490 hereditate.

303 3518 332 3581 ¹⁰)
351 3517 377 3568 a'
398 3520 507 3583 ellectu:
525 3514 543 3567 b
558 3532 592 3567 cc·
609 3520 727 3582 (illectum
746 3520 781 3566 ari
797 3520 870 3567 lrrrnr.

302 3602 331 3664 Η)
352 3600 427 3653 Ferri
446 3599 621 3666 aliquatenus
640 3616 736 3652 sensus
754 3601 859 3667 posset,
879 3598 902 3652 si
919 3598 991 3653 infra
1008 3599 1150 3668 legeretur
1167 3621 1184 3654 α
1196 3610 1268 3657 nullo
1336 3612 1518 3675 impertiantur.

232 3688 276 3736 ant
299 3703 331 3737 ex
351 3683 578 3737 anteecchntibus
591 3683 786 3737 resurnemhnu
798 3688 916 3737 homnem
929 3698 1104 3753 euripi-aculem
1121 3692 1278 3754 suscipiant.
1309 3689 1430 3747 Scilicet
1444 3712 1520 3749 vaces

232 3773 506 3829 rrnrndruurlituratum,
526 3776 671 3825 tenerrrima.
690 3782 838 3836 partiremur
857 3769 892 3822 ad
911 3781 1021 3823 nostrum
1040 3769 1203 3824 referendae
1222 3777 1302 3831 sunt.
1343 3776 1418 3833 bec
1436 3786 1520 3833 11111111·

231 3855 343 3906 rerunt:
363 3858 573 3906 ‹rnarleeruutr'zear
645 3864 747 3907 teneaat
820 3866 914 3921 pareat
925 3861 983 3921 jura
1000 3875 1095 3921 pueeru.
1131 3854 1220 3909 Nobis
1240 3858 1403 3918 retinuisse
1422 3865 1521 3919 eodie'n

231 3937 428 3991 auctoritatem
446 3938 531 3991 satius
549 3938 637 3991 visum
656 3940 705 3996 est,
726 3938 830 3992 -Ubi
849 3937 929 3991 simul
948 3938 1161 4001 advertendum,
1181 3956 1289 3998 cavere
1307 3944 1522 4006 Dorotheumu

232 4022 389 4075 ‹larnnando
412 4023 507 4078 Aeacii
529 4023 648 4077 nomine.
696 4025 783 4077 Immo
806 4023 872 4076 dum
893 4025 1014 4078 test-atur
1036 4024 1165 4078 ecclesias
1188 4027 1363 4095 praedictae
1387 4035 1523 4091 detestari

232 4125 291 4166 eos,
311 4108 358 4176 qui
376 4108 496 4160 Nestorii
515 4109 564 4161 ant
577 4108 738 4177 ltutyehetis
755 4108 864 4177 placitis
883 4108 1056 4163 adhaereant
1074 4109 1117 4164 vel
1134 4109 1340 4183 adhaeserint,
1361 4120 1523 4177 addendum

231 4192 334 4245 suerat:
366 4199 403 4245 rel
425 4203 468 4261 put
489 4198 526 4245 dis
550 4199 790 4248 cormauuicnuerint.
829 4194 860 4246 In
879 4211 911 4247 00
931 4194 1004 4248 eninr
1026 4195 1088 4248 tota
1110 4197 1172 4249 erat
1195 4202 1420 4274 contffoversia,
1450 4206 1522 4276 qued

231 4275 348 4329 ⁴tornius
371 4277 561 4345 Eutychianae
585 4281 677 4332 sectae
700 4278 855 4332 fautoribus
881 4279 1099 4346 nominatimque
1122 4280 1209 4335 Petro
1228 4282 1346 4357 Mengo
1372 4292 1522 4346 eommuni-

232 4365 355 4427 caverat,
379 4379 496 4429 eamque
515 4364 551 4415 eb
574 4381 685 4417 cansam
703 4364 803 4418 merite
822 4364 913 4418 fuerat
931 4364 1198 4431 excommunicatus,
1219 4371 1315 4440 atque
1335 4373 1408 4431 hine
1426 4376 1522 4431 summi

231 4445 376 4512 pontifices
388 4447 461 4500 inter
473 4449 631 4503 veneranda
643 4449 775 4518 mysteria
787 4448 960 4503 reticendum
972 4448 1044 4503 illius
1056 4465 1158 4504 nomen
1170 4451 1326 4524 volebant,
1346 4459 1418 4516 inde
1430 4462 1523 4518 Orien-

231 4530 302 4582 tales
321 4533 525 4599 repugnabant.

300 4616 330 4679 ¹²]
350 4619 375 4669 a'
396 4625 463 4670 tudda
481 4619 577 4679 ret-iam
590 4619 624 4672 (3¹
638 4622 715 4687 uada)
789 4627 869 4688 cupiti
886 4632 984 4681 trustra,
1003 4627 1068 4674 sieut
1086 4625 1192 4677 dicimus
1209 4628 1335 4683 homines
1348 4640 1522 4689 contemtum

231 4704 372 4755 hortanus.

302 4786 330 4835 ¹²1
349 4785 366 4832 h
381 4804 414 4839 cc
433 4794 475 4855 qui
493 4808 549 4840 nora
585 4788 722 4843 Redditur
739 4789 824 4849 ratio,
848 4808 896 4844 eur
918 4789 1054 4861 praedicti
1072 4797 1169 4847 ament
1186 4798 1384 4857 sacerdotnm
1403 4803 1456 4859 Dei
1472 4804 1522 4858 dis-

231 4868 384 4935 sensiones,
404 4873 432 4923 ut
453 4872 557 4925 sedicet
575 4872 603 4926 in
621 4873 669 4928 illa
688 4877 846 4930 confusione
866 4876 972 4931 titedius
990 4876 1105 4931 lateant.
