3204 5506
290 339 332 403 46
656 323 789 404 ΜὀΝιΤΑ
813 355 963 402 rnxnvrx
987 356 1022 402 m
1045 354 1185 403 canaan

291 525 419 590 quantum
435 516 539 573 Gelasio
555 517 630 573 cordi
644 517 734 579 luerit,
751 534 838 587 nemo,
856 518 906 572 nisi
922 519 1007 591 quiin
1024 517 1081 587 eius
1094 518 1200 590 scriptis
1212 518 1248 571 sit
1258 518 1367 572 omnino
1379 517 1553 591 peregrinus,

292 603 408 676 ignorat.
432 601 485 658 llac
500 603 579 658 etiam
595 602 754 659 damnantur
769 602 891 666 formula,
907 603 940 657 iis
953 602 1093 672 adiunctis,
1110 618 1177 675 quae
1193 618 1286 675 papam
1303 600 1428 658 eumdem
1439 617 1555 676 prorsus

290 689 401 760 sapiant.
432 687 507 743 Unde
522 690 620 744 sensim
636 687 785 750 coniicitur.
808 688 859 744 lroc
874 687 1011 743 decretum
1033 704 1086 742 non
1108 686 1188 741 modo
1210 685 1311 743 lsidoro
1328 686 1473 744 llercatori
1493 703 1555 761 per·

290 788 380 846 peram
394 771 482 835 tribui,
499 772 546 829 sed
561 791 611 829 nec
625 773 656 828 ad
669 775 807 830 Damasum
823 773 918 829 referri
934 780 1019 829 totum
1035 789 1125 847 posse.
1148 772 1215 827 Huic
1228 773 1297 827 enixu
1313 789 1397 845 papae
1409 773 1554 846 scriptum,

289 859 316 912 in
329 873 383 930 quo
395 856 467 913 Petri
481 857 658 920 Alexandrini,
675 859 746 915 Petri
762 859 921 914 dntioclxcni
933 866 960 913 et
976 859 1062 914 Aeacii
1078 857 1368 930 Constantinopolitaui
1381 858 1488 913 mentio
1500 855 1554 920 liat,

290 941 403 998 adscribi
419 942 621 1017 perabsurdum.
653 945 692 1000 dn
709 960 773 1000 vero
791 943 885 999 saltem
901 942 958 1013 ejus
974 960 1035 1016 pars
1051 944 1078 999 in
1095 959 1155 998 eum
1171 943 1320 1005 conveniat,
1337 942 1533 1016 expendamus.

373 1027 403 1083 4.
434 1028 587 1102 Stephanus
602 1029 724 1085 baluzius
739 1030 811 1085 notis
832 1030 858 1083 in
877 1029 1030 1084 Gratianum
1051 1045 1113 1103 pag.
1129 1027 1191 1083 444
1215 1044 1276 1083 asc
1292 1029 1376 1083 visum
1392 1044 1455 1083 esse
1472 1035 1555 1085 testa·
1589 1053 1596 1075 .

290 1121 334 1168 tur
349 1115 559 1169 vetustissimum
575 1113 742 1170 collectionis
759 1114 932 1186 llionysianac
947 1112 1090 1187 exemplar,
1113 1114 1139 1169 in
1157 1129 1210 1186 quo
1227 1111 1402 1168 exhibebatur
1417 1111 1493 1169 idem
1509 1111 1554 1169 de·
1591 1124 1596 1193 ‘j

289 1206 391 1254 cretum
414 1200 488 1272 quasi
509 1199 648 1254 allamaso
670 1217 736 1273 papa
757 1198 869 1254 editum.
901 1198 958 1254 lloc
978 1198 1121 1272 exemplar,
1143 1196 1216 1271 quod
1237 1199 1263 1252 in
1285 1196 1448 1253 bibliotheca
1471 1197 1553 1273 liegii

289 1292 346 1338 not.
364 1284 455 1346 3887,
470 1283 488 1340 3
504 1301 575 1340 nunc
590 1292 750 1348 asservatur,
767 1283 880 1340 vidintus
896 1291 923 1339 ct
938 1284 989 1357 ipsi
1006 1291 1032 1339 et
1047 1284 1222 1339 excussimus.
1259 1281 1344 1338 bledio
1360 1282 1472 1338 saeculo
1488 1281 1551 1346 Vlll,
1591 1276 1593 1281 ’

290 1371 328 1425 uti
340 1369 394 1440 jam
411 1368 618 1431 observavimus,
634 1377 769 1425 exaratum
785 1386 852 1430 csse.
869 1385 952 1443 quum
968 1386 1000 1425 ex
1015 1370 1177 1431 charactere,
1195 1378 1250 1424 tum
1266 1383 1299 1423 cx
1315 1367 1551 1441 andegavensium

289 1456 476 1529 episcoporum
500 1455 623 1529 catalogo
646 1455 677 1509 ad
699 1454 757 1525 ejus
778 1453 875 1510 calcem
897 1454 1032 1528 adscripto
1054 1461 1173 1528 apparet.
1210 1453 1247 1507 Eo
1270 1452 1376 1523 majoris
1398 1461 1442 1508 cst
1462 1454 1552 1527 pretii,
1594 1509 1596 1519 ,

289 1539 361 1613 quod
377 1541 508 1596 sinceram
523 1539 640 1613 llionysii
655 1539 750 1615 Exigui
765 1539 953 1595 collectionem
975 1548 1094 1595 asservat
1115 1540 1142 1595 in
1157 1539 1289 1594 Anastasii
1305 1537 1326 1592 ll
1346 1537 1464 1611 epistola
1482 1537 1553 1594 desi·

289 1633 396 1680 nentem
412 1625 554 1682 nonullam
572 1624 711 1681 habentem
727 1641 817 1680 earum
834 1623 1018 1698 epistolarum,
1035 1624 1131 1698 quibus
1141 1632 1217 1679 aucta
1230 1621 1395 1697 temporibus
1407 1621 1553 1680 lladrianil

288 1709 438 1783 legebatur.
470 1710 498 1766 ln
516 1711 567 1766 boc
581 1727 665 1783 porro
681 1709 824 1784 exemplari
840 1710 970 1765 anastasii
987 1708 1008 1765 ll
1023 1726 1107 1783 papae
1122 1709 1237 1765 decretis
1254 1710 1375 1782 proxime
1392 1706 1552 1778 subjicitur:

288 1795 395 1867 incipit
410 1799 560 1852 concilium
577 1797 656 1853 urbis
671 1797 781 1853 Romae
796 1795 849 1851 sub
865 1794 992 1852 Darnaso
1011 1813 1092 1868 papa
1114 1797 1148 1850 ale
1165 1796 1373 1866 explanatione
1391 1795 1470 1864 fidei.
1503 1794 1552 1850 ut-

288 1887 364 1936 ctum
386 1888 442 1937 esl:
463 1882 551 1937 Prius
571 1883 711 1955 aparctiam
727 1888 769 1936 cst
784 1882 818 1936 alc
833 1883 936 1951 spiritu
951 1881 1113 1953 septiformi
1127 1888 1189 1943 etc..
1212 1888 1242 1935 ut
1263 1881 1290 1934 in
1311 1877 1440 1948 subjectis
1463 1879 1553 1953 gestis

287 1964 318 2020 ab
335 1967 411 2021 initio
427 1966 458 2021 ad
475 1966 539 2022 baec
554 1966 632 2022 verim
648 1984 674 2022 n.
689 1967 706 2023 6
722 1966 794 2023 ltem
810 1965 952 2022 Chronica
969 1967 1088 2023 Eusebii
1102 1965 1308 2022 Caesariensis.
1339 1964 1407 2019 Tum
1423 1964 1554 2037 sequitur

288 2050 480 2106 Gallicanarum
496 2053 691 2125 provinciarum
708 2053 810 2114 notitia.
832 2052 875 2106 cui
890 2050 996 2107 demum
1013 2051 1245 2125 dndegavensinm
1266 2051 1458 2122 episcoporum
1481 2057 1555 2105 cata

286 2135 367 2210 logus
385 2135 550 2210 adjungitur.
582 2136 636 2192 Nec
658 2145 758 2193 temere
778 2137 953 2209 suspicamur,
975 2137 1128 2212 fragmento
1145 2137 1207 2192 huic
1222 2134 1307 2191 simile
1323 2135 1459 2190 exstitisse
1474 2133 1553 2196 illud,

287 2220 360 2294 quod
375 2220 458 2278 Lucas
475 2221 631 2278 llolstenius
652 2222 727 2296 (coll.
747 2220 822 2278 Rom.
839 2221 858 2285 l,
878 2221 948 2293 178)
969 2227 998 2279 in
1016 2226 1204 2280 vetustissima
1220 2238 1362 2277 canonum
1378 2222 1553 2277 collectione

287 2307 473 2363 bibliothecae
501 2307 661 2364 Vaticanus
680 2316 787 2363 nactum
807 2323 837 2362 se
858 2308 908 2368 ait,
937 2307 1008 2363 unde
1030 2318 1056 2364 et
1077 2308 1188 2380 primam
1210 2306 1312 2363 decreti
1332 2304 1412 2376 hujus
1433 2311 1550 2378 partem.

287 2408 365 2464 quam
381 2409 431 2448 nos
447 2410 473 2447 n.
493 2392 508 2447 1
526 2399 554 2447 et
570 2393 587 2448 2
604 2391 695 2447 recudi
711 2393 868 2455 curavimus,
891 2393 951 2465 quia
968 2392 1024 2448 sola
1040 2391 1160 2449 nondum
1177 2391 1282 2466 vulgata
1298 2400 1363 2454 erat,
1386 2389 1469 2446 edere
1484 2391 1552 2447 satis
1591 2408 1593 2413 ·

287 2475 388 2532 habuit.
405 2470 424 2549 ¹)
455 2477 512 2532 Hoc
527 2485 601 2533 certe
616 2477 707 2552 prodit
724 2477 827 2540 titulus,
844 2494 923 2550 quem
940 2494 971 2533 ex
984 2478 1130 2551 arclretypo
1146 2495 1196 2532 suo
1213 2478 1345 2551 expressit
1359 2477 1386 2531 in
1403 2475 1478 2532 huuc
1493 2492 1552 2532 mo·

287 2560 364 2617 alum:
395 2562 445 2618 Eae
466 2565 586 2619 concilio
608 2564 687 2619 atriis
702 2564 810 2620 Romae
831 2564 883 2618 sub
900 2563 1026 2620 Damaso
1042 2564 1126 2635 Papa
1142 2565 1177 2619 de
1192 2565 1400 2635 explanatione
1413 2563 1493 2633 fidei,
1511 2559 1553 2617 id·

287 2662 375 2719 eoque
395 2646 544 2709 conlirmat,
566 2647 639 2721 quod
660 2647 788 2703 llaronius
810 2664 842 2703 ex
868 2648 963 2704 eodem
985 2649 1077 2706 codice
1097 2651 1124 2704 in
1147 2647 1285 2704 annalibus
1306 2647 1451 2720 excerpsit.
1483 2645 1551 2703 llum

286 2732 356 2786 enim
377 2732 472 2805 ipsum,
494 2732 574 2787 simul
595 2741 623 2788 et
643 2732 755 2788 alterum
776 2733 897 2797 similem,
921 2751 1003 2807 penes
1025 2735 1159 2790 eruditum
1181 2734 1255 2789 illum
1278 2732 1438 2788 cardinalem
1454 2732 1550 2794 luisse.

286 2814 417 2890 largietur
431 2816 513 2880 ultro,
530 2818 575 2891 qui
590 2817 664 2891 quod
679 2818 723 2874 ille
735 2817 766 2872 ad
783 2835 867 2874 arnuos
882 2817 944 2875 447
961 2827 988 2875 ct
1003 2820 1064 2877 867
1076 2820 1192 2892 Spiritus
1207 2820 1291 2874 sancti
1307 2835 1339 2873 es
1350 2816 1429 2872 Patre
1441 2826 1470 2873 et
1481 2816 1551 2873 llilio

286 2903 486 2974 processionem
501 2901 664 2977 probaturus
680 2920 712 2958 ex
733 2902 870 2958 codicibus
885 2905 941 2960 suis
958 2905 1070 2978 profert,
1092 2922 1151 2961 cum
1168 2921 1200 2959 eo
1217 2902 1370 2964 contulerit,
1393 2901 1468 2975 quod
1485 2901 1552 2958 llol·

285 2988 389 3042 stcnius
405 3004 419 3043 e
435 2987 569 3050 Vaticano,
592 3006 640 3045 nos
663 2988 776 3061 ellegio
798 2991 926 3044 eruimus.
963 2989 1029 3045 item
1051 2992 1078 3046 in
1093 2990 1248 3046 llaronianis
1268 2989 1321 3045 illis
1342 2986 1551 3061 exemplaribus,

285 3071 406 3145 adeoque
421 3075 447 3129 in
461 3073 644 3136 llolsteniano.
660 3091 713 3129 nou
730 3075 817 3129 mixtus
833 3075 949 3148 amplum
965 3091 1043 3149 quam
1059 3077 1086 3131 in
1098 3074 1183 3149 Regio
1199 3075 1299 3131 decreti
1317 3072 1395 3143 liujus
1413 3072 1553 3147 fragmen·

286 3166 340 3212 tum
357 3159 491 3215 exstitisse
507 3176 664 3233 persuasura
680 3158 795 3221 lxabebit,
813 3161 935 3233 quisquis
951 3160 984 3215 dc
996 3162 1180 3235 praerogativa
1196 3159 1300 3215 sedium
1314 3159 1501 3214 testimonium
1517 3157 1551 3214 ab
1594 3176 1596 3180 ·

284 3242 380 3298 eodem
401 3244 526 3301 cardinali
542 3243 573 3299 ad
589 3262 673 3301 annos
690 3245 729 3301 69
745 3252 772 3299 et
788 3245 848 3301 382
869 3244 1035 3301 caudicibus
1051 3246 1151 3302 eisdem
1173 3246 1336 3319 exscriptum
1358 3243 1390 3298 ad
1412 3244 1552 3317 fragmen·

285 3336 341 3383 tum
357 3330 383 3383 in
400 3327 483 3403 lleqio
505 3331 648 3404 exemplari
668 3338 832 3386 asservatum
853 3332 982 3404 exegerit.
1014 3330 1088 3386 Unde
1112 3347 1194 3404 quum
1218 3347 1272 3385 non
1292 3330 1344 3387 alio
1362 3327 1550 3392 fundamento,

284 3414 335 3468 nisi
350 3414 541 3487 exemplarium
554 3415 672 3476 illorum.
689 3432 756 3488 quae
772 3415 953 3488 fragmentum
969 3415 1123 3486 hujusmodi
1139 3416 1249 3471 llamaso
1266 3416 1425 3488 inscriptum
1440 3431 1508 3488 prae
1519 3431 1551 3470 se

284 3497 383 3561 lerunt,
399 3501 500 3555 nitatur
521 3501 621 3573 opinio,
643 3516 712 3573 quae
733 3500 833 3555 decreti
848 3500 928 3571 liujus
944 3509 1047 3574 partem
1064 3501 1173 3556 Damaso
1189 3500 1318 3562 attribuit,
1335 3499 1400 3556 nibil
1423 3499 1551 3574 proiecto

284 3589 326 3637 est
341 3582 452 3646 lacilius,
469 3601 548 3657 quam
564 3593 593 3640 ut
609 3602 640 3640 ea
655 3600 686 3639 ex
702 3586 794 3639 animis
807 3585 983 3642 convellatur.
1010 3585 1087 3653 Quod
1098 3588 1255 3660 priusquam
1267 3584 1467 3660 aggrediamur,
1485 3603 1550 3661 ope·

196 3675 199 3682 ’
231 3711 235 3716 ,
283 3683 329 3722 rae
344 3669 461 3742 pretium
477 3677 526 3732 est,
545 3686 626 3725 uuum
642 3677 687 3724 aut
703 3670 816 3725 alterum
833 3669 920 3726 obiter
935 3669 1087 3727 observare.
1365 3725 1370 3735 ,

369 3753 397 3809 5.
429 3753 519 3810 Primo
535 3754 651 3828 quidem,
674 3755 696 3810 si
714 3763 766 3810 tam
782 3763 885 3810 certum
902 3763 982 3818 esset,
1004 3757 1030 3811 in
1046 3756 1170 3813 llomanis
1187 3756 1332 3819 codicibus.
1354 3772 1423 3829 qrxos
1440 3756 1552 3814 llolste·

285 3838 345 3893 nius
363 3847 390 3893 et
410 3838 540 3894 baronius
562 3839 679 3900 laridant.
703 3856 756 3895 non
778 3840 854 3895 allam
878 3840 968 3896 haberi
990 3858 1122 3897 canonum
1145 3842 1341 3906 collectionem,
1365 3842 1415 3897 nisi
1433 3844 1552 3916 quaein

284 3920 368 3997 llegio
384 3924 529 3998 exemplari
545 3933 705 3988 asservatur,
723 3942 801 3998 quam
817 3934 920 3982 certum
936 3935 986 3989 est,
1003 3935 1030 3983 et
1045 3927 1199 3983 collectioni
1216 3927 1310 3984 inillis
1326 3935 1477 3983 asservatae
1495 3945 1551 3984 non

283 4071 583 4080 ——fi———>,-—

352 4173 370 4239 ¹)
389 4171 449 4225 Hoc
467 4170 578 4240 quidem
596 4190 681 4230 secus.
710 4172 783 4227 Nam
795 4172 931 4228 Holsienii
949 4173 1034 4228 codex
1048 4176 1090 4228 est
1098 4174 1161 4228 Vati.
1170 4180 1245 4242 5845,
1263 4175 1291 4229 in
1304 4192 1358 4243 quo
1370 4175 1411 4229 iia
1422 4173 1551 4232 inscribi·

282 4241 340 4293 bur:
363 4243 499 4294 Concilium
521 4244 590 4293 urbis
608 4245 702 4295 Romae
722 4245 768 4295 sub
786 4247 898 4297 liamaso
922 4249 954 4295 de
976 4250 1158 4311 sapienatioae
1172 4250 1243 4309 fidei.
1278 4249 1378 4298 Dictum
1399 4255 1451 4297 est:
1473 4253 1551 4314 priua

281 4313 404 4374 apendum
421 4320 469 4365 etc.
489 4339 521 4348 -
539 4313 696 4362 annuntiabit
714 4313 792 4365 uobis.
822 4314 887 4363 Item
905 4317 996 4363 dictum
1014 4323 1066 4364 est:
1086 4316 1158 4365 Nune
1175 4332 1234 4366 uero
1253 4317 1284 4365 ale
1302 4318 1439 4380 seripturis
1456 4318 1552 4368 diviua&

281 4381 405 4442 aspendum
422 4387 472 4438 est,
496 4382 558 4446 quid
573 4382 722 4431 uniuersalis
744 4383 836 4445 recipit
854 4383 973 4440 ecclesia,
997 4391 1022 4432 et
1044 4385 1106 4448 quid
1126 4385 1203 4433 uitam
1223 4383 1323 4434 debeat.
1362 4381 1403 4432 Ac
1420 4380 1551 4449 subjecto

283 4442 481 4512 scripturorum
503 4461 644 4498 sacrarum
667 4445 796 4513 catalogo
819 4445 1007 4514 prosequitur:
1034 4451 1099 4501 Item
1122 4454 1213 4501 dictum
1236 4460 1290 4501 est:
1316 4453 1379 4502 Post
1395 4452 1443 4501 llas
1461 4469 1552 4503 omnes

280 4516 445 4579 propheticas
463 4523 488 4565 et
505 4521 663 4581 eonnpelicas
681 4525 706 4566 et
717 4520 880 4582 apostolicas,
900 4535 962 4582 qrtas
973 4521 1091 4583 superius
1102 4521 1310 4584 deprompsimus,
1328 4521 1475 4585 scripturas
1493 4520 1549 4572 etc.

282 4609 314 4656 Ι-
330 4587 436 4647 primum
453 4601 540 4635 nomen
559 4587 753 4634 christianorum
770 4589 882 4635 novellae
898 4589 981 4650 paulis
997 4595 1115 4638 exortam
1132 4597 1178 4638 cst.
1208 4586 1248 4637 Ac
1265 4585 1372 4653 aliquot
1388 4584 1550 4653 interJ'eetis

281 4647 355 4701 idem
373 4647 459 4701 codex
477 4647 516 4701 sic
534 4650 619 4703 refert
638 4649 693 4715 (fol.
708 4656 757 4702 279
770 4648 812 4716 b):
832 4653 929 4718 Incipit
946 4656 1083 4705 decretalis
1100 4658 1132 4705 alc
1144 4658 1299 4720 recipiendis
1315 4663 1340 4705 et
1358 4672 1407 4705 non
1419 4660 1550 4722 recipien-

282 4721 321 4768 dis
339 4720 422 4776 libris,
442 4723 485 4785 qui
501 4724 613 4785 scriptus
631 4729 669 4770 est
686 4738 703 4769 a
722 4722 823 4771 Gelasio
840 4739 912 4786 papa
929 4739 983 4772 caru
1000 4724 1079 4772 LXX
1101 4726 1162 4774 uiris
1180 4726 1355 4774 eruditissimis
1372 4726 1504 4790 episcopis
1522 4729 1550 4776 in

280 4788 342 4837 aede
361 4791 502 4851 apostolica
519 4789 703 4838 arbisllomae.
736 4789 800 4839 Post
814 4791 981 4854 propheticas
999 4798 1023 4840 et
1042 4794 1199 4854 euanpelr'cas
1215 4795 1366 4857 scripturas,
1423 4793 1475 4843 'bus
1493 4792 1548 4844 etc.

282 4850 663 4973 {rbi⁸¹1¹1⁸·⁰ii¹·⁸dq⁰n{f⁰rpn,¹1a⁰
682 4855 829 4919 utrumque
848 4853 990 4909 decretum
1010 4855 1115 4909 habeut
1127 4856 1238 4911 Buconii
1257 4857 1365 4911 codices
1402 4857 1466 4911 atie.
1480 4866 1549 4914 tana

282 4936 310 4970 e¹
354 4937 461 4973 orec.
508 4964 512 4972 .
546 4963 550 4973 .
632 4961 638 4974 .
