<?xml version="1.0" encoding="UTF-8"?>
<!DOCTYPE html PUBLIC "-//W3C//DTD XHTML 1.0 Transitional//EN"
    "http://www.w3.org/TR/xhtml1/DTD/xhtml1-transitional.dtd">
<html xmlns="http://www.w3.org/1999/xhtml" xml:lang="en" lang="en">
 <head>
  <title>
</title>
<meta http-equiv="Content-Type" content="text/html;charset=utf-8" />
  <meta name='ocr-system' content='tesseract 3.04.00' />
  <meta name='ocr-capabilities' content='ocr_page ocr_carea ocr_par ocr_line ocrx_word'/>
</head>
<body>
  <div class='ocr_page' id='page_1' title='image "./epistolaeromano00thiegoog/epistolaeromano00thiegoog_0024.png"; bbox 0 0 3204 5506; ppageno 0'>
   <div class='ocr_carea' id='block_1_1' title="bbox 533 392 1362 494">
    <p class='ocr_par' dir='ltr' id='par_1_1' title="bbox 533 392 1362 494">
     <span class='ocr_line' id='line_1_1' title="bbox 533 392 1362 494; baseline 0.001 -53"><span class='ocrx_word' id='word_1_1' title='bbox 533 392 731 494; x_wconf 39' lang='lat' dir='ltr'>andrentio</span> <span class='ocrx_word' id='word_1_2' title='bbox 754 393 929 443; x_wconf 66' lang='lat' dir='ltr'>sorrecis.</span> <span class='ocrx_word' id='word_1_3' title='bbox 1315 397 1362 444; x_wconf 83' lang='lat' dir='ltr'>XV</span> 
     </span>
    </p>
   </div>
   <div class='ocr_carea' id='block_1_2' title="bbox 100 553 1363 1484">
    <p class='ocr_par' dir='ltr' id='par_1_2' title="bbox 108 553 1361 746">
     <span class='ocr_line' id='line_1_2' title="bbox 110 553 1361 650; baseline 0.002 -23"><span class='ocrx_word' id='word_1_4' title='bbox 110 555 215 650; x_wconf 86' lang='lat' dir='ltr'>ipsum</span> <span class='ocrx_word' id='word_1_5' title='bbox 240 575 332 649; x_wconf 90' lang='lat' dir='ltr'>opus</span> <span class='ocrx_word' id='word_1_6' title='bbox 359 553 624 629; x_wconf 75' lang='lat' dir='ltr'>detrimentum</span> <span class='ocrx_word' id='word_1_7' title='bbox 651 558 815 650; x_wconf 89' lang='lat' dir='ltr'>caperet,</span> <span class='ocrx_word' id='word_1_8' title='bbox 843 577 922 628; x_wconf 92' lang='lat' dir='ltr'>rem</span> <span class='ocrx_word' id='word_1_9' title='bbox 948 576 1071 629; x_wconf 89' lang='lat' dir='ltr'>meam</span> <span class='ocrx_word' id='word_1_10' title='bbox 1097 555 1137 627; x_wconf 95' lang='lat' dir='ltr'>in</span> <span class='ocrx_word' id='word_1_11' title='bbox 1163 555 1259 630; x_wconf 90' lang='lat' dir='ltr'>hunc</span> <span class='ocrx_word' id='word_1_12' title='bbox 1285 578 1361 630; x_wconf 93' lang='lat' dir='ltr'>mo·</span> 
     </span>
     <span class='ocr_line' id='line_1_3' title="bbox 108 674 359 746; baseline -0.004 0"><span class='ocrx_word' id='word_1_13' title='bbox 108 674 183 746; x_wconf 91' lang='lat' dir='ltr'>dum</span> <span class='ocrx_word' id='word_1_14' title='bbox 209 674 359 746; x_wconf 89' lang='lat' dir='ltr'>absolvi.</span> 
     </span>
    </p>

    <p class='ocr_par' dir='ltr' id='par_1_3' title="bbox 100 792 1363 1484">
     <span class='ocr_line' id='line_1_4' title="bbox 197 792 1362 868; baseline 0.001 -3"><span class='ocrx_word' id='word_1_15' title='bbox 197 796 230 865; x_wconf 79' lang='lat'>2.</span> <span class='ocrx_word' id='word_1_16' title='bbox 267 793 434 865; x_wconf 86' lang='lat' dir='ltr'>Primum</span> <span class='ocrx_word' id='word_1_17' title='bbox 450 794 742 868; x_wconf 87' lang='lat' dir='ltr'>luculentissima</span> <span class='ocrx_word' id='word_1_18' title='bbox 759 792 824 867; x_wconf 93' lang='lat' dir='ltr'>illa</span> <span class='ocrx_word' id='word_1_19' title='bbox 842 792 1049 867; x_wconf 82' lang='lat' dir='ltr'>Coustantii</span> <span class='ocrx_word' id='word_1_20' title='bbox 1076 797 1115 867; x_wconf 88' lang='lat' dir='ltr'>et</span> <span class='ocrx_word' id='word_1_21' title='bbox 1132 792 1298 866; x_wconf 90' lang='lat' dir='ltr'>Durandi</span> <span class='ocrx_word' id='word_1_22' title='bbox 1323 793 1362 866; x_wconf 92' lang='lat' dir='ltr'>in</span> 
     </span>
     <span class='ocr_line' id='line_1_5' title="bbox 103 912 1360 1012; baseline 0 -28"><span class='ocrx_word' id='word_1_23' title='bbox 103 913 258 1008; x_wconf 85' lang='lat' dir='ltr'>singulas</span> <span class='ocrx_word' id='word_1_24' title='bbox 284 912 458 1007; x_wconf 76' lang='lat' dir='ltr'>epistolas</span> <span class='ocrx_word' id='word_1_25' title='bbox 485 913 661 1012; x_wconf 84' lang='lat' dir='ltr'>monita</span> <span class='ocrx_word' id='word_1_26' title='bbox 694 912 881 1009; x_wconf 89' lang='lat' dir='ltr'>praevia</span> <span class='ocrx_word' id='word_1_27' title='bbox 912 913 1184 1008; x_wconf 82' lang='lat' dir='ltr'>religiosissime</span> <span class='ocrx_word' id='word_1_28' title='bbox 1209 913 1360 986; x_wconf 91' lang='lat' dir='ltr'>reddidi.</span> 
     </span>
     <span class='ocr_line' id='line_1_6' title="bbox 104 1031 1360 1128; baseline 0 -24"><span class='ocrx_word' id='word_1_29' title='bbox 104 1031 197 1114; x_wconf 81' lang='lat' dir='ltr'>Quae</span> <span class='ocrx_word' id='word_1_30' title='bbox 222 1036 361 1115; x_wconf 86' lang='lat' dir='ltr'>tamen,</span> <span class='ocrx_word' id='word_1_31' title='bbox 390 1056 436 1105; x_wconf 89' lang='lat' dir='ltr'>ne</span> <span class='ocrx_word' id='word_1_32' title='bbox 461 1036 588 1105; x_wconf 85' lang='lat' dir='ltr'>textus</span> <span class='ocrx_word' id='word_1_33' title='bbox 616 1033 855 1128; x_wconf 89' lang='lat' dir='ltr'>epistolarum</span> <span class='ocrx_word' id='word_1_34' title='bbox 881 1032 991 1104; x_wconf 90' lang='lat' dir='ltr'>nimis</span> <span class='ocrx_word' id='word_1_35' title='bbox 1018 1032 1360 1126; x_wconf 82' lang='lat' dir='ltr'>interrumperetur,</span> 
     </span>
     <span class='ocr_line' id='line_1_7' title="bbox 101 1152 1362 1247; baseline 0.002 -25"><span class='ocrx_word' id='word_1_36' title='bbox 101 1152 235 1245; x_wconf 86' lang='lat' dir='ltr'>corpori</span> <span class='ocrx_word' id='word_1_37' title='bbox 262 1175 392 1224; x_wconf 90' lang='lat' dir='ltr'>earum</span> <span class='ocrx_word' id='word_1_38' title='bbox 417 1152 642 1246; x_wconf 87' lang='lat' dir='ltr'>conjunctim</span> <span class='ocrx_word' id='word_1_39' title='bbox 675 1152 865 1247; x_wconf 91' lang='lat' dir='ltr'>praemisi,</span> <span class='ocrx_word' id='word_1_40' title='bbox 899 1152 1008 1224; x_wconf 89' lang='lat' dir='ltr'>simul</span> <span class='ocrx_word' id='word_1_41' title='bbox 1041 1152 1072 1224; x_wconf 91' lang='lat' dir='ltr'>si</span> <span class='ocrx_word' id='word_1_42' title='bbox 1104 1175 1178 1245; x_wconf 90' lang='lat' dir='ltr'>qua</span> <span class='ocrx_word' id='word_1_43' title='bbox 1211 1173 1255 1224; x_wconf 84' lang='lat' dir='ltr'>ex</span> <span class='ocrx_word' id='word_1_44' title='bbox 1281 1172 1362 1246; x_wconf 89' lang='lat' dir='ltr'>pro·</span> 
     </span>
     <span class='ocr_line' id='line_1_8' title="bbox 100 1269 1363 1367; baseline 0.001 -26"><span class='ocrx_word' id='word_1_45' title='bbox 100 1270 184 1364; x_wconf 90' lang='lat' dir='ltr'>priis</span> <span class='ocrx_word' id='word_1_46' title='bbox 210 1269 377 1342; x_wconf 86' lang='lat' dir='ltr'>addenda</span> <span class='ocrx_word' id='word_1_47' title='bbox 403 1274 521 1359; x_wconf 87' lang='lat' dir='ltr'>erant,</span> <span class='ocrx_word' id='word_1_48' title='bbox 549 1272 743 1366; x_wconf 77' lang='lat' dir='ltr'>speciatim</span> <span class='ocrx_word' id='word_1_49' title='bbox 769 1272 918 1367; x_wconf 89' lang='lat' dir='ltr'>signata</span> <span class='ocrx_word' id='word_1_50' title='bbox 944 1270 1080 1343; x_wconf 91' lang='lat' dir='ltr'>addens</span> <span class='ocrx_word' id='word_1_51' title='bbox 1107 1273 1174 1343; x_wconf 90' lang='lat' dir='ltr'>aut</span> <span class='ocrx_word' id='word_1_52' title='bbox 1200 1271 1363 1343; x_wconf 89' lang='lat' dir='ltr'>inserens</span> 
     </span>
     <span class='ocr_line' id='line_1_9' title="bbox 100 1388 1362 1484; baseline 0 -24"><span class='ocrx_word' id='word_1_53' title='bbox 100 1392 163 1460; x_wconf 88' lang='lat' dir='ltr'>aut</span> <span class='ocrx_word' id='word_1_54' title='bbox 189 1388 382 1462; x_wconf 88' lang='lat' dir='ltr'>adnotans.</span> <span class='ocrx_word' id='word_1_55' title='bbox 435 1388 574 1464; x_wconf 88' lang='lat' dir='ltr'>Deinde</span> <span class='ocrx_word' id='word_1_56' title='bbox 600 1391 639 1461; x_wconf 93' lang='lat' dir='ltr'>in</span> <span class='ocrx_word' id='word_1_57' title='bbox 665 1390 787 1464; x_wconf 88' lang='lat' dir='ltr'>notis</span> <span class='ocrx_word' id='word_1_58' title='bbox 813 1389 992 1463; x_wconf 88' lang='lat' dir='ltr'>criticis</span> <span class='ocrx_word' id='word_1_59' title='bbox 1018 1411 1084 1484; x_wconf 89' lang='lat' dir='ltr'>pro</span> <span class='ocrx_word' id='word_1_60' title='bbox 1115 1411 1216 1463; x_wconf 90' lang='lat' dir='ltr'>more</span> <span class='ocrx_word' id='word_1_61' title='bbox 1245 1389 1362 1462; x_wconf 78' lang='lat' dir='ltr'>nostri</span> 
     </span>
    </p>
   </div>
   <div class='ocr_carea' id='block_1_3' title="bbox 97 1507 1491 1605">
    <p class='ocr_par' dir='ltr' id='par_1_4' title="bbox 97 1507 1491 1605">
     <span class='ocr_line' id='line_1_10' title="bbox 97 1507 1491 1605; baseline -0.001 -27"><span class='ocrx_word' id='word_1_62' title='bbox 97 1508 270 1602; x_wconf 86' lang='lat' dir='ltr'>temporis</span> <span class='ocrx_word' id='word_1_63' title='bbox 297 1513 336 1580; x_wconf 89' lang='lat' dir='ltr'>et</span> <span class='ocrx_word' id='word_1_64' title='bbox 361 1509 507 1582; x_wconf 84' lang='lat' dir='ltr'>lectoris</span> <span class='ocrx_word' id='word_1_65' title='bbox 533 1509 700 1582; x_wconf 86' lang='lat' dir='ltr'>utilitate</span> <span class='ocrx_word' id='word_1_66' title='bbox 726 1509 888 1605; x_wconf 90' lang='lat' dir='ltr'>singulos</span> <span class='ocrx_word' id='word_1_67' title='bbox 906 1508 1056 1597; x_wconf 72' lang='lat' dir='ltr'>codices</span> <span class='ocrx_word' id='word_1_68' title='bbox 1081 1511 1266 1602; x_wconf 90' lang='lat' dir='ltr'>quantum</span> <span class='ocrx_word' id='word_1_69' title='bbox 1283 1507 1363 1581; x_wconf 89' lang='lat' dir='ltr'>fieri</span> <span class='ocrx_word' id='word_1_70' title='bbox 1487 1567 1491 1576; x_wconf 89' lang='grc'><em>,</em></span> 
     </span>
    </p>
   </div>
   <div class='ocr_carea' id='block_1_4' title="bbox 93 1628 1366 2791">
    <p class='ocr_par' dir='ltr' id='par_1_5' title="bbox 93 1628 1366 2791">
     <span class='ocr_line' id='line_1_11' title="bbox 98 1628 1363 1722; baseline 0 -24"><span class='ocrx_word' id='word_1_71' title='bbox 98 1629 259 1720; x_wconf 86' lang='lat' dir='ltr'>poterat,</span> <span class='ocrx_word' id='word_1_72' title='bbox 295 1650 340 1699; x_wconf 80' lang='lat' dir='ltr'>ex</span> <span class='ocrx_word' id='word_1_73' title='bbox 364 1628 491 1700; x_wconf 88' lang='lat' dir='ltr'>ordine</span> <span class='ocrx_word' id='word_1_74' title='bbox 523 1630 561 1700; x_wconf 91' lang='lat' dir='ltr'>et</span> <span class='ocrx_word' id='word_1_75' title='bbox 588 1631 716 1701; x_wconf 88' lang='lat' dir='ltr'>aetate</span> <span class='ocrx_word' id='word_1_76' title='bbox 747 1629 857 1701; x_wconf 84' lang='lat' dir='ltr'>certis</span> <span class='ocrx_word' id='word_1_77' title='bbox 889 1628 1025 1700; x_wconf 86' lang='lat' dir='ltr'>lit-teris</span> <span class='ocrx_word' id='word_1_78' title='bbox 1057 1628 1218 1722; x_wconf 82' lang='lat' dir='ltr'>signavi,</span> <span class='ocrx_word' id='word_1_79' title='bbox 1253 1629 1363 1722; x_wconf 88' lang='lat' dir='ltr'>prout</span> 
     </span>
     <span class='ocr_line' id='line_1_12' title="bbox 98 1745 1363 1842; baseline 0.002 -27"><span class='ocrx_word' id='word_1_80' title='bbox 98 1747 257 1818; x_wconf 81' lang='lat' dir='ltr'>recensio</span> <span class='ocrx_word' id='word_1_81' title='bbox 283 1746 445 1840; x_wconf 89' lang='lat' dir='ltr'>ipsorum</span> <span class='ocrx_word' id='word_1_82' title='bbox 471 1769 556 1819; x_wconf 84' lang='lat' dir='ltr'>mox</span> <span class='ocrx_word' id='word_1_83' title='bbox 582 1770 737 1840; x_wconf 88' lang='lat' dir='ltr'>sequens</span> <span class='ocrx_word' id='word_1_84' title='bbox 763 1747 905 1842; x_wconf 91' lang='lat' dir='ltr'>plenius</span> <span class='ocrx_word' id='word_1_85' title='bbox 932 1747 1114 1818; x_wconf 87' lang='lat' dir='ltr'>rationem</span> <span class='ocrx_word' id='word_1_86' title='bbox 1141 1747 1278 1820; x_wconf 89' lang='lat' dir='ltr'>reddet.</span> <span class='ocrx_word' id='word_1_87' title='bbox 1319 1745 1363 1818; x_wconf 86' lang='lat' dir='ltr'>ln</span> 
     </span>
     <span class='ocr_line' id='line_1_13' title="bbox 96 1864 1363 1960; baseline 0.003 -26"><span class='ocrx_word' id='word_1_88' title='bbox 96 1864 227 1957; x_wconf 89' lang='lat' dir='ltr'>quibus</span> <span class='ocrx_word' id='word_1_89' title='bbox 253 1864 363 1936; x_wconf 89' lang='lat' dir='ltr'>simul</span> <span class='ocrx_word' id='word_1_90' title='bbox 388 1889 483 1958; x_wconf 85' lang='lat' dir='ltr'>quae</span> <span class='ocrx_word' id='word_1_91' title='bbox 509 1865 619 1937; x_wconf 91' lang='lat' dir='ltr'>nimis</span> <span class='ocrx_word' id='word_1_92' title='bbox 645 1867 787 1960; x_wconf 81' lang='lat' dir='ltr'>prolixa</span> <span class='ocrx_word' id='word_1_93' title='bbox 812 1866 1043 1952; x_wconf 89' lang='lat' dir='ltr'>videbantur,</span> <span class='ocrx_word' id='word_1_94' title='bbox 1070 1865 1162 1937; x_wconf 85' lang='lat' dir='ltr'>nihil</span> <span class='ocrx_word' id='word_1_95' title='bbox 1189 1866 1363 1949; x_wconf 86' lang='lat' dir='ltr'>dubitans</span> 
     </span>
     <span class='ocr_line' id='line_1_14' title="bbox 96 1972 1361 2076; baseline -0.001 -20"><span class='ocrx_word' id='word_1_96' title='bbox 96 1983 273 2072; x_wconf 77' lang='lat' dir='ltr'>resecavi,</span> <span class='ocrx_word' id='word_1_97' title='bbox 321 2006 416 2076; x_wconf 89' lang='lat' dir='ltr'>quae</span> <span class='ocrx_word' id='word_1_98' title='bbox 448 1972 653 2058; x_wconf 80' lang='lat' dir='ltr'>necessario</span> <span class='ocrx_word' id='word_1_99' title='bbox 686 1984 853 2058; x_wconf 88' lang='lat' dir='ltr'>addenda</span> <span class='ocrx_word' id='word_1_100' title='bbox 885 1987 951 2056; x_wconf 87' lang='lat' dir='ltr'>aut</span> <span class='ocrx_word' id='word_1_101' title='bbox 983 1985 1181 2073; x_wconf 88' lang='lat' dir='ltr'>mutanda,</span> <span class='ocrx_word' id='word_1_102' title='bbox 1228 1984 1361 2074; x_wconf 84' lang='lat' dir='ltr'>addidi,</span> 
     </span>
     <span class='ocr_line' id='line_1_15' title="bbox 94 2102 1364 2199; baseline 0 -24"><span class='ocrx_word' id='word_1_103' title='bbox 94 2103 252 2190; x_wconf 87' lang='lat' dir='ltr'>mutavi,</span> <span class='ocrx_word' id='word_1_104' title='bbox 267 2102 375 2175; x_wconf 89' lang='lat' dir='ltr'>simul</span> <span class='ocrx_word' id='word_1_105' title='bbox 394 2126 503 2175; x_wconf 91' lang='lat' dir='ltr'>snum</span> <span class='ocrx_word' id='word_1_106' title='bbox 517 2104 657 2198; x_wconf 90' lang='lat' dir='ltr'>cuique,</span> <span class='ocrx_word' id='word_1_107' title='bbox 676 2107 859 2199; x_wconf 88' lang='lat' dir='ltr'>quantum</span> <span class='ocrx_word' id='word_1_108' title='bbox 873 2103 951 2176; x_wconf 90' lang='lat' dir='ltr'>fieri</span> <span class='ocrx_word' id='word_1_109' title='bbox 966 2106 1123 2197; x_wconf 88' lang='lat' dir='ltr'>poterat,</span> <span class='ocrx_word' id='word_1_110' title='bbox 1138 2104 1200 2197; x_wconf 88' lang='lat' dir='ltr'>jus</span> <span class='ocrx_word' id='word_1_111' title='bbox 1219 2105 1364 2176; x_wconf 90' lang='lat' dir='ltr'>testans</span> 
     </span>
     <span class='ocr_line' id='line_1_16' title="bbox 93 2222 1365 2318; baseline 0.001 -25"><span class='ocrx_word' id='word_1_112' title='bbox 93 2224 198 2313; x_wconf 81' lang='lat' dir='ltr'>(nam</span> <span class='ocrx_word' id='word_1_113' title='bbox 232 2223 270 2292; x_wconf 93' lang='lat' dir='ltr'>in</span> <span class='ocrx_word' id='word_1_114' title='bbox 302 2222 467 2316; x_wconf 89' lang='lat' dir='ltr'>pluribus</span> <span class='ocrx_word' id='word_1_115' title='bbox 495 2223 577 2315; x_wconf 86' lang='lat' dir='ltr'>jam</span> <span class='ocrx_word' id='word_1_116' title='bbox 609 2224 690 2318; x_wconf 90' lang='lat' dir='ltr'>ipsa</span> <span class='ocrx_word' id='word_1_117' title='bbox 727 2223 888 2295; x_wconf 91' lang='lat' dir='ltr'>recensio</span> <span class='ocrx_word' id='word_1_118' title='bbox 927 2222 1093 2295; x_wconf 90' lang='lat' dir='ltr'>codicum</span> <span class='ocrx_word' id='word_1_119' title='bbox 1126 2223 1270 2316; x_wconf 93' lang='lat' dir='ltr'>prodet,</span> <span class='ocrx_word' id='word_1_120' title='bbox 1303 2222 1365 2315; x_wconf 13' lang='lat' dir='ltr'>*ad</span> 
     </span>
     <span class='ocr_line' id='line_1_17' title="bbox 93 2340 1363 2437; baseline -0.001 -23"><span class='ocrx_word' id='word_1_121' title='bbox 93 2341 199 2434; x_wconf 88' lang='lat' dir='ltr'>cujus</span> <span class='ocrx_word' id='word_1_122' title='bbox 226 2340 460 2434; x_wconf 89' lang='lat' dir='ltr'>potissimum</span> <span class='ocrx_word' id='word_1_123' title='bbox 487 2342 751 2415; x_wconf 89' lang='lat' dir='ltr'>auctoritatem</span> <span class='ocrx_word' id='word_1_124' title='bbox 769 2343 935 2437; x_wconf 84' lang='lat' dir='ltr'>singulae</span> <span class='ocrx_word' id='word_1_125' title='bbox 953 2341 1165 2414; x_wconf 73' lang='lat' dir='ltr'>collationes</span> <span class='ocrx_word' id='word_1_126' title='bbox 1183 2345 1222 2414; x_wconf 89' lang='lat' dir='ltr'>ct</span> <span class='ocrx_word' id='word_1_127' title='bbox 1239 2341 1363 2414; x_wconf 91' lang='lat' dir='ltr'>lectio·</span> 
     </span>
     <span class='ocr_line' id='line_1_18' title="bbox 94 2459 1364 2554; baseline 0.002 -23"><span class='ocrx_word' id='word_1_128' title='bbox 94 2484 158 2532; x_wconf 88' lang='lat' dir='ltr'>nes</span> <span class='ocrx_word' id='word_1_129' title='bbox 186 2459 272 2532; x_wconf 90' lang='lat' dir='ltr'>inde</span> <span class='ocrx_word' id='word_1_130' title='bbox 298 2460 552 2553; x_wconf 89' lang='lat' dir='ltr'>provenientes</span> <span class='ocrx_word' id='word_1_131' title='bbox 579 2461 791 2534; x_wconf 88' lang='lat' dir='ltr'>referendae</span> <span class='ocrx_word' id='word_1_132' title='bbox 818 2461 917 2551; x_wconf 83' lang='lat' dir='ltr'>sint).</span> <span class='ocrx_word' id='word_1_133' title='bbox 967 2459 1009 2531; x_wconf 92' lang='lat' dir='ltr'>ln</span> <span class='ocrx_word' id='word_1_134' title='bbox 1035 2464 1168 2533; x_wconf 86' lang='lat' dir='ltr'>textu</span> <span class='ocrx_word' id='word_1_135' title='bbox 1194 2460 1364 2554; x_wconf 86' lang='lat' dir='ltr'>epistola·</span> 
     </span>
     <span class='ocr_line' id='line_1_19' title="bbox 96 2578 1366 2675; baseline 0.002 -25"><span class='ocrx_word' id='word_1_136' title='bbox 96 2603 179 2650; x_wconf 90' lang='lat' dir='ltr'>rum</span> <span class='ocrx_word' id='word_1_137' title='bbox 203 2579 284 2672; x_wconf 88' lang='lat' dir='ltr'>ipso</span> <span class='ocrx_word' id='word_1_138' title='bbox 301 2580 518 2674; x_wconf 88' lang='lat' dir='ltr'>generatim,</span> <span class='ocrx_word' id='word_1_139' title='bbox 546 2582 730 2673; x_wconf 91' lang='lat' dir='ltr'>quantum</span> <span class='ocrx_word' id='word_1_140' title='bbox 746 2602 1001 2675; x_wconf 80' lang='lat' dir='ltr'>recognoscere</span> <span class='ocrx_word' id='word_1_141' title='bbox 1025 2580 1140 2674; x_wconf 91' lang='lat' dir='ltr'>potui,</span> <span class='ocrx_word' id='word_1_142' title='bbox 1158 2578 1366 2652; x_wconf 81' lang='lat' dir='ltr'>Constantii</span> 
     </span>
     <span class='ocr_line' id='line_1_20' title="bbox 96 2699 1366 2791; baseline 0.002 -22"><span class='ocrx_word' id='word_1_143' title='bbox 96 2699 345 2771; x_wconf 87' lang='lat' dir='ltr'>recensionem</span> <span class='ocrx_word' id='word_1_144' title='bbox 372 2702 520 2772; x_wconf 88' lang='lat' dir='ltr'>secutus</span> <span class='ocrx_word' id='word_1_145' title='bbox 546 2722 644 2788; x_wconf 91' lang='lat' dir='ltr'>sum,</span> <span class='ocrx_word' id='word_1_146' title='bbox 673 2699 743 2771; x_wconf 92' lang='lat' dir='ltr'>nisi</span> <span class='ocrx_word' id='word_1_147' title='bbox 770 2699 855 2771; x_wconf 89' lang='lat' dir='ltr'>novi</span> <span class='ocrx_word' id='word_1_148' title='bbox 882 2699 1021 2772; x_wconf 90' lang='lat' dir='ltr'>codices</span> <span class='ocrx_word' id='word_1_149' title='bbox 1048 2702 1115 2771; x_wconf 90' lang='lat' dir='ltr'>aut</span> <span class='ocrx_word' id='word_1_150' title='bbox 1137 2699 1242 2791; x_wconf 88' lang='lat' dir='ltr'>justa</span> <span class='ocrx_word' id='word_1_151' title='bbox 1268 2699 1366 2771; x_wconf 92' lang='lat' dir='ltr'>ratio</span> 
     </span>
    </p>
   </div>
   <div class='ocr_carea' id='block_1_5' title="bbox 97 2816 1512 2911">
    <p class='ocr_par' dir='ltr' id='par_1_6' title="bbox 97 2816 1512 2911">
     <span class='ocr_line' id='line_1_21' title="bbox 97 2816 1512 2911; baseline 0.001 -22"><span class='ocrx_word' id='word_1_152' title='bbox 97 2817 321 2889; x_wconf 90' lang='lat' dir='ltr'>mutandum</span> <span class='ocrx_word' id='word_1_153' title='bbox 346 2817 434 2909; x_wconf 92' lang='lat' dir='ltr'>quid</span> <span class='ocrx_word' id='word_1_154' title='bbox 460 2821 660 2911; x_wconf 87' lang='lat' dir='ltr'>poscerent,</span> <span class='ocrx_word' id='word_1_155' title='bbox 688 2818 753 2889; x_wconf 87' lang='lat' dir='ltr'>ubi</span> <span class='ocrx_word' id='word_1_156' title='bbox 770 2820 898 2890; x_wconf 91' lang='lat' dir='ltr'>tamen</span> <span class='ocrx_word' id='word_1_157' title='bbox 915 2817 959 2889; x_wconf 92' lang='lat' dir='ltr'>de</span> <span class='ocrx_word' id='word_1_158' title='bbox 972 2816 1179 2889; x_wconf 83' lang='lat' dir='ltr'>Constantii</span> <span class='ocrx_word' id='word_1_159' title='bbox 1196 2817 1364 2906; x_wconf 90' lang='lat' dir='ltr'>lectione,</span> <span class='ocrx_word' id='word_1_160' title='bbox 1507 2860 1512 2867; x_wconf 91' lang='lat'>·</span> 
     </span>
    </p>
   </div>
   <div class='ocr_carea' id='block_1_6' title="bbox 97 2934 1371 5052">
    <p class='ocr_par' dir='ltr' id='par_1_7' title="bbox 97 2934 1368 3744">
     <span class='ocr_line' id='line_1_22' title="bbox 98 2934 1366 3030; baseline 0.002 -24"><span class='ocrx_word' id='word_1_161' title='bbox 98 2937 128 3007; x_wconf 90' lang='lat' dir='ltr'>si</span> <span class='ocrx_word' id='word_1_162' title='bbox 154 2935 235 3008; x_wconf 88' lang='lat' dir='ltr'>lieri</span> <span class='ocrx_word' id='word_1_163' title='bbox 253 2938 410 3029; x_wconf 91' lang='lat' dir='ltr'>poterat,</span> <span class='ocrx_word' id='word_1_164' title='bbox 439 2959 586 3009; x_wconf 90' lang='lat' dir='ltr'>monere</span> <span class='ocrx_word' id='word_1_165' title='bbox 603 2959 795 3030; x_wconf 90' lang='lat' dir='ltr'>nunquam</span> <span class='ocrx_word' id='word_1_166' title='bbox 812 2936 930 3008; x_wconf 90' lang='lat' dir='ltr'>omisi.</span> <span class='ocrx_word' id='word_1_167' title='bbox 975 2934 1184 3009; x_wconf 88' lang='lat' dir='ltr'>Notitias</span> <span class='ocrx_word' id='word_1_168' title='bbox 1211 2936 1366 3029; x_wconf 89' lang='lat' dir='ltr'>deniqne</span> 
     </span>
     <span class='ocr_line' id='line_1_23' title="bbox 99 3054 1366 3149; baseline 0.001 -23"><span class='ocrx_word' id='word_1_169' title='bbox 99 3054 396 3149; x_wconf 87' lang='lat' dir='ltr'>epistolarum</span> <span class='ocrx_word' id='word_1_170' title='bbox 428 3055 780 3149; x_wconf 89' lang='lat' dir='ltr'>pontificiarum</span> <span class='ocrx_word' id='word_1_171' title='bbox 812 3077 898 3126; x_wconf 93' lang='lat' dir='ltr'>non</span> <span class='ocrx_word' id='word_1_172' title='bbox 929 3056 1232 3143; x_wconf 83' lang='lat' dir='ltr'>exstantium,</span> <span class='ocrx_word' id='word_1_173' title='bbox 1271 3079 1366 3147; x_wconf 87' lang='lat' dir='ltr'>quae</span> 
     </span>
     <span class='ocr_line' id='line_1_24' title="bbox 99 3173 1365 3268; baseline -0.001 -23"><span class='ocrx_word' id='word_1_174' title='bbox 99 3198 187 3245; x_wconf 80' lang='lat' dir='ltr'>sane</span> <span class='ocrx_word' id='word_1_175' title='bbox 210 3174 346 3245; x_wconf 90' lang='lat' dir='ltr'>summi</span> <span class='ocrx_word' id='word_1_176' title='bbox 365 3174 628 3263; x_wconf 81' lang='lat' dir='ltr'>aestimandae,</span> <span class='ocrx_word' id='word_1_177' title='bbox 658 3174 713 3245; x_wconf 86' lang='lat' dir='ltr'>ita</span> <span class='ocrx_word' id='word_1_178' title='bbox 740 3198 784 3246; x_wconf 83' lang='lat' dir='ltr'>ex</span> <span class='ocrx_word' id='word_1_179' title='bbox 802 3173 1008 3245; x_wconf 81' lang='lat' dir='ltr'>Constantii</span> <span class='ocrx_word' id='word_1_180' title='bbox 1035 3174 1174 3246; x_wconf 90' lang='lat' dir='ltr'>schedis</span> <span class='ocrx_word' id='word_1_181' title='bbox 1201 3173 1365 3268; x_wconf 80' lang='lat' dir='ltr'>produxi,</span> 
     </span>
     <span class='ocr_line' id='line_1_25' title="bbox 97 3293 1367 3387; baseline 0.001 -24"><span class='ocrx_word' id='word_1_182' title='bbox 97 3297 139 3364; x_wconf 89' lang='lat' dir='ltr'>ut</span> <span class='ocrx_word' id='word_1_183' title='bbox 158 3296 288 3365; x_wconf 91' lang='lat' dir='ltr'>tamen</span> <span class='ocrx_word' id='word_1_184' title='bbox 312 3314 377 3386; x_wconf 91' lang='lat' dir='ltr'>pro</span> <span class='ocrx_word' id='word_1_185' title='bbox 392 3293 612 3366; x_wconf 89' lang='lat' dir='ltr'>lustratione</span> <span class='ocrx_word' id='word_1_186' title='bbox 639 3293 801 3365; x_wconf 91' lang='lat' dir='ltr'>faciliore</span> <span class='ocrx_word' id='word_1_187' title='bbox 827 3293 993 3387; x_wconf 88' lang='lat' dir='ltr'>proprias</span> <span class='ocrx_word' id='word_1_188' title='bbox 1019 3293 1273 3386; x_wconf 83' lang='lat' dir='ltr'>inscriptiones</span> <span class='ocrx_word' id='word_1_189' title='bbox 1300 3295 1367 3366; x_wconf 89' lang='lat' dir='ltr'>aut</span> 
     </span>
     <span class='ocr_line' id='line_1_26' title="bbox 99 3412 1367 3506; baseline 0 -22"><span class='ocrx_word' id='word_1_190' title='bbox 99 3435 263 3484; x_wconf 87' lang='lat' dir='ltr'>summas</span> <span class='ocrx_word' id='word_1_191' title='bbox 291 3412 526 3505; x_wconf 88' lang='lat' dir='ltr'>imponerem,</span> <span class='ocrx_word' id='word_1_192' title='bbox 555 3415 594 3484; x_wconf 91' lang='lat' dir='ltr'>et</span> <span class='ocrx_word' id='word_1_193' title='bbox 619 3435 714 3504; x_wconf 89' lang='lat' dir='ltr'>quae</span> <span class='ocrx_word' id='word_1_194' title='bbox 741 3435 785 3483; x_wconf 82' lang='lat' dir='ltr'>ex</span> <span class='ocrx_word' id='word_1_195' title='bbox 803 3412 985 3505; x_wconf 87' lang='lat' dir='ltr'>opusculis</span> <span class='ocrx_word' id='word_1_196' title='bbox 1004 3412 1187 3484; x_wconf 88' lang='lat' dir='ltr'>recentius</span> <span class='ocrx_word' id='word_1_197' title='bbox 1211 3412 1367 3506; x_wconf 89' lang='lat' dir='ltr'>repertis</span> 
     </span>
     <span class='ocr_line' id='line_1_27' title="bbox 99 3530 1368 3626; baseline 0 -23"><span class='ocrx_word' id='word_1_198' title='bbox 99 3531 267 3603; x_wconf 82' lang='lat' dir='ltr'>addenda</span> <span class='ocrx_word' id='word_1_199' title='bbox 294 3533 400 3602; x_wconf 88' lang='lat' dir='ltr'>erant</span> <span class='ocrx_word' id='word_1_200' title='bbox 427 3530 615 3619; x_wconf 87' lang='lat' dir='ltr'>adderem,</span> <span class='ocrx_word' id='word_1_201' title='bbox 650 3533 689 3602; x_wconf 92' lang='lat' dir='ltr'>et</span> <span class='ocrx_word' id='word_1_202' title='bbox 720 3554 815 3622; x_wconf 90' lang='lat' dir='ltr'>quae</span> <span class='ocrx_word' id='word_1_203' title='bbox 847 3531 1059 3603; x_wconf 83' lang='lat' dir='ltr'>exciderant</span> <span class='ocrx_word' id='word_1_204' title='bbox 1094 3532 1170 3626; x_wconf 90' lang='lat' dir='ltr'>ipse</span> <span class='ocrx_word' id='word_1_205' title='bbox 1197 3532 1368 3625; x_wconf 90' lang='lat' dir='ltr'>supplens</span> 
     </span>
     <span class='ocr_line' id='line_1_28' title="bbox 99 3671 369 3744; baseline -0.007 -21"><span class='ocrx_word' id='word_1_206' title='bbox 99 3671 369 3744; x_wconf 84' lang='lat' dir='ltr'>componerem.</span> 
     </span>
    </p>

    <p class='ocr_par' dir='ltr' id='par_1_8' title="bbox 99 3767 1371 5052">
     <span class='ocr_line' id='line_1_29' title="bbox 203 3767 1368 3865; baseline 0.002 -26"><span class='ocrx_word' id='word_1_207' title='bbox 203 3773 237 3839; x_wconf 83' lang='lat'>3.</span> <span class='ocrx_word' id='word_1_208' title='bbox 280 3767 331 3839; x_wconf 91' lang='lat' dir='ltr'>Ut</span> <span class='ocrx_word' id='word_1_209' title='bbox 358 3769 439 3861; x_wconf 90' lang='lat' dir='ltr'>jam</span> <span class='ocrx_word' id='word_1_210' title='bbox 465 3769 597 3862; x_wconf 90' lang='lat' dir='ltr'>quibus</span> <span class='ocrx_word' id='word_1_211' title='bbox 630 3770 761 3864; x_wconf 87' lang='lat' dir='ltr'>siglis</span> <span class='ocrx_word' id='word_1_212' title='bbox 795 3791 860 3862; x_wconf 92' lang='lat' dir='ltr'>pro</span> <span class='ocrx_word' id='word_1_213' title='bbox 887 3769 1113 3842; x_wconf 88' lang='lat' dir='ltr'>vindicandis</span> <span class='ocrx_word' id='word_1_214' title='bbox 1140 3771 1368 3865; x_wconf 90' lang='lat' dir='ltr'>singulorum</span> 
     </span>
     <span class='ocr_line' id='line_1_30' title="bbox 99 3887 1368 3981; baseline 0.002 -23"><span class='ocrx_word' id='word_1_215' title='bbox 99 3892 296 3960; x_wconf 88' lang='lat' dir='ltr'>auctorum</span> <span class='ocrx_word' id='word_1_216' title='bbox 317 3887 463 3979; x_wconf 88' lang='lat' dir='ltr'>juribus</span> <span class='ocrx_word' id='word_1_217' title='bbox 490 3910 577 3961; x_wconf 91' lang='lat' dir='ltr'>usus</span> <span class='ocrx_word' id='word_1_218' title='bbox 604 3889 675 3961; x_wconf 87' lang='lat' dir='ltr'>sim</span> <span class='ocrx_word' id='word_1_219' title='bbox 701 3890 892 3981; x_wconf 88' lang='lat' dir='ltr'>appareat,</span> <span class='ocrx_word' id='word_1_220' title='bbox 920 3887 976 3959; x_wconf 88' lang='lat' dir='ltr'>ita</span> <span class='ocrx_word' id='word_1_221' title='bbox 993 3888 1151 3960; x_wconf 88' lang='lat' dir='ltr'>institui.</span> <span class='ocrx_word' id='word_1_222' title='bbox 1186 3888 1257 3960; x_wconf 91' lang='lat' dir='ltr'>Ubi</span> <span class='ocrx_word' id='word_1_223' title='bbox 1274 3890 1368 3962; x_wconf 89' lang='lat' dir='ltr'>inte·</span> 
     </span>
     <span class='ocr_line' id='line_1_31' title="bbox 99 4006 1368 4102; baseline 0.001 -26"><span class='ocrx_word' id='word_1_224' title='bbox 99 4030 209 4102; x_wconf 81' lang='lat' dir='ltr'>grum</span> <span class='ocrx_word' id='word_1_225' title='bbox 228 4009 295 4077; x_wconf 92' lang='lat' dir='ltr'>aut</span> <span class='ocrx_word' id='word_1_226' title='bbox 312 4006 388 4078; x_wconf 91' lang='lat' dir='ltr'>fere</span> <span class='ocrx_word' id='word_1_227' title='bbox 402 4006 589 4101; x_wconf 85' lang='lat' dir='ltr'>integrum</span> <span class='ocrx_word' id='word_1_228' title='bbox 597 4007 802 4078; x_wconf 78' lang='lat' dir='ltr'>Constantii</span> <span class='ocrx_word' id='word_1_229' title='bbox 818 4028 907 4100; x_wconf 89' lang='lat' dir='ltr'>opus</span> <span class='ocrx_word' id='word_1_230' title='bbox 920 4006 1059 4078; x_wconf 90' lang='lat' dir='ltr'>reddidi</span> <span class='ocrx_word' id='word_1_231' title='bbox 1074 4007 1150 4080; x_wconf 90' lang='lat' dir='ltr'>sive</span> <span class='ocrx_word' id='word_1_232' title='bbox 1165 4008 1203 4078; x_wconf 91' lang='lat' dir='ltr'>in</span> <span class='ocrx_word' id='word_1_233' title='bbox 1217 4007 1368 4079; x_wconf 89' lang='lat' dir='ltr'>monitis</span> 
     </span>
     <span class='ocr_line' id='line_1_32' title="bbox 100 4124 1370 4221; baseline 0.002 -24"><span class='ocrx_word' id='word_1_234' title='bbox 100 4124 261 4219; x_wconf 86' lang='lat' dir='ltr'>praeviis</span> <span class='ocrx_word' id='word_1_235' title='bbox 280 4124 356 4197; x_wconf 90' lang='lat' dir='ltr'>sive</span> <span class='ocrx_word' id='word_1_236' title='bbox 374 4125 413 4195; x_wconf 91' lang='lat' dir='ltr'>in</span> <span class='ocrx_word' id='word_1_237' title='bbox 430 4126 527 4198; x_wconf 88' lang='lat' dir='ltr'>notis</span> <span class='ocrx_word' id='word_1_238' title='bbox 546 4127 692 4215; x_wconf 73' lang='lat' dir='ltr'>criticis</span> <span class='ocrx_word' id='word_1_239' title='bbox 717 4125 842 4198; x_wconf 90' lang='lat' dir='ltr'>addito</span> <span class='ocrx_word' id='word_1_240' title='bbox 861 4124 907 4197; x_wconf 94' lang='lat' dir='ltr'>ad</span> <span class='ocrx_word' id='word_1_241' title='bbox 925 4124 1131 4220; x_wconf 89' lang='lat' dir='ltr'>marginem</span> <span class='ocrx_word' id='word_1_242' title='bbox 1148 4126 1247 4197; x_wconf 89' lang='lat' dir='ltr'>initii</span> <span class='ocrx_word' id='word_1_243' title='bbox 1265 4127 1370 4221; x_wconf 92' lang='lat' dir='ltr'>signo</span> 
     </span>
     <span class='ocr_line' id='line_1_33' title="bbox 102 4237 1370 4337; baseline 0.003 -23"><span class='ocrx_word' id='word_1_244' title='bbox 102 4237 176 4335; x_wconf 67' lang='grc' dir='ltr'>[η’]</span> <span class='ocrx_word' id='word_1_245' title='bbox 196 4244 335 4315; x_wconf 86' lang='lat' dir='ltr'>notavi.</span> <span class='ocrx_word' id='word_1_246' title='bbox 379 4241 557 4317; x_wconf 87' lang='lat' dir='ltr'>Similiter</span> <span class='ocrx_word' id='word_1_247' title='bbox 573 4246 605 4316; x_wconf 89' lang='lat' dir='ltr'>si</span> <span class='ocrx_word' id='word_1_248' title='bbox 622 4247 716 4317; x_wconf 84' lang='lat' dir='ltr'>forte</span> <span class='ocrx_word' id='word_1_249' title='bbox 744 4268 787 4317; x_wconf 88' lang='lat' dir='ltr'>ex</span> <span class='ocrx_word' id='word_1_250' title='bbox 813 4245 968 4337; x_wconf 90' lang='lat' dir='ltr'>propriis</span> <span class='ocrx_word' id='word_1_251' title='bbox 995 4248 1063 4316; x_wconf 91' lang='lat' dir='ltr'>aut</span> <span class='ocrx_word' id='word_1_252' title='bbox 1090 4245 1182 4317; x_wconf 89' lang='lat' dir='ltr'>alius</span> <span class='ocrx_word' id='word_1_253' title='bbox 1210 4246 1370 4318; x_wconf 86' lang='lat' dir='ltr'>auctoris</span> 
     </span>
     <span class='ocr_line' id='line_1_34' title="bbox 101 4359 1371 4458; baseline 0.001 -23"><span class='ocrx_word' id='word_1_254' title='bbox 101 4364 198 4435; x_wconf 88' lang='lat' dir='ltr'>curis</span> <span class='ocrx_word' id='word_1_255' title='bbox 217 4363 325 4456; x_wconf 91' lang='lat' dir='ltr'>plura</span> <span class='ocrx_word' id='word_1_256' title='bbox 348 4362 525 4452; x_wconf 86' lang='lat' dir='ltr'>addenda,</span> <span class='ocrx_word' id='word_1_257' title='bbox 553 4362 655 4434; x_wconf 81' lang='lat' dir='ltr'>affixi</span> <span class='ocrx_word' id='word_1_258' title='bbox 681 4364 729 4435; x_wconf 91' lang='lat' dir='ltr'>ad</span> <span class='ocrx_word' id='word_1_259' title='bbox 754 4364 959 4458; x_wconf 88' lang='lat' dir='ltr'>marginem</span> <span class='ocrx_word' id='word_1_260' title='bbox 984 4363 1131 4435; x_wconf 87' lang='lat' dir='ltr'>litteras</span> <span class='ocrx_word' id='word_1_261' title='bbox 1157 4359 1274 4456; x_wconf 85' lang='lat' dir='ltr'>[Ed.],</span> <span class='ocrx_word' id='word_1_262' title='bbox 1303 4368 1371 4437; x_wconf 87' lang='lat' dir='ltr'>aut</span> 
     </span>
     <span class='ocr_line' id='line_1_35' title="bbox 102 4480 1369 4576; baseline 0.004 -24"><span class='ocrx_word' id='word_1_263' title='bbox 102 4504 235 4553; x_wconf 90' lang='lat' dir='ltr'>nomen</span> <span class='ocrx_word' id='word_1_264' title='bbox 254 4481 416 4553; x_wconf 86' lang='lat' dir='ltr'>auctoris</span> <span class='ocrx_word' id='word_1_265' title='bbox 436 4482 557 4575; x_wconf 92' lang='lat' dir='ltr'>ipsum</span> <span class='ocrx_word' id='word_1_266' title='bbox 576 4482 762 4576; x_wconf 91' lang='lat' dir='ltr'>adscripsi.</span> <span class='ocrx_word' id='word_1_267' title='bbox 791 4480 829 4552; x_wconf 87' lang='lat' dir='ltr'>Si</span> <span class='ocrx_word' id='word_1_268' title='bbox 848 4485 972 4554; x_wconf 91' lang='lat' dir='ltr'>toturn</span> <span class='ocrx_word' id='word_1_269' title='bbox 992 4483 1214 4555; x_wconf 89' lang='lat' dir='ltr'>mutandum</span> <span class='ocrx_word' id='word_1_270' title='bbox 1232 4483 1369 4557; x_wconf 88' lang='lat' dir='ltr'>videre-</span> 
     </span>
     <span class='ocr_line' id='line_1_36' title="bbox 101 4599 1370 4693; baseline 0.002 -22"><span class='ocrx_word' id='word_1_271' title='bbox 101 4605 174 4689; x_wconf 89' lang='lat' dir='ltr'>tur,</span> <span class='ocrx_word' id='word_1_272' title='bbox 204 4600 261 4671; x_wconf 90' lang='lat' dir='ltr'>ita</span> <span class='ocrx_word' id='word_1_273' title='bbox 287 4603 332 4670; x_wconf 89' lang='lat' dir='ltr'>ut</span> <span class='ocrx_word' id='word_1_274' title='bbox 357 4599 548 4693; x_wconf 87' lang='lat' dir='ltr'>utriusque</span> <span class='ocrx_word' id='word_1_275' title='bbox 574 4604 742 4673; x_wconf 91' lang='lat' dir='ltr'>nostrum</span> <span class='ocrx_word' id='word_1_276' title='bbox 769 4624 878 4673; x_wconf 91' lang='lat' dir='ltr'>curae</span> <span class='ocrx_word' id='word_1_277' title='bbox 899 4601 978 4693; x_wconf 88' lang='lat' dir='ltr'>jam</span> <span class='ocrx_word' id='word_1_278' title='bbox 1007 4602 1167 4673; x_wconf 87' lang='lat' dir='ltr'>strictim</span> <span class='ocrx_word' id='word_1_279' title='bbox 1199 4606 1267 4673; x_wconf 91' lang='lat' dir='ltr'>aut</span> <span class='ocrx_word' id='word_1_280' title='bbox 1293 4602 1370 4675; x_wconf 91' lang='lat' dir='ltr'>sine</span> 
     </span>
     <span class='ocr_line' id='line_1_37' title="bbox 101 4718 1371 4815; baseline 0.002 -26"><span class='ocrx_word' id='word_1_281' title='bbox 101 4719 249 4791; x_wconf 82' lang='lat' dir='ltr'>lectoris</span> <span class='ocrx_word' id='word_1_282' title='bbox 274 4718 502 4790; x_wconf 89' lang='lat' dir='ltr'>incommodo</span> <span class='ocrx_word' id='word_1_283' title='bbox 525 4719 680 4792; x_wconf 90' lang='lat' dir='ltr'>discerni</span> <span class='ocrx_word' id='word_1_284' title='bbox 706 4742 779 4791; x_wconf 89' lang='lat' dir='ltr'>non</span> <span class='ocrx_word' id='word_1_285' title='bbox 804 4722 968 4814; x_wconf 89' lang='lat' dir='ltr'>possent,</span> <span class='ocrx_word' id='word_1_286' title='bbox 998 4723 1066 4791; x_wconf 86' lang='lat' dir='ltr'>aut</span> <span class='ocrx_word' id='word_1_287' title='bbox 1091 4743 1199 4793; x_wconf 89' lang='lat' dir='ltr'>omne</span> <span class='ocrx_word' id='word_1_288' title='bbox 1225 4722 1371 4815; x_wconf 89' lang='lat' dir='ltr'>signum</span> 
     </span>
     <span class='ocr_line' id='line_1_38' title="bbox 101 4831 1371 4933; baseline 0.002 -25"><span class='ocrx_word' id='word_1_289' title='bbox 101 4837 209 4908; x_wconf 90' lang='lat' dir='ltr'>omisi</span> <span class='ocrx_word' id='word_1_290' title='bbox 237 4839 306 4908; x_wconf 90' lang='lat' dir='ltr'>aut</span> <span class='ocrx_word' id='word_1_291' title='bbox 340 4839 491 4930; x_wconf 87' lang='lat' dir='ltr'>apposni</span> <span class='ocrx_word' id='word_1_292' title='bbox 524 4838 669 4910; x_wconf 87' lang='lat' dir='ltr'>litteras</span> <span class='ocrx_word' id='word_1_293' title='bbox 698 4831 762 4929; x_wconf 51' lang='lat' dir='ltr'>[ut</span> <span class='ocrx_word' id='word_1_294' title='bbox 781 4832 874 4928; x_wconf 60' lang='grc' dir='ltr'>ΕΜ.</span> <span class='ocrx_word' id='word_1_295' title='bbox 925 4837 1064 4927; x_wconf 88' lang='lat' dir='ltr'>Pauca,</span> <span class='ocrx_word' id='word_1_296' title='bbox 1100 4863 1194 4933; x_wconf 88' lang='lat' dir='ltr'>quae</span> <span class='ocrx_word' id='word_1_297' title='bbox 1220 4862 1294 4911; x_wconf 93' lang='lat' dir='ltr'>uno</span> <span class='ocrx_word' id='word_1_298' title='bbox 1320 4839 1371 4910; x_wconf 91' lang='lat' dir='ltr'>al-</span> 
     </span>
     <span class='ocr_line' id='line_1_39' title="bbox 100 4955 1371 5052; baseline 0.001 -24"><span class='ocrx_word' id='word_1_299' title='bbox 100 4961 228 5028; x_wconf 77' lang='lat' dir='ltr'>terove</span> <span class='ocrx_word' id='word_1_300' title='bbox 246 4955 328 5028; x_wconf 91' lang='lat' dir='ltr'>loco</span> <span class='ocrx_word' id='word_1_301' title='bbox 353 4958 421 5026; x_wconf 89' lang='lat' dir='ltr'>aut</span> <span class='ocrx_word' id='word_1_302' title='bbox 445 4956 521 5050; x_wconf 90' lang='lat' dir='ltr'>ipse</span> <span class='ocrx_word' id='word_1_303' title='bbox 538 4956 669 5029; x_wconf 84' lang='lat' dir='ltr'>studiis</span> <span class='ocrx_word' id='word_1_304' title='bbox 686 4955 903 5046; x_wconf 79' lang='lat' dir='ltr'>Constantii,</span> <span class='ocrx_word' id='word_1_305' title='bbox 932 4961 999 5028; x_wconf 90' lang='lat' dir='ltr'>aut</span> <span class='ocrx_word' id='word_1_306' title='bbox 1024 4957 1084 5031; x_wconf 90' lang='lat' dir='ltr'>hic</span> <span class='ocrx_word' id='word_1_307' title='bbox 1109 4981 1214 5031; x_wconf 89' lang='lat' dir='ltr'>meae</span> <span class='ocrx_word' id='word_1_308' title='bbox 1240 4979 1371 5052; x_wconf 89' lang='lat' dir='ltr'>operae</span> 
     </span>
    </p>
   </div>
   <div class='ocr_carea' id='block_1_7' title="bbox 0 0 1611 5506">
    <p class='ocr_par' dir='ltr' id='par_1_9' title="bbox 0 0 1611 5506">
     <span class='ocr_line' id='line_1_40' title="bbox 0 0 1611 5506; baseline 0 0"><span class='ocrx_word' id='word_1_309' title='bbox 0 0 1611 5506; x_wconf 95' lang='lat' dir='ltr'> </span> 
     </span>
    </p>
   </div>
  </div>
 </body>
</html>
