3204 5506
208 363 271 426 (508
607 356 610 363 ’
679 376 706 423 s.
723 374 864 423 cuuusu
886 373 1000 421 eneae

293 537 322 592 t.
354 537 421 592 lline
436 535 538 591 redibat
554 535 586 590 ed
602 535 697 590 Gelosii
714 536 812 595 lsrrdes,
829 534 1055 608 usesrrorobotque
1079 535 1171 597 beorn.
1193 539 1243 609 qui
1261 539 1424 592 cumauro·

208 625 273 678 elsim
290 627 437 678 ueritatem
458 638 494 676 uc
516 625 644 694 repularn
667 638 747 675 sitam
762 622 952 694 pubernonda
974 629 1002 675 et
1022 625 1179 691 praescius
1194 628 1261 677 ante
1285 612 1427 677 contituit

208 711 321 781 siupula
337 708 495 780 quibusque
511 708 684 776 temporibus
700 709 903 761 corinenieuter
918 709 1036 777 aptarit,
1054 705 1131 761 illum
1149 706 1190 761 liis
1204 722 1312 761 ornasse
1321 703 1429 760 trumo
1512 708 1517 723 '

209 792 315 847 talentis
331 791 438 853 ditasse,
454 789 551 863 quilnrs
566 790 592 844 id
608 790 676 845 selle
692 808 721 844 se
737 789 822 863 prdem
839 790 946 852 iaceret,
964 798 993 844 ut
1008 792 1093 863 ipsius
1108 790 1277 864 temporibus
1288 806 1348 862 pax
1359 796 1381 845 et
1391 780 1432 840 ut'r
1526 779 1529 800 ⁴

209 885 255 931 tas
272 878 473 932 custodiretur.
507 873 668 930 llortolntur
691 877 779 947 itaque
802 874 942 936 Gelasium,
967 883 995 929 ut
1017 891 1120 930 rnorem
1143 884 1253 948 gereret
1275 862 1437 930 mississet·
1522 858 1529 931 ⁹.

209 978 259 1017 nec
274 965 412 1016 talentum
427 960 476 1014 sibi
493 960 622 1015 creditum
640 959 728 1014 fructu
744 961 839 1033 privari
855 961 965 1014 sineret.
983 961 1128 1014 Amicitiam
1140 953 1440 1015 comminuendum}

209 1063 277 1107 nursi,
294 1047 458 1117 unitatisque
475 1045 607 1099 sitientum
625 1043 747 1099 orrruilnrs
763 1044 820 1099 aliis
837 1043 915 1098 relius
932 1045 1152 1118 praeponendum
1168 1043 1345 1118 praedicebat.
1367 1045 1447 1100 Paeon

208 1129 369 1203 deposcebat
386 1132 513 1191 solidam,
535 1139 559 1183 ot
578 1128 602 1184 id
624 1129 696 1202 «quod
712 1128 838 1202 possetint
855 1139 884 1184 ut
897 1131 992 1185 dirina
1006 1133 1149 1202 protectio
1163 1133 1331 1202 perficeret.
1346 1128 1455 1204 depree-

209 1215 289 1270 bntur
305 1214 334 1285 (l.
352 1233 374 1269 e.
392 1232 418 1268 u.
438 1215 476 1269 12
493 1223 520 1269 et
537 1214 596 1283 14).

293 1300 321 1355 5.
353 1300 411 1354 Non
432 1298 627 1359 dissimulabat.
650 1299 741 1353 dolere
762 1316 791 1353 se
812 1297 845 1354 de
868 1302 999 1363 tristitia,
1028 1316 1106 1372 quom
1129 1299 1252 1355 Gelasius
1274 1302 1311 1356 de
1333 1300 1466 1371 prioribus

207 1389 298 1456 ipsius
310 1388 415 1440 litteris
431 1392 593 1454 srirnpserut
608 1384 637 1455 (Ι.
654 1401 676 1441 e.
694 1401 720 1438 n.
740 1382 798 1455 1⁸2).
831 1383 907 1451 Quod
929 1384 962 1438 de.
978 1384 1075 1440 litteris
1090 1404 1104 1439 o
1121 1383 1285 1459 pontificatu
1300 1384 1401 1440 Gelusii
1415 1385 1474 1441 sas·

208 1471 261 1543 ptis
283 1471 451 1542 interpretari
473 1486 528 1523 sion
550 1469 620 1524 licet.
653 1467 740 1522 liestnt
766 1470 858 1541 igitur,
882 1477 911 1523 ut
927 1468 1028 1523 hoedo
1044 1469 1143 1524 titteris
1166 1469 1199 1524 ob
1216 1469 1373 1543 Eupircruio
1388 1468 1478 1526 setus

208 1553 343 1627 pontilicis
364 1571 429 1608 :reso
451 1555 538 1608 missis
560 1553 661 1608 dietum
682 1555 726 1607 sit.
760 1554 825 1608 llino
841 1563 866 1607 et
883 1570 952 1615 sese,
970 1556 1114 1627 quominus
1136 1557 1224 1610 Acoeti
1247 1571 1279 1609 oc
1293 1553 1418 1611 uranus
1437 1571 1483 1611 no·

208 1641 277 1693 minu
292 1656 307 1694 e
322 1640 404 1693 saeris
422 1638 518 1693 tubulis
535 1646 694 1699 removeret,
714 1638 890 1711 quorunnlorn
907 1641 1127 1696 necessitatibus
1142 1643 1308 1713 constrinpi
1323 1648 1411 1714 utque
1425 1658 1487 1715 pro·

209 1722 293 1778 hiberi
308 1723 467 1779 densabatur
488 1723 516 1795 (l.
534 1742 557 1778 c.
575 1741 601 1778 u.
621 1724 679 1794 13).
702 1724 782 1797 idque
799 1725 954 1778 rrirnrinotisu
967 1727 1107 1796 populum
1128 1725 1488 1797 Constantinopolitanun

208 1826 353 1881 nitriquom
368 1812 576 1879 permissurum
592 1824 652 1862 esse
668 1808 800 1862 osser-elmi
818 1807 846 1878 (Ι.
861 1826 884 1862 e.
900 1827 927 1864 u.
948 1810 1006 1873 15).
1024 1809 1142 1883 benique
1157 1809 1345 1871 existimabat,
1365 1814 1491 1884 aliquem

207 1910 221 1947 a
237 1893 342 1948 Gelasio
357 1893 617 1966 Constantinopolim
637 1895 723 1965 diripi
736 1896 847 1951 debere.
871 1895 916 1966 qui
938 1896 1061 1967 mitigare
1079 1893 1208 1968 populum
1226 1894 1308 1950 illurn
1333 1895 1441 1951 soleret
1463 1896 1493 1967 d.-

208 1995 231 2032 c.
250 1995 276 2033 n.
295 1972 354 2052 Iti).
386 1977 422 2032 Ex
438 1979 488 2033 liae
503 1987 592 2033 oritoni
608 1995 709 2031 surinus
731 1977 855 2033 ‹irrrnilrus
878 1978 1047 2033 risoriilestnru
1068 1995 1128 2034 esse
1149 1996 1228 2042 reor.
1253 1980 1328 2036 huuc
1350 1979 1494 2055 Eupirernii

207 2062 346 2136 epistolum
363 2064 394 2118 orl
411 2080 517 2124 ensium,
535 2080 588 2136 quo
604 2063 725 2135 pontifex
741 2072 847 2118 oreatus
864 2073 905 2117 est
922 2063 1051 2125 eortasius,
1067 2065 1214 2137 pertinere,
1240 2081 1294 2121 nec
1318 2064 1410 2140 louge
1433 2075 1496 2141 prist

208 2147 380 2221 pontificatus
396 2147 453 2218 ejus
470 2149 544 2202 initia
560 2164 619 2203 esse
635 2147 817 2204 ‹litiererulouu

820 2242 862 2306 ΙΙ.

208 2370 284 2409 auno
299 2351 360 2408 492
379 2351 543 2420 (cortou).
574 2353 685 2408 Relatio
702 2354 741 2407 od
755 2353 898 2408 Gelasium
914 2353 949 2407 de
964 2351 1123 2425 Pelopiaua
1146 2353 1272 2410 haeresi
1285 2358 1318 2411 in
1336 2355 1496 2413 Dalmatis

357 2445 521 2510 pressante.

292 2539 384 2594 Serius
401 2539 473 2608 rejici
489 2541 582 2612 nequit
600 2540 695 2595 relatio
712 2539 816 2594 Gelasio
833 2556 916 2612 pnpoe
937 2539 1006 2601 doto.
1029 2556 1081 2613 quo
1097 2541 1254 2596 nrrntioturn
1272 2551 1330 2606 est,
1355 2546 1494 2617 quosdam

207 2630 236 2681 iu
252 2626 414 2697 ropionibus
430 2625 642 2680 Dalmatiarum
657 2627 783 2680 recidiua
800 2626 977 2697 Pelopianac
990 2629 1081 2695 pestis
1098 2629 1215 2681 :uenia
1232 2632 1416 2689 seminasse.
1432 2638 1494 2686 ton·

208 2719 322 2782 tumque
337 2713 394 2766 illie
410 2725 508 2765 eorum
525 2713 702 2780 preu’ualerc
723 2710 936 2780 blasphemiam,
962 2717 992 2765 ut
1012 2712 1157 2781 simplices
1183 2728 1325 2785 quosque
1348 2715 1497 2788 mortiferi

204 2796 321 2868 furoris
335 2798 526 2850 insinuatione
541 2797 708 2866 deciperent
725 2794 822 2864 (Gelos.
840 2813 882 2868 ep.
901 2794 919 2848 t
936 2812 963 2848 n.
983 2793 1019 2865 1).
1042 2793 1125 2850 linnio
1136 2796 1160 2850 si
1176 2812 1242 2850 vero
1258 2808 1307 2853 est
1324 2798 1493 2873 epistolici

208 2879 314 2949 Gelosii,
332 2897 382 2952 qno
399 2879 430 2933 od
448 2879 514 2934 lione
530 2880 687 2935 relotioneus
711 2879 899 2952 respondetur,
917 2879 1065 2934 errrrsuloris
1082 2887 1154 2939 uoto,
1178 2879 1248 2936 lroec
1264 2883 1329 2956 ipso
1348 2884 1448 2940 relatio
1462 2883 1493 2939 sd

208 2965 392 3023 intromitto.
409 2963 472 3018 dum
489 2963 561 3019 Felix
577 2973 716 3037 superstes
733 2972 797 3025 erut.
814 2964 954 3019 referende
975 2973 1025 3019 est.
1058 2964 1115 3019 lloc
1136 2974 1231 3020 erstem
1248 2970 1351 3040 posito
1369 2978 1428 3025 tum
1444 2970 1493 3025 tie·

207 3050 273 3105 losio
290 3050 386 3105 tradita
402 3058 452 3110 est.
474 3067 528 3104 riou
550 3059 577 3103 ut
593 3048 724 3123 perstitisti,
747 3048 794 3103 sed
818 3058 846 3102 nt
869 3049 1215 3104 rerrrrnecelesiasticorum
1238 3051 1427 3117 oriministro,
1449 3054 1493 3129 qui

208 3134 287 3190 Felici
304 3134 336 3188 ob
352 3134 474 3207 epistolis
496 3145 560 3188 erut.
594 3133 624 3187 Et
647 3151 679 3188 eo
696 3134 802 3207 quilleno
820 3143 940 3208 ternpore
961 3133 1067 3188 videtur
1085 3142 1205 3207 eccepto,
1232 3153 1293 3209 quo
1314 3138 1395 3195 ltalia
1417 3139 1493 3196 bottis

156 3250 159 3255 ·
208 3219 354 3275 Odoacrem
370 3221 440 3274 inter
455 3228 482 3274 et
498 3219 695 3275 Theodericum
712 3220 852 3274 concitatis
869 3218 1085 3292 perturbabatur.

808 3330 867 3394 ΙΠ.

209 3458 283 3496 aurio
306 3439 377 3496 499.
407 3440 531 3497 llonorii
550 3444 679 3512 episcopi
694 3440 857 3496 Salonituni
871 3441 910 3494 nd
925 3440 1067 3496 Gelasium
1082 3441 1117 3495 dc
1130 3438 1215 3512 salsa
1231 3450 1400 3516 superiore
1416 3450 1489 3504 rela-

359 3529 434 3581 tione
449 3530 603 3581 recusatio.

291 3627 383 3681 Pousis
406 3627 525 3682 nondum
547 3636 604 3681 erot
624 3627 706 3687 teatio.
728 3644 811 3700 quum
827 3626 947 3682 Celusius
965 3626 1075 3682 lionorii
1092 3627 1289 3687 ltolruotinruru
1313 3650 1366 3689 seu
1388 3634 1494 3691 Saloni·

209 3714 263 3767 toni
279 3714 396 3785 episcopi
413 3713 515 3767 litteras
531 3714 632 3785 occipit
649 3729 696 3785 per
715 3713 818 3785 legatos
835 3714 937 3773 missos,
955 3712 1051 3785 quilnrs
1064 3729 1159 3786 popam
1171 3731 1385 3792 praeproperae
1398 3720 1493 3777 cresiu-

207 3798 288 3852 titotis
304 3796 441 3870 orgtrebot.
463 3798 535 3870 quod
552 3797 708 3870 Pelagionoe
724 3797 841 3852 lmeresis
857 3805 1007 3852 eonrrnento
1023 3800 1049 3852 in
1066 3797 1203 3852 bislrnntiis
1226 3800 1414 3861 disseminato
1435 3823 1493 3861 esse

209 3883 310 3938 incilius
326 3881 497 3945 credidisset;
520 3900 568 3955 per
584 3900 652 3956 qum
668 3890 757 3936 nutem
775 3883 825 3937 hoc
838 3882 974 3937 didicisset
989 3882 1117 3943 talasius,
1135 3886 1295 3943 renuntiari
1313 3888 1367 3945 sibi
1384 3890 1492 3965 petebat

208 3968 304 4038 (Gelos.
322 3969 401 4041 epist.
419 3966 458 4039 5).
491 3969 523 4022 At
544 3985 607 4022 sero
629 3967 702 4021 italio
723 3985 793 4022 :irriso
816 3967 876 4023 493
899 3967 1017 4023 bellicose
1038 3969 1204 4042 interempto
1227 3974 1416 4047 tranquillior
1435 3992 1494 4031 esse

207 4055 306 4127 eoepit.
322 4053 442 4126 ersleoque
458 4062 484 4108 et
502 4054 568 4108 lione
584 4053 725 4125 epistolum
741 4069 811 4107 onno
828 4052 888 4107 tou
906 4052 973 4107 linud
992 4061 1093 4108 temere
1108 4053 1262 4127 illigemus.

811 4163 867 4227 IV.

208 4293 284 4331 anno
300 4273 372 4331 492.
404 4274 513 4329 Gelasii
528 4276 568 4329 ed
582 4273 764 4330 Anastasiou
781 4277 983 4345 imperatorem
998 4277 1146 4330 salutatio.

292 4376 331 4430 nd
348 4376 469 4431 esrmdem
491 4393 589 4432 onrrrnn
611 4376 680 4430 liorrd
703 4375 782 4430 duliie
804 4378 940 4448 pertinent
964 4374 1125 4431 honorificae
1152 4375 1217 4432 illoc
1241 4378 1369 4445 litterae.
1395 4384 1492 4459 quibus

208 4461 329 4516 Gelasius
345 4460 530 4535 pontificatum
553 4463 638 4516 iniens
661 4462 828 4515 bonustosium
848 4463 1036 4534 irnperotorem
1058 4461 1177 4516 solutore
1199 4469 1370 4538 properavit
1392 4470 1489 4541 (Getes

207 4563 249 4620 ep.
270 4548 349 4604 1011.
368 4545 407 4618 2).

151 4632 158 4645 '
818 4622 858 4688 V.

208 4751 284 4790 aurio
299 4733 361 4791 490
376 4743 508 4791 exeunte.
539 4736 643 4791 Finisti
661 4739 790 4808 mapistri
810 4736 849 4790 ad
869 4734 1013 4790 Gelasium
1027 4736 1063 4791 de
1082 4735 1284 4797 obstinatione
1307 4742 1491 4805 Graecam

359 4823 470 4877 relatio.

293 4920 328 4975 Es
345 4923 384 4982 iis,
401 4937 469 4994 quoe
485 4922 604 4977 tielosius
620 4923 734 4998 epistola
754 4923 936 4986 torostoros.
959 4923 1120 4997 colligimus.
1137 4925 1394 5000 uigilantissimum
1414 4934 1490 4991 illu!
