3204 5506
228 335 290 398 :tlt
689 354 716 400 s.
735 352 901 399 sturmen
927 351 1039 398 intua

121 506 328 587 ia.tosi1'agii
353 506 547 569 ‹letrimentn
562 506 631 569 Deo
654 509 783 569 ritietore
799 527 862 568 ιιιιιι
880 505 1010 568 sentiat.
1045 505 1175 569 'talilms
1190 505 1312 570 idcirco
1327 505 1516 591 gloriantes

110 585 213 648 —483.)
228 607 356 671 indiciis
381 630 557 692 congruum
580 609 727 671 (liminius
745 608 862 671 viauia
879 607 962 669 sedis
977 612 1112 671 ruostine
1121 611 1153 671 te
1169 607 1370 672 trtictoritute
1386 608 1515 672 fulciri:

206 710 320 791 'citius
345 711 453 793 vigore
476 711 631 791 munitus,
657 711 850 793 apostolieae
865 709 1077 772 institutionis
1100 709 1227 774 ‹lecreta
1250 709 1302 774 vel
1320 713 1516 774 sanctorum

229 812 384 875 terminos
394 813 420 896 2)
444 817 572 895 patmm
596 812 683 875 nullo
707 811 799 874 rutulo
821 811 1005 874 transcendi
1029 811 1211 895 permittas3
1234 811 1395 895 quoniam
1413 812 1516 897 digena

228 913 358 977 honoris
382 916 640 978 remuneratione
664 914 874 978 cumulandus
897 918 956 996 est,
987 936 1044 997 per
1068 915 1218 997 quentin
1241 912 1293 977 his
1317 913 1516 998 regionibus

227 1014 354 1078 <livinus
378 1038 519 1079 creseere
543 1016 684 1079 innotuit
706 1016 820 1080 cultus
859 1015 946 1079 Deus
970 1020 1002 1080 te
1024 1016 1217 1079 incolumem
1240 1014 1426 1099 cust-odiat,
1451 1016 1516 1079 fra·

227 1120 277 1181 ter
300 1117 478 1182 carissime!

744 1511 994 1585 Notitia
1048 1580 1055 1591 .

263 1643 467 1714 epistolarum
484 1659 544 1700 nou
564 1643 768 1731 exstantium,
788 1659 866 1713 quae
885 1645 923 1699 ud
941 1660 967 1700 s.
984 1643 1175 1714 Simplicium
1191 1659 1303 1714 lienam
1322 1644 1480 1700 attinent.

850 1798 875 1862 I.

139 1986 146 1994 ¹
229 1927 256 1966 α.
269 1907 331 1965 474
347 1916 415 1965 onte
427 1909 591 1964 messian.
619 1909 760 1979 Simplicii
770 1924 869 1979 papae
885 1910 925 1963 nd
937 1908 1059 1963 Leonem
1071 1908 1229 1982 Augustum
1243 1909 1353 1982 leontio
1369 1910 1408 1965 de
1421 1924 1512 1982 pree·

380 2001 491 2065 sumpto
508 1996 842 2064 Constantinopolitanae
857 1995 933 2049 sedis
943 1996 1105 2065 privilepio.

319 2097 346 2151 1.
378 2096 438 2151 Non
455 2097 514 2151 sine
531 2096 628 2151 litteris
644 2113 658 2149 a
674 2094 812 2167 Simplicio
828 2093 859 2149 ad
873 2093 989 2149 Leonem
1006 2095 1193 2167 imperatorem
1210 2095 1345 2151 destinata
1364 2104 1409 2152 est
1430 2094 1514 2153 Probi

229 2183 353 2237 Canusini
370 2182 489 2255 episcopi
505 2181 614 2254 legatio,
632 2179 709 2250 cujus
725 2180 846 2235 Gelasius
863 2178 954 2252 epto
971 2196 997 2233 n.
1009 2180 1048 2236 10
1064 2181 1193 2235 meminit.
1220 2178 1308 2250 llujus
1324 2189 1419 2237 autem
1437 2180 1512 2255 lega·

230 2267 310 2322 tionis
327 2283 381 2321 non
398 2266 445 2320 alia
463 2265 568 2320 videtur
584 2265 667 2320 luisse
682 2282 770 2326 eausa,
792 2266 843 2320 uisi
859 2263 931 2337 quod
947 2262 1001 2318 Leo
1018 2281 1032 2318 a
1048 2263 1184 2337 Simplicio
1203 2263 1304 2320 lirmari
1319 2264 1416 2330 vellet,
1441 2282 1512 2341 quae

229 2350 541 2423 Constantinopolitanae
558 2350 686 2405 ecelesiae
707 2351 733 2404 in
755 2349 860 2422 synodo
877 2347 1087 2403 Calcliedon'ensi
1109 2365 1236 2404 concessa
1259 2357 1338 2405 erant
1354 2350 1511 2425 privilegia.

230 2453 298 2509 quae
320 2437 362 2490 hie
384 2451 450 2508 papa
467 2443 522 2489 rata
539 2435 637 2490 trabere
653 2433 787 2489 noluerat.
818 2434 903 2489 Porro
920 2431 1023 2488 Probus
1040 2432 1186 2489 Canusinae
1202 2432 1332 2490 ecelesiae
1348 2436 1511 2510 episcopus,

230 2520 311 2590 liujus
328 2521 365 2575 rei
382 2521 467 2593 gratia
483 2528 547 2574 tune
562 2520 720 2581 destinatus,
741 2519 796 2588 jam
812 2520 838 2573 in
856 2520 941 2592 gestis
957 2516 1067 2573 llomani
1084 2517 1188 2574 concilii
1205 2517 1255 2573 sub
1273 2518 1366 2574 llilaro
1382 2536 1454 2594 papa
1470 2522 1512 2576 sui

230 2622 295 2679 erga
310 2604 477 2677 disciplinam
493 2605 699 2659 eeclesiasticam
716 2604 798 2659 snnlii
814 2623 843 2658 ac
861 2604 963 2676 rigoris
978 2602 1115 2675 specimen
1131 2602 1237 2658 dedisse
1253 2603 1358 2678 legitur
1381 2603 1451 2676 (llil.
1468 2622 1512 2678 ep.

233 2691 271 2745 15
287 2687 361 2759 nt).
398 2687 445 2743 Ubi
468 2690 539 2743 enim
560 2687 752 2743 Nundinariutn
772 2689 1007 2744 Barcinonensitnn
1030 2688 1185 2762 episcopum
1207 2704 1262 2744 non
1283 2688 1375 2745 solum
1397 2688 1512 2746 irenaeo

231 2774 337 2847 legasse
353 2790 409 2834 sua,
426 2772 473 2827 sed
490 2776 569 2828 etiam
585 2773 708 2827 eunrdcm
729 2775 754 2828 in
772 2775 929 2846 episcopatu
944 2771 994 2827 sibi
1011 2772 1168 2846 designasse
1189 2789 1379 2830 successorem
1396 2773 1511 2836 audivit.

232 2877 246 2914 e
262 2875 392 2914 consessu
408 2874 524 2932 surgens
541 2858 638 2913 dixisse
655 2857 755 2912 lentur:
780 2859 858 2915 ittet
870 2861 958 2925 licuit,
975 2858 1030 2912 troc
1041 2875 1098 2914 non
1109 2861 1207 2915 licuit:
1222 2873 1415 2915 successores
1430 2861 1513 2917 Deus

231 2946 299 3005 dot‚·
318 2945 386 3000 duic
409 2946 454 2998 rei
474 2947 606 3012 resistite,
629 2944 664 2998 ait
685 2943 716 2997 ad
738 2961 846 3016 papam,
866 2959 922 3014 per
942 2944 1134 3013 apostolatum
1155 2950 1290 2999 oestrum.
1326 2942 1425 3017 lteque
1446 2960 1512 3001 nero

231 3038 326 3103 postea
347 3015 610 3102 Constantinopolim
636 3027 806 3101 aSimplicio
834 3028 938 3101 legatus
971 3028 1073 3083 minore
1099 3029 1192 3102 vigore
1217 3044 1247 3083 se
1273 3029 1372 3102 gessit.
1410 3027 1513 3085 Gelasli

231 3116 331 3186 quippe
348 3105 502 3168 tettirnonio
523 3120 638 3172 constat.
661 3114 747 3185 ipsum
769 3130 825 3174 ..ea
848 3129 917 3185 quae
937 3111 991 3166 leo
1014 3128 1081 3185 papa
1097 3122 1249 3185 negaverat,
1272 3111 1365 3169 leone
1381 3115 1513 3189 Augusto

233 3206 298 3253 tunc
312 3206 421 3271 petente
443 3207 594 3271 praesente.
612 3197 736 3252 docuisse
752 3198 905 3253 tnrllatenns
922 3213 1003 3270 posse
1016 3198 1121 3260 tentari,
1139 3213 1226 3269 neque
1242 3197 1283 3252 his
1299 3214 1418 3271 prorsus
1434 3216 1513 3272 prae-

141 3328 144 3333 <
231 3283 322 3337 lenisse
337 3290 519 3338 consensnm“
537 3283 656 3356 (Gelep.
667 3282 706 3338 26
723 3300 749 3337 ιι.
762 3281 819 3352 lo).
838 3280 924 3348 Quum
941 3290 1030 3336 autem
1046 3298 1137 3337 mense
1152 3281 1278 3337 ianuario
1295 3281 1512 3340 attentandi

233 3366 312 3423 duem
329 3367 421 3422 lecerit
439 3366 492 3422 Leo
509 3369 658 3441 Angustus,
681 3368 747 3422 lianc
764 3366 927 3440 legationem
949 3385 973 3421 a.
990 3365 1051 3422 473
1073 3368 1253 3440 posteriorem
1270 3382 1325 3423 noa
1343 3367 1433 3424 luisse
1448 3368 1513 3425 inde

233 3450 384 3508 coniicitur.
1026 3488 1029 3493 ·

319 3537 346 3591 2.
378 3535 446 3602 Quin
469 3536 573 3591 lelicem
600 3536 721 3591 habuerit
743 3537 842 3591 exitum
864 3552 893 3590 ac
914 3534 1042 3608 deinceps
1063 3535 1095 3590 ad
1118 3537 1293 3592 imitationem
1311 3536 1442 3595 tlarciani
1458 3538 1512 3595 teo

233 3622 364 3694 petitione
382 3619 535 3690 hujusmodi
551 3620 692 3683 abstiterit,
705 3620 778 3675 nulla
794 3620 899 3675 ridetur
914 3620 1065 3693 ainliigcndi
1081 3623 1158 3676 ratio.
1189 3620 1267 3676 Certe
1283 3622 1401 3678 Aeacius
1418 3625 1513 3699 regiae

235 3705 308 3760 urbis
332 3707 484 3778 episcopus,
507 3707 552 3777 qui
569 3705 638 3759 hand
655 3705 734 3760 dulde
750 3712 860 3761 auctore
879 3707 1041 3778 imperatore
1057 3722 1137 3778 supra
1153 3705 1250 3760 dictam
1264 3707 1431 3779 petitionem
1446 3711 1513 3765 emi·

234 3798 315 3851 serat,
330 3791 371 3844 sic
386 3788 482 3845 deinde
497 3807 599 3845 rnorem
615 3792 733 3864 gessisse
749 3791 822 3845 visus
839 3799 881 3845 est
896 3790 1025 3863 Simplicii
1041 3789 1183 3852 volnntati.
1200 3789 1321 3846 utillum
1336 3792 1360 3847 is
1377 3808 1450 3867 papa
1465 3809 1514 3850 sna

233 3877 318 3949 ipsius
335 3875 390 3929 rice
406 3891 436 3930 ac
452 3874 588 3948 legatione
610 3875 680 3949 apud
697 3877 884 3948 imperatorem
902 3874 979 3948 iungi
992 3873 1104 3944 jusserit
1122 3872 1226 3948 (simpl.
1243 3873 1322 3948 eps.
1340 3876 1371 3941 3,
1388 3877 1408 3933 5
1427 3886 1457 3934 et
1473 3878 1513 3951 7).

234 3959 265 4014 Et
282 3959 314 4013 ali
331 3976 400 4014 anno
422 3960 529 4032 quidem
546 3960 617 4021 475,
639 3960 703 4015 ιΙιιιιι
724 3969 880 4014 accusarent
895 3959 1116 4015 arclrimandritae
1132 3976 1161 4015 ac
1176 3960 1300 4015 monachi
1315 3959 1516 4021 Constantino·

234 4044 345 4119 politani
362 4046 491 4099 antistitis
506 4046 709 4111 suisilentitrnr,
727 4062 780 4119 qno
797 4061 857 4098 eum
873 4052 900 4098 et
917 4043 1041 4099 llasilisco
1059 4052 1172 4117 tyranno
1189 4061 1218 4098 ac
1234 4044 1380 4101 Timotheo
1391 4048 1516 4121 pseudo-

234 4132 361 4203 episcopo
378 4129 556 4184 Alexandrino
574 4129 661 4185 lavere
673 4128 885 4202 suspicaremini,
902 4129 1053 4202 Simplicius
1070 4145 1162 4184 eorum
1175 4130 1375 4186 accusationem
1388 4135 1517 4208 accipere
1562 4122 1566 4131 ¹

235 4215 332 4280 uoluit,
350 4223 533 4286 compertam,
551 4216 684 4287 inquiens,
707 4215 816 4270 licitene
830 4216 914 4285 tidem
928 4216 1124 4285 probatissimi
1137 4216 1299 4271 sacerdotis
1313 4213 1425 4290 (Simpl.
1442 4216 1516 4292 epi

233 4297 314 4370 at).
346 4299 418 4354 istud
435 4309 523 4354 autem
540 4316 586 4354 eos
603 4317 656 4354 non
673 4298 773 4353 trustra
788 4301 938 4372 suspicatos
954 4315 1014 4353 esse.
1029 4300 1116 4353 exitus
1132 4299 1233 4354 (locuit.
1302 4299 1312 4314 ⁸
1370 4332 1378 4342 -

319 4386 348 4439 3.
379 4384 479 4458 Nempe
503 4383 535 4438 de
552 4385 702 4457 privilegio,
725 4383 797 4456 quod
814 4384 870 4438 sedi
887 4400 951 4438 sune
967 4401 980 4437 a
996 4382 1208 4438 Calelredonensi
1223 4383 1331 4457 synodo
1347 4386 1517 4445 attributum

234 4485 295 4524 esse
317 4468 506 4531 ‹eontentlebat
525 4486 585 4524 sese
602 4486 737 4541 nunquam
754 4486 785 4523 ex
801 4469 889 4523 airimo
905 4470 1019 4524 cessisse
1035 4485 1089 4523 rron
1104 4470 1141 4523 ita
1156 4468 1242 4524 multo
1258 4477 1322 4542 post
1334 4456 1425 4544 palam
1440 4472 1515 4530 lecit

303 4735 324 4785 lt
343 4732 390 4799 qni
408 4733 512 4785 scilieet
530 4733 628 4801 enique
641 4733 772 4786 ecclesiae
791 4750 808 4786 a
825 4732 978 4799 aridioribus
995 4733 1060 4785 sunt
1077 4731 1220 4797 attributi,
1238 4748 1291 4787 nec
1308 4733 1382 4789 ullam
1399 4738 1519 4805 praesui

236 4817 288 4871 sibi
307 4816 458 4885 quidquam
476 4820 591 4886 arroget
608 4817 636 4870 in
654 4817 768 4870 alterius
787 4816 935 4870 territorio.
973 4818 1147 4884 Quamquam
1166 4815 1251 4871 ctiam
1269 4824 1395 4876 tomiano
1411 4835 1519 4892 patruus

234 4902 262 4956 id
283 4901 366 4969 vulgo
386 4901 439 4955 dici
457 4902 539 4968 solet,
559 4901 632 4971 quod
651 4903 746 4973 putres
765 4902 956 4957 constituendo
975 4902 1181 4972 praefinierunt.
1225 4896 1227 4900 ⁴
