3204 5506
551 399 745 448 arrsroma
770 390 840 446 141.
868 389 939 446 142.
1321 381 1384 447 979

162 555 191 617 7.
221 557 332 616 Ταῦτα
355 549 409 615 όιά
426 556 486 615 τοῦ
503 550 653 633 ἀδελφοῦ
670 553 725 616 καὶ
820 554 848 616 7.
883 551 973 614 Haec
1003 573 1059 634 per
1080 552 1213 614 fratrem
1235 555 1488 614 nostrumantt.

118 653 372 718 συνεπισκόπου
393 651 488 737 ἡμῶν
518 658 579 718 τοῦ
602 656 725 736 σεβασ-
777 660 809 718 et
842 654 1062 737 coepiscopum
1095 651 1309 716 venerabilem
1340 653 1384 715 vi·

117 755 286 840 μιωτάτου
308 753 431 836 ἀνδρὸς
446 752 618 837 Ἰωάννου,
641 748 727 818 ἀλλά
777 778 846 820 rum
868 754 1050 819 iohannem
1083 755 1137 818 sed
1166 757 1199 817 et
1225 752 1307 818 filios
1329 776 1384 818 no-

118 861 175 922 καὶ
204 855 259 921 όιά
286 861 354 921 τῶν
383 857 466 920 υίών
488 853 600 940 ἡμῶν,
625 855 725 938 Ἡρα-
778 862 860 922 stros
899 856 1128 920 Heraclianum
1164 841 1383 939 presbyterum

119 964 279 1024 κλειανοῦ
312 963 374 1023 τοῦ
406 957 638 1040 πρεσβυτέρου
671 959 726 1022 καί
778 962 810 1023 et
838 957 1086 1024 Constantinum
1117 957 1301 1041 diaconum,
1337 979 1385 1021 ee·

120 1064 381 1125 Κωνσταντίνου
402 1064 463 1123 τοῦ
480 1059 653 1141 διακόνου,
669 1064 727 1142 της
779 1059 956 1124 clesiastieo
971 1058 1091 1123 honore
1107 1059 1322 1144 dignissimos,
1345 1060 1384 1122 ad

120 1165 397 1246 ἑκκλησιοιστικης
423 1165 518 1244 τιμῆς
540 1159 658 1243 ἀξίων,
687 1159 727 1224 τά
778 1184 907 1226 eausam
921 1162 1119 1245 pertinentia
1139 1162 1385 1246 rescripsisse²⁸)

119 1262 204 1346 πρός
223 1261 467 1348 τὴνόπόθεσιν
482 1261 650 1346 ἀνήκοντα
665 1260 727 1344 ἀρ-
779 1264 938 1346 conteuti,
963 1263 1118 1348 gratulati
1140 1285 1248 1328 sumus
1268 1265 1303 1327 iu
1318 1264 1386 1328 viro

120 1367 297 1442 κεσθέντες
320 1363 537 1446 ἀντιγράψαι,
575 1363 727 1447 ἥσθημεν
778 1366 898 1429 ordinis
935 1366 1036 1429 nostri
1073 1387 1132 1449 par
1167 1367 1317 1430 meritum
1354 1369 1387 1430 et

120 1472 159 1534 ἐν
193 1466 291 1549 ἀνδρὶ
321 1471 379 1550 της
410 1463 571 1550 ἡμετέρας
606 1466 728 1542 τάξεως
778 1467 963 1551 religiosum
994 1489 1052 1531 nos
1085 1467 1246 1532 invenisse
1273 1489 1387 1552 propo·

121 1577 199 1653 ίσην
222 1568 317 1645 ἀξίαν
340 1568 395 1631 καὶ
418 1566 543 1651 εὐλαβῆ
560 1567 727 1650 πρόθεσιν
779 1569 889 1652 situm,
914 1573 946 1632 et
969 1592 1041 1633 cum
1056 1569 1276 1654 legationisd)
1298 1591 1387 1633 man·

119 1668 207 1755 ημάς
235 1668 428 1753 εὑρηκέναι,
465 1670 521 1734 καὶ
549 1667 630 1753 μετά
659 1673 728 1732 τῶν
780 1671 862 1734 datis
890 1670 1049 1754 sapientia
1084 1676 1117 1735 et
1143 1671 1284 1735 moribus
1314 1693 1386 1735 eon-

120 1778 180 1856 της
202 1774 379 1856 πρεσβείας
408 1771 556 1835 ἐντολῶν
578 1774 618 1855 τη
641 1793 726 1854 φρο-
780 1793 908 1855 gruens.
937 1771 1055 1836 Votiva
1077 1773 1163 1837 enim
1179 1795 1229 1837 res
1245 1777 1278 1837 et
1291 1773 1388 1856 plena

121 1875 217 1957 νησει
229 1873 364 1949 καὶτοῖς
374 1872 509 1954 τρόποις
524 1872 726 1958 συνᾴδοντα.
780 1875 890 1958 gaudii
906 1877 964 1958 est,
988 1876 1025 1937 ut
1046 1874 1112 1938 sint
1130 1874 1275 1960 juxta³⁰)
1295 1875 1388 1938 aesti-

123 1973 293 2039 Εόκταῑον
314 1972 379 2056 γάρ
402 1977 537 2058 πρᾶγμα
566 1975 622 2038 καὶ
644 1977 728 2058 πλη-
779 1976 954 2040 mationem
976 1975 1174 2059 probabiles,
1205 1998 1282 2060 quos
1306 1998 1388 2041 com-

123 2100 180 2160 ρες
202 2080 319 2159 χαρᾶς,
352 2075 408 2138 ἵνα
437 2066 499 2139 οἷσι
526 2075 730 2160 κεκριμένως
779 2077 941 2142 munionis
963 2082 996 2141 et
1010 2078 1107 2142 officii
1131 2077 1304 2162 contigerit
1321 2099 1389 2142 esse

122 2178 272 2262 δόκιμοι,
301 2174 361 2252 οὓς
388 2182 446 2260 τῆς
473 2181 651 2253 κοινωνίας
673 2177 728 2241 καὶ
781 2182 953 2244 consortes.
999 2179 1132 2264 Data³¹)
1154 2178 1217 2244 VII
1232 2178 1388 2246 Calendas

122 2284 183 2363 τῆς
203 2278 324 2355 τάξεως
339 2279 464 2361 συνέβη
481 2274 567 2343 εἶναι
583 2279 730 2363 συγκλή-
785 2280 920 2363 Aprilis,
945 2280 1072 2345 Valerio
1098 2281 1237 2350 conside.

125 2405 217 2465 ρους.
277 2381 353 2444 Καὶ
390 2379 493 2466 ἄλλη
530 2383 652 2463 χειρὶ·
697 2379 732 2444 Ὁ

105 2477 209 2559 ’Θεός
224 2500 261 2547 σε
277 2478 355 2567 ὑγιῆ
372 2484 592 2567 όιαφυλάττη,
606 2482 731 2567 adstat

123 2585 310 2669 τιμιώτατε.

617 2754 800 2858 Epistola
826 2756 903 2839 142.

187 2907 399 2973 Hormisdae
421 2924 531 2989 papae
553 2907 596 2972 ad
620 2904 821 2973 Salustium
841 2908 1091 2991 Hispaleusem
1113 2889 1327 2991 episcopum.
1400 2915 1539 3049 (affigo

329 3049 365 3096 lie
384 3049 512 3097 commisse
531 3050 583 3097 viee
600 3064 648 3111 per
668 3047 798 3097 Baeticam
815 3054 840 3095 et
862 3049 1017 3097 Lusitaniam
1034 3049 1186 3112 provincias.

279 3162 551 3227 Dilectissimo
572 3164 691 3227 fratri
715 3162 893 3227 Salustio
915 3162 1133 3227 Hormisda.

215 3284 242 3346 1.
277 3281 493 3366 Suscipientes
515 3282 611 3366 plena
630 3282 844 3346 fraternitatis
866 3286 940 3346 tuae
962 3283 1067 3347 votiva
1089 3282 1306 3367 gratulatione
1329 3284 1390 3347 ool·

125 3384 249 3468 loquis,
274 3384 421 3468 quibus¹)
443 3406 502 3447 nos
524 3384 672 3468 geminae
695 3384 807 3448 salutis
829 3388 903 3448 tuae
925 3384 1111 3449 laetificavit
1131 3385 1300 3468 indicium,
1325 3408 1390 3450 cor-

125 3485 229 3571 porali
259 3507 330 3548 curn
358 3486 577 3569 spiritualibus
605 3485 718 3549 officiis
746 3485 966 3550 incolumitate
994 3486 1179 3570 subnixum,
1215 3508 1392 3572 congruum

126 3611 196 3652 esse
218 3588 446 3671 perspeximus,
473 3587 557 3651 hanc
579 3588 693 3671 ipsam,
717 3610 811 3672 quarn
834 3592 941 3651 mente
963 3588 1112 3671 gemmae,
1142 3589 1245 3653 verbis
1268 3589 1391 3673 aperire

126 3690 294 3753 laetitiam.
338 3689 476 3753 Edidisti
499 3690 584 3753 enim
606 3690 681 3754 boni
704 3689 894 3754 documenta
915 3690 1091 3773 pontificis,
1119 3691 1192 3754 darn
1215 3695 1247 3755 et
1268 3691 1391 3775 praedi-

127 3859 239 3896 causam
255 3841 540 3895 'thessalonicensium
558 3859 609 3896 nec
627 3841 783 3911 Epiphanio
806 3841 907 3894 nodum
930 3841 1016 3910 ipsius
1038 3842 1139 3911 legatis
1155 3843 1391 3908 committendam,

126 3927 177 3981 sed
195 3926 246 3980 sibi
264 3926 429 3980 servandam
446 3926 568 3996 putavit,
590 3927 687 3995 utpote
710 3925 784 3994 apud
808 3940 876 3994 quos
894 3926 1063 3995 apostolieae
1082 3926 1154 3980 sedis
1171 3927 1280 3996 legatus
1298 3945 1392 3982 caesus

126 4011 242 4079 indigne
259 4012 359 4065 fuerat.

196 4099 227 4164 ²⁸)
246 4097 305 4149 a¹b
322 4113 378 4164 seq.
399 4102 594 4164 eonemtpsisre,
613 4096 646 4149 (3¹
665 4101 813 4162 scripsisse,-
832 4095 989 4150 coneinnius
1008 4099 1031 4148 οΙ
1046 4099 1071 4148 0²
1090 4113 1151 4149 enm
1169 4097 1203 4150 al.
1216 4114 1279 4150 mss.
1297 4104 1392 4151 reneri·

125 4189 222 4250 patene.
242 4182 308 4249 quia
324 4181 454 4235 nimirum
472 4180 643 4250 Epiphanius
661 4179 736 4249 prius
754 4180 908 4250 scripserat.

197 4268 229 4335 ²⁹)
248 4269 272 4320 ε’
286 4269 312 4321 0²
329 4273 462 4335 depictionis
484 4274 602 4321 rnnndnto
620 4279 645 4320 et
662 4272 804 4334 sapientia:
827 4266 861 4319 (ἀί
875 4266 933 4319 a¹b
953 4281 1009 4331 seq.
1029 4264 1050 4316 ἰ2
1070 4270 1195 4335 ἱεμιιίίοιεε
1213 4272 1333 4319 inanitate
1350 4287 1392 4320 sa·

125 4358 240 4421 pientiae
259 4351 303 4419 (G¹
317 4352 338 4404 i*
355 4354 493 4420 snpientia)
569 4363 730 4419 congruente.
770 4350 875 4405 Haeret
892 4349 1040 4404 Hormisda
1061 4349 1089 4402 in
1112 4350 1239 4404 laudibus
1259 4350 1393 4404 lobannis

127 4436 252 4506 episcopi
271 4435 516 4506 Claudiopolitani,
535 4436 599 4503 quia
616 4434 762 4504 legationis
779 4434 906 4505 princeps
924 4439 997 4500 erat,
1016 4434 1086 4489 adeo
1106 4438 1136 4488 ut
1153 4435 1289 4500 lustinus,
1308 4452 1392 4502 quum

128 4524 202 4577 hanc
220 4521 414 4576 destinandam
431 4521 622 4591 polliceretur,
645 4537 729 4572 unum
751 4518 828 4571 illum
846 4519 1026 4584 memoraret,
1050 4520 1081 4572 ut
1098 4519 1215 4573 vidimus
1234 4519 1313 4589 epist.
1335 4526 1391 4572 126.

198 4610 229 4674 ³⁰)
248 4607 292 4660 lta
310 4609 333 4659 c¹
348 4610 373 4661 α’
392 4623 454 4660 cum
471 4623 535 4659 mss.
554 4606 665 4659 favente
683 4619 792 4672 graeco.
828 4605 866 4656 At
884 4605 941 4657 a¹b
960 4621 1016 4672 seq.
1031 4610 1106 4671 jaste
1123 4611 1305 4662 nestimnn'one.

196 4695 229 4759 81)
248 4693 291 4745 lta
309 4691 341 4746 G¹
357 4693 382 4745 a¹
397 4691 424 4744 b.
461 4691 497 4744 At
515 4707 606 4760 graec.
625 4689 665 4742 ita
684 4687 799 4742 claudit:
824 4692 859 4741 Et
877 4695 1020 4742 etiarnnnn.
1052 4694 1393 4745 llenetesannmerntodint

124 4785 214 4846 [τισιν
231 4781 387 4830 venerabilis.
424 4776 512 4829 JOc¹
527 4775 547 4827 i²
564 4775 711 4840 utrumque
730 4770 869 4826 omittunt.

129 4870 178 4917 14⁴3
216 4866 235 4929 ¹)
253 4863 296 4915 lta
313 4860 370 4913 Ji².
401 4862 438 4914 At
449 4863 480 4914 ὐΙ
499 4877 556 4928 seq.
576 4880 640 4929 qnae
658 4878 703 4912 nos
775 4864 974 4924 laetificaverunt
991 4864 1096 4921 inclinio,
1115 4865 1236 4928 siquidem
1254 4867 1394 4914 retulerunt

128 4962 153 5004 te
172 4952 311 5017 corporali.
347 4945 412 4999 Mox
429 4945 470 5000 ed.
491 4945 614 5014 (praeter
630 4943 662 5011 Ρ)
682 4950 791 5013 perimas
812 4949 937 5013 expedire
961 4950 1093 5008 laetitiam,
1116 4944 1144 4997 ό2
1162 4949 1246 5000 verbis
1263 4954 1393 5014 experire.

1128 5035 1193 5095 62*
