3204 5506
476 352 670 402 nrrsronas
695 343 842 400 19—21.
1233 336 1293 401 781

100 503 175 569 ecia
195 503 304 588 habet,
329 504 471 589 colligat,
495 508 528 568 et
549 505 649 570 faeiat
664 506 863 571 subscribere
877 505 1032 588 libellum,
1055 527 1151 591 quem
1172 506 1207 570 in
1228 506 1294 590 epi·
1318 515 1353 583 (a.
1364 516 1434 583 516.)

100 604 148 690 3²)
172 607 237 670 suis
261 606 382 671 habent
404 629 576 672 annexum.
611 607 645 672 Si
667 612 777 673 tamen
799 608 916 672 dixerit
930 608 1112 692 praedictus
1127 608 1296 693 episcopus

108 707 310 773 laboriosum
332 708 498 793 episcopos
522 698 682 794 colligere,
706 711 827 795 dirigat
847 712 954 774 tecum
975 732 1129 795 personas
1151 732 1210 795 per
1231 711 1295 775 sin-

100 831 114 873 s
140 810 322 896 episcopoS,
351 815 388 875 ut
409 815 441 875 te
464 815 633 895 praesente
656 812 893 898 subscr-ibana)
921 813 957 877 in
984 812 1184 897 praedictum
1206 811 1295 877 libel-

145 910 200 975 Sic
229 916 338 977 tamen
366 935 438 977 curn
461 913 522 978 Dei
544 913 762 978 misericordia
789 915 895 979 facere
924 914 1035 996 debes,
1070 918 1105 978 ut
1127 914 1294 998 epistolae,

118 1035 139 1078 a
154 1013 248 1077 nobis
270 1016 386 1079 missam
409 1019 495 1098 sunt,
514 1015 640 1102 publice
656 1016 821 1101 legantur3
844 1018 900 1080 aut
914 1015 941 1080 si
957 1015 1072 1080 videris
1087 1037 1165 1101 prae
1179 1016 1295 1080 timore

100 1115 274 1200 episcopos
295 1116 402 1181 facere
424 1117 519 1200 nolle,
544 1117 657 1181 saltem
681 1117 804 1182 clericis
826 1118 891 1182 suis
913 1116 993 1182 haec
1015 1117 1173 1202 relegant.
1206 1116 1294 1193 Quae

100 1239 133 1280 211
160 1216 196 1281 in
224 1217 366 1302 ipsorum
394 1218 519 1283 dimitte
547 1222 758 1303 potestatem,
796 1222 829 1283 et
861 1219 981 1304 scripta
1014 1220 1234 1304 episcoporum
1262 1223 1295 1283 et

100 1342 103 1376 ι
132 1318 285 1404 episcopi,
308 1319 370 1385 hoc
392 1324 441 1385 est
462 1321 622 1385 iohannis
644 1321 899 1406 metropolitani,
929 1321 970 1385 ad
997 1343 1056 1385 nos
1079 1342 1151 1385 cum
1172 1322 1294 1386 miseri-

100 1421 134 1483 ia
155 1425 294 1504 reporta.
342 1422 420 1487 Post
446 1423 507 1487 hoe
533 1423 655 1488 factum
683 1424 788 1487 nullas
816 1445 921 1487 meras
949 1427 981 1487 te
1002 1423 1148 1488 volumus
1176 1422 1293 1488 ibidem

100 1542 148 1605 re,
181 1528 313 1608 propter
340 1525 472 1589 insidias
501 1529 532 1589 et
560 1526 751 1590 calliditates
780 1526 991 1591 inimicorum.
1043 1531 1103 1591 Per
1124 1531 1293 1591 Iohannem

100 1643 187 1688 anum
210 1632 286 1706 ejus.

522 1815 705 1919 Epistola
732 1817 785 1899 21.

168 1917 273 2031 Aviti
292 1966 449 2050 episcopi
471 1967 684 2034 Viennensis
706 1967 750 2033 ad
771 1968 999 2035 Hormisdam
1021 1986 1159 2052 papam.
1304 1979 1403 2047 (aare
1420 1995 1444 2033 a.

1328 2047 1385 2115 fin.)

100 2106 211 2154 ztaiotnr
228 2107 261 2154 de
279 2109 442 2157 remansione
458 2110 646 2171 prooiamaram
659 2109 824 2172 Dardaniae,
843 2108 944 2171 Illyrici
960 2116 986 2158 et
999 2107 1118 2173 Scythiae
1132 2111 1258 2176 petitque,

202 2197 228 2238 nt
241 2192 337 2242 certior
351 2194 400 2255 liat
417 2193 449 2241 dc
466 2208 585 2243 successa
603 2195 737 2258 Iepatienr‘s
754 2193 996 2257 Constantinopolim
1014 2196 1113 2246 marae.

175 2321 338 2387 Domino
354 2325 679 2390 sanctis'meritis
694 2325 1102 2410 praecellentissime,
1124 2327 1164 2390 in
1180 2327 1293 2392 Ohri-

268 2429 328 2489 sto
355 2427 651 2511 gloriosissime
685 2431 725 2492 et
752 2428 975 2512 apostolica
1008 2429 1100 2493 sede
1134 2429 1294 2514 dignis-

269 2528 366 2591 simo
388 2550 511 2613 papae
533 2528 768 2594 Hormisdae
790 2530 946 2594 Avitus

111 2643 193 2709 Dum
222 2645 387 2730 religionis
418 2649 517 2712 statui
547 2651 581 2713 et
606 2648 710 2734 plenis
734 2647 910 2713 catholicae
932 2650 1006 2714 fidei
1028 2651 1148 2736 regulis
1170 2654 1292 2736 perspi-

121 2748 300 2830 convenire,
324 2751 361 2812 ut
382 2771 514 2835 gregem
535 2773 593 2835 per
613 2755 683 2816 tota
698 2751 787 2816 vobis
802 2751 992 2816 universalis
1014 2751 1179 2817 Ecclesiae
1195 2776 1292 2817 mem-

112 2849 312 2912 commissum
334 2853 470 2937 pervigil
494 2875 569 2917 cura
592 2857 716 2918 vestrae
740 2853 973 2918 adhortationis
994 2853 1164 2936 informet,
1195 2853 1291 2919 Vien-

100 2969 155 3014 rem
177 2952 375 3035 provinciam
397 2955 559 3038 superiore
582 2977 683 3038 anuo,
717 2956 744 3019 si
772 2956 954 3019 meminisse
977 2955 1173 3040 dignamini,
1207 2956 1291 3020 datis

100 3052 299 3117 numilitatem
311 3055 332 3139 Ι)
360 3077 464 3120 meam
487 3057 602 3120 litteris
630 3057 802 3140 visitastis,
838 3079 919 3142 quae
947 3057 987 3120 ad
1013 3078 1081 3140 me,
1117 3058 1291 3121 secundum

100 3151 109 3216 l
129 3156 353 3238 opportunitas
375 3157 483 3222 oblata
507 3159 700 3240 contulerat,
725 3180 782 3242 per
804 3158 1003 3222 Arelatensis
1026 3158 1178 3223 ecclesiae
1202 3159 1291 3223 cleri-

100 3259 329 3341 pervenerunt,
359 3260 540 3344 etquidem
568 3258 772 3343 plenissimae
800 3259 1014 3324 sollicitudine
1042 3261 1206 3345 pastorali.
1251 3261 1291 3326 ln

100 3379 137 3420 us
158 3381 218 3422 nos
240 3359 323 3423 sicut
343 3382 399 3444 per
415 3361 687 3447 conversionem2)
710 3361 959 3446 provinciarum,
983 3361 1015 3425 id
1031 3366 1080 3426 est
1095 3362 1289 3446 Dardaniae,

100 3458 144 3522 ici
166 3461 216 3524 vel
239 3460 439 3550 Scythiae),
469 3463 508 3526 ad
533 3464 788 3528 communionem
810 3462 920 3548 gaudii
943 3464 1140 3548 provocatis,
1168 3465 1215 3529 sie
1237 3466 1291 3531 ad-

100 3699 115 3767 l)
129 3701 180 3756 Hic
197 3700 323 3770 superior
335 3700 453 3770 epistola
466 3708 497 3756 18
515 3701 552 3756 ad
570 3702 715 3772 episcopos
726 3701 803 3771 Epiri
817 3701 919 3756 veteris
935 3700 1082 3756 indicatur.
1096 3733 1129 3743 —
1141 3702 1191 3757 Ed.
1205 3708 1290 3759 hahet.

100 3785 115 3851 ⁸)
131 3784 306 3840 Hormisdam
324 3785 382 3839 voti
394 3789 552 3858 compotem
564 3787 689 3842 fecerunt
706 3802 762 3840 non
773 3787 857 3841 medo
869 3786 1056 3857 Nicopolitani
1069 3803 1118 3841 seu
1129 3788 1290 3859 provinciae

100 3866 105 3918 i
121 3870 252 3940 episcopi,
271 3871 320 3925 sed
332 3872 361 3925 et
372 3870 508 3925 Dardani:
527 3871 663 3941 siqnidem
682 3872 792 3926 chartas
811 3889 844 3926 ac
861 3872 1077 3942 subscriptiones
1091 3889 1200 3940 eorum,
1220 3877 1250 3927 ut
1262 3874 1290 3927 in

100 3953 142 4009 olo
158 3962 190 4009 22
208 3974 233 4009 n.
254 3962 270 4009 5
288 3955 371 4009 visuri
389 3973 495 4023 sumus,
518 3959 584 4011 anto
602 3973 723 4011 mensem
741 3955 923 4040 Februarium
941 3957 1006 4012 anni
1024 3963 1073 4012 oli
1091 3974 1177 4026 penca
1195 3975 1224 4011 se
1243 3957 1289 4012 ha·

100 4038 121 4090 t.

100 4123 114 4191 ¹)
130 4125 169 4179 Ex
187 4142 228 4193 eo,
247 4125 322 4195 quod
340 4126 437 4180 Avitus
454 4144 510 4181 non
528 4128 683 4196 generatim
701 4134 738 4182 aet
753 4148 811 4189 nor,
829 4127 878 4181 sed
895 4126 1061 4182 nominatim
1078 4132 1115 4181 ad
1130 4131 1290 4182 numilitatem

100 4227 105 4259 ι
120 4210 200 4278 dicat,
219 4211 349 4280 colligere
363 4214 413 4279 est,
426 4212 560 4282 epistolae
573 4219 588 4266 9
607 4212 763 4283 exemplum
780 4211 895 4283 proprio
907 4210 994 4282 ipsius
1005 4211 1117 4266 nomine
1126 4210 1289 4282 inscriptum

100 4296 333 4367 supervenisse,
356 4297 482 4366 adeoque
504 4297 650 4366 epistolam
673 4298 750 4353 illam
772 4314 806 4352 ex
828 4296 861 4350 iia
878 4296 974 4364 fnisse,
998 4313 1071 4365 qnae
1089 4318 1106 4350 a
1126 4304 1188 4365 part
1204 4298 1289 4367 vulgo

200 4400 223 4436 r.
1058 4431 1061 4439 .

100 4384 204 4531 :lpgllbll
222 4475 444 4521 conversationem.
484 4467 597 4521 Rectius
618 4467 690 4522 aliae
712 4473 911 4534 conomioncrn,
933 4465 1039 4521 scilieet
1056 4484 1074 4522 a
1090 4467 1237 4523 schismate
1260 4470 1291 4523 ct

123 4552 147 4605 A

100 4563 275 4703 lltbacgirm.
319 4639 352 4693 G*
371 4641 397 4693 a¹
423 4642 554 4709 Sqniciae,
579 4637 656 4706 cujus
680 4637 754 4692 vocis
780 4638 842 4692 loco
864 4638 965 4692 Baron.
989 4604 1133 4691 substituit
1154 4642 1286 4693 Thraciae.

100 4720 178 4788 lusrii
196 4722 299 4794 quippe
321 4740 373 4793 pro
397 4724 506 4778 diversa
524 4722 687 4776 dictantium
705 4722 932 4792 pronuntiatione
950 4722 1033 4777 mode
1052 4727 1185 4791 Scythiae,
1203 4723 1288 4778 ruodo

100 4811 152 4875 iae,
172 4807 253 4874 alias,
272 4810 303 4861 ut
321 4809 399 4878 eprist.
419 4814 451 4862 26
468 4827 495 4862 n.
514 4816 530 4863 ·3
548 4808 693 4878 probaturi
712 4826 817 4876 sumus,
836 4813 934 4863 Saietae
952 4807 1110 4862 nominibus
1129 4825 1289 4879 repraesen-

100 4895 122 4948 rt.
