3224 5506
187 326 247 391 tta
663 339 690 386 s.
707 336 830 385 umam
853 335 966 383 11111

184 503 296 559 Leontii
315 503 507 569 moderantia,
535 499 696 556 deensibus
717 503 819 555 contra
844 498 896 570 fas
922 501 1101 570 episcopum,
1130 500 1243 555 etiamsi
1263 503 1307 554 ast
1334 501 1412 554 uerit

184 587 280 660 inquit.
297 604 354 643 nou
370 588 494 642 timuerit
509 600 695 641 consecrare.
724 581 771 638 Ubi
784 581 926 638 observare
942 581 1015 644 libet,
1032 583 1071 638 uti
1087 591 1114 639 et
1129 582 1157 638 in
1173 589 1231 639 tota
1245 581 1370 656 epistola,
1383 582 1412 640 nil

184 671 217 728 de
239 672 263 726 vi
285 668 432 727 deensibus
454 669 539 733 iliata,
567 669 632 725 nihil
655 668 688 724 de
709 675 839 742 occupata
860 667 951 724 hostili
972 684 1047 728 more
1074 668 1182 723 civitate
1203 669 1281 741 queri
1301 665 1412 742 praedia

183 754 281 830 synodi
296 762 395 829 patres.
434 754 523 810 Solam
539 753 668 810 Mamerto
690 751 820 824 objiciunt
841 750 973 826 praesulis
992 751 1063 809 baud
1079 750 1188 826 quidem
1203 751 1308 827 indigni
1324 760 1412 809 tanto:

183 840 267 914 stigio
288 839 336 895 sed
353 838 423 911 juris
445 838 523 895 alieni
539 838 742 901 ordinationem,
766 854 843 912 quam
866 837 937 893 sorte
951 835 997 893 ilie
1013 835 1153 894 obfirmato
1168 838 1257 894 animo
1272 835 1412 895 eontandd

183 925 308 999 dignitati
323 941 387 981 suae
402 941 434 980 er
457 925 568 998 antiquo
588 923 716 980 adnexam
731 922 805 979 nulia
818 922 895 978 avelli
915 923 1109 979 constitutione
1124 923 1257 997 potuisse.
1288 921 1368 979 Certe
1380 920 1412 979 iii

183 1027 229 1065 rus
245 1017 335 1065 notam
350 1011 401 1083 ipsi
416 1009 505 1065 solum
521 1010 646 1083 impingit
667 1008 808 1082 superbiae
824 1016 852 1064 et
866 1006 1045 1063 rebellionis
1069 1008 1121 1064 Cui
1135 1025 1261 1081 renquarn
1274 1006 1395 1080 profuit,
1408 1008 1412 1063 l

183 1096 251 1168 quit,
267 1109 346 1150 mens
360 1096 483 1165 rebellis,
506 1101 557 1151 aut
572 1110 655 1168 quern
676 1095 831 1166 superbiae
850 1109 906 1149 non
928 1095 1078 1150 inclinavit
1098 1094 1207 1153 elatioi.
1240 1090 1275 1148 iit
1295 1090 1412 1166 quibusd

183 1177 346 1249 interjectis:
362 1180 485 1236 Factum
499 1182 566 1252 ejus
581 1184 757 1237 conuenerat
772 1181 814 1234 sic
829 1180 942 1248 resolui,
966 1183 996 1234 ut
1009 1178 1104 1250 juata
1125 1194 1232 1248 eorum,
1256 1193 1334 1251 quae
1346 1190 1412 1250 perp

184 1271 263 1320 trata
278 1270 353 1334 sunt,
370 1264 537 1337 qualitatem
553 1281 609 1321 non
625 1268 686 1320 unc
695 1266 822 1336 jactura
835 1267 951 1335 proprii
964 1264 1073 1319 ordinis
1087 1266 1172 1320 etiam
1186 1263 1267 1319 itluur
1281 1281 1302 1318 a
1315 1278 1412 1319 saccea

184 1350 236 1405 tali
256 1353 399 1406 consortio
421 1351 582 1407 submoueri
603 1355 747 1419 cerneret,
771 1363 853 1422 quern
873 1351 984 1404 crearit
998 1348 1129 1405 indebite.
1154 1346 1213 1404 iam
1228 1363 1313 1421 quum
1327 1346 1412 1422 episto

185 1432 255 1489 uude
266 1433 502 1508 iraeeeoiiigimus‚
519 1431 1119 1506 1511111111114641111111.11111111,
1137 1430 1412 1489 utiittemeillaeaorit

184 1535 276 1576 mense
288 1518 406 1582 ineunte,
419 1518 461 1575 vei
471 1519 715 1575 eneuntelanuario
726 1519 842 1591 scriptae
855 1515 1411 1592 [111111111111111111111111111111

783 1645 838 1711 VI.

183 1776 211 1811 a.
228 1754 290 1813 464
306 1763 373 1812 ante
388 1757 415 1812 d.
433 1754 472 1812 25
489 1756 575 1813 Febr,
606 1756 635 1813 S.
652 1757 752 1813 Hilari
763 1771 862 1827 popae
878 1757 917 1811 od
931 1755 1073 1812 Veronam
1088 1757 1124 1812 de
1135 1748 1334 1814 ¹conveniendo
1348 1755 1412 1814 sili

335 1847 424 1898 merto
439 1843 588 1915 delegatio.

268 1942 369 1999 Eodem
385 1951 507 2016 tempore
523 1942 628 1998 Hilarus
644 1941 791 2014 scriptaad
807 1941 939 1997 Veranurn
954 1943 1111 2017 episcopum
1126 1941 1267 2017 dirigebat,
1291 1941 1385 2017 qulbus
1398 1943 1412 1998 1

182 2026 365 2090 demandabat,
390 2035 420 2083 ut
435 2027 591 2084 biamertum
607 2044 647 2086 ex
661 2043 714 2084 suo
730 2029 909 2101 delegatione
924 2026 1017 2090 adiret,
1040 2027 1105 2101 quid
1120 2026 1171 2084 sibi
1185 2044 1200 2084 a
1215 2027 1323 2102 synodo
1337 2027 1402 2084 relat

182 2112 279 2169 luisset
300 2112 522 2169 denuntiaturus:
552 2129 613 2169 eum
641 2110 765 2167 videlicet
791 2110 922 2177 ordinato'
942 2111 1036 2168 beensi
1059 2113 1187 2187 episeopo
1216 2122 1318 2170 temere
1338 2110 1412 2169 riola

183 2197 256 2271 quod
271 2195 326 2253 Leo
344 2195 493 2259 definierat,
517 2205 600 2271 utque
616 2214 630 2253 a
645 2197 749 2270 coeptis
764 2195 895 2252 desistere
912 2196 992 2253 veliet
1008 2194 1137 2271 firmaque
1164 2197 1335 2272 professione
1350 2203 1412 2255 test.

183 2298 214 2339 se
228 2284 366 2353 deinceps
382 2283 518 2354 periculo
537 2284 645 2339 ordinis
660 2285 706 2339 sui
719 2297 833 2354 semper
847 2287 1085 2362 consecuturam
1100 2285 1278 2355 apostoticae
1293 2284 1368 2340 sedis
1378 2283 1412 2341 d«

182 2370 324 2436 uitionem,
348 2368 390 2424 sin
405 2367 501 2430 minus,
519 2369 559 2423 ad
573 2367 771 2423 Arelatensern
787 2369 937 2424 ecclesium
954 2369 1068 2424 easdem
1083 2373 1210 2441 quanm
1225 2371 1363 2439 ciuitates,
1378 2385 1412 2442 pa

183 2469 246 2507 rum
262 2469 318 2509 non
331 2451 438 2523 fuisset
454 2452 633 2508 ordinatione
648 2459 807 2522 contentus,
825 2468 885 2507 esse
899 2451 1062 2509 revocandas
1078 2452 1141 2524 (ilii.
1158 2469 1200 2527 ep.
1220 2451 1351 2525 10115).
1379 2450 1412 2509 11

183 2536 282 2609 scripta
297 2536 427 2592 hactenus
442 2534 638 2605 desiderantur.
669 2535 737 2604 Quid
759 2553 822 2592 vero
842 2535 904 2593 inde
919 2545 1042 2593 secutum
1057 2538 1101 2601 sit,
1122 2554 1235 2612 prorsus
1251 2536 1327 2595 latet
1355 2535 1412 2594 Sed

184 2627 274 2675 utrum
289 2637 382 2677 revera
397 2622 547 2693 peccaverit
562 2619 715 2685 hinnientes,
732 2637 764 2676 an
781 2623 853 2695 vagis
870 2621 998 2695 falsisque
1009 2621 1223 2679 recusationibus
1238 2621 1369 2696 deceptus
1379 2619 1411 2677 tl

182 2721 230 2760 rus
245 2712 367 2761 sanetum
383 2705 468 2760 virum
483 2706 519 2761 ita
535 2705 602 2762 orale
618 2704 748 2766 habuerit,
770 2707 901 2763 incertum
918 2715 945 2762 et
960 2705 1047 2762 adbuc
1061 2705 1216 2777 subjudice
1231 2706 1265 2763 lis
1280 2715 1331 2765 est.
1358 2705 1412 2763 rie·

183 2789 254 2845 enirn
271 2790 337 2846 tanti
353 2797 394 2846 est
409 2789 536 2864 ponderis
551 2791 649 2864 synodi
664 2808 677 2847 a
693 2789 808 2847 Leontio
823 2791 937 2848 indictae
957 2799 985 2847 et
999 2798 1182 2866 congregatae
1196 2793 1353 2855 auctoritas,
1372 2805 1412 2849 cu

120 2910 123 2917 1
182 2873 328 2947 plerosque
343 2883 432 2948 patres
448 2872 553 2932 Leontii
574 2875 757 2950 suffraganeos
778 2877 805 2931 in
826 2876 1014 2951 metropolitae
1031 2878 1191 2933 sententiam
1213 2876 1362 2933 concedere
1375 2883 1412 2932 et

182 2957 241 3030 ejus
262 2958 401 3015 arbitrium
423 2968 504 3033 atque
524 2961 690 3017 voluntatem
711 2962 881 3017 eorriormara
904 2978 934 3017 se
954 2962 1087 3035 potuisse,
1108 2978 1172 3017 vero
1192 2977 1243 3019 nec
1265 2960 1385 3019 absimile

182 3045 273 3117 iniqua
287 3052 330 3100 est
344 3045 472 3118 suspicio.

776 3139 849 3203 VH.

183 3204 489 3305 1111463111464.
525 3232 650 3323 Ingenui
665 3250 881 3306 Ebredunensis
896 3252 1025 3322 episcopi
1039 3251 1078 3307 ad
1096 3266 1119 3306 s.
1137 3250 1276 3307 Hilarum
1291 3266 1412 3324 papan

334 3337 525 3405 usurpatione
539 3335 664 3406 quadam
679 3336 810 3391 Ausonii
823 3336 958 3406 episcopi.
983 3378 988 3390 .

268 3435 380 3490 Auranii
396 3436 538 3508 deprensis,
560 3443 590 3491 ut
605 3443 709 3510 putant,
725 3436 853 3509 episcopi,
877 3451 982 3491 eausam
998 3434 1049 3492 sibi
1070 3435 1141 3492 haud
1157 3435 1242 3494 multo
1258 3445 1322 3512 post
1336 3434 1412 3493 aaut

183 3519 289 3575 iiilarus
305 3518 407 3575 facilius
428 3519 572 3593 expedivit.
609 3520 657 3577 lile
678 3521 818 3578 amasione
840 3519 1010 3576 hauddubie
1031 3520 1089 3592 ejus
1110 3520 1263 3595 legationis,
1286 3537 1364 3596 quam
1377 3533 1412 3576 u

182 3602 243 3661 462
259 3620 321 3660 cum
342 3602 440 3660 Fausto
456 3603 582 3679 Regiensi
604 3607 732 3679 episcopo
748 3604 859 3668 obierat,
881 3614 912 3661 ut
932 3622 1013 3679 supra
1035 3606 1202 3662 meminimus
1217 3605 1266 3680 (11.
1282 3605 1334 3663 iiii.
1350 3622 1395 3680 ep.

183 3688 312 3762 quaedam
333 3686 365 3744 ab
385 3688 475 3745 llilaro
496 3691 523 3746 in
535 3689 743 3747 .Ebredunensis
766 3690 894 3747 ecelesiae
914 3689 1108 3764 praejudicium
1126 3690 1308 3767 subripuerat,
1334 3703 1412 3767 quae

182 3771 357 3848 synodalibus
372 3775 480 3830 statutis
497 3773 528 3830 ab
544 3775 692 3850 apostoliea
707 3775 772 3832 sede
787 3773 898 3831 firmatis
913 3784 1005 3849 aperte
1020 3777 1153 3832 contraria
1169 3774 1336 3834 ridebantur.
1363 3774 1412 3831 Pu

182 3943 274 4000 iibeiio
290 3950 317 3998 et
332 3941 458 4000 subnexis
475 3961 558 4019 quum
565 3945 661 4002 Verani
677 3954 704 4001 et
718 3947 855 4002 sociorum
870 3946 1059 4019 episcoporum
1076 3945 1140 4002 olim
1160 3945 1192 4002 ad
1206 3946 1275 4003 bano
1289 3961 1399 4003 musam

183 4026 365 4103 gnoseendam
386 4027 469 4085 Leoui
491 4029 679 4104 delegatorum
700 4029 876 4087 relationibus
898 4039 954 4087 tum
974 4031 1060 4104 ipsius
1080 4028 1178 4114 Leonis
1199 4031 1386 4107 responsione,

69 4109 73 4117 '
182 4113 310 4171 eeclesiae
330 4127 394 4170 suae
416 4116 543 4171 acerrime
564 4114 733 4171 defendebat.
764 4115 832 4184 Quid
854 4124 911 4172 tum
926 4132 1028 4189 aequus
1042 4114 1184 4189 pontiiesi
1215 4113 1412 4174 deensibus

135 4258 143 4283 ι
178 4198 281 4271 judicio
303 4199 442 4255 recensitis
463 4199 490 4254 id
511 4199 599 4255 valere
620 4199 716 4264 noluit,
739 4200 812 4274 quod
832 4220 847 4256 a
867 4217 896 4256 se
916 4216 965 4274 per
986 4199 1172 4274 obreptionem
1192 4209 1220 4257 et
1240 4202 1412 4259 sonuertnt

182 4283 319 4359 synodalia
339 4301 369 4340 ac
390 4282 541 4341 decessoris
563 4286 606 4341 sui
625 4282 796 4341 definitiones
812 4285 929 4342 elicitum
951 4283 1065 4347 ridebat,
1085 4283 1203 4359 ideoque
1223 4285 1305 4358 liuius
1325 4293 1412 4360 querc

183 4369 366 4442 cognitionem
386 4367 504 4431 Verane,
525 4367 639 4426 Leontio
661 4377 689 4426 et
709 4370 819 4426 Victuro
841 4371 974 4445 episeopis
997 4369 1164 4426 demandavit
1193 4368 1240 4442 (ci.
1257 4370 1311 4429 iiii.
1327 4362 1412 4446 apli

183 4452 257 4509 Unde
272 4452 352 4508 simui
367 4453 444 4509 iarile
459 4453 607 4528 colligitur,
623 4453 657 4511 de
668 4454 816 4512 Cemeiensi
831 4454 972 4512 etNieensi
988 4454 1107 4512 ecclesiis
1117 4453 1149 4510 ab
1161 4456 1283 4514 buxaoio
1295 4457 1412 4524 intereat

182 4544 362 4610 conquestum
377 4536 462 4595 luisse
476 4537 636 4613 ingenuum,
658 4538 706 4595 sed
727 4557 775 4596 nec
790 4542 878 4614 ipsum
895 4541 966 4596 omni
981 4556 1094 4614 prorsus
1110 4539 1190 4615 eulpa
1204 4557 1312 4599 vacasse
1327 4539 1412 4599 amia

183 4623 210 4678 in
226 4637 317 4678 earum
332 4621 415 4679 altera
430 4624 558 4698 episcopo
573 4622 783 4699 praeterLeonis
798 4625 946 4688 decretum,
963 4642 1017 4699 quo
1029 4633 1170 4700 utramque
1181 4625 1324 4684 eeclesiam
1334 4624 1412 4683 subu

183 4706 303 4764 antistite
317 4707 463 4781 regendam
484 4709 670 4766 constituerat.
709 4709 756 4766 Ubi
776 4711 846 4767 enim
861 4709 968 4767 liilarus
989 4717 1072 4768 totam
1094 4711 1162 4768 banc
1176 4712 1397 4774 eouuorerstrm.

184 4790 264 4848 niodo
279 4793 494 4865 perstrinximus,
518 4795 651 4867 exposuit,
673 4797 761 4851 statim
778 4795 910 4851 deceruit:
935 4804 965 4852 ut
979 4797 1086 4853 babeat
1103 4799 1285 4869 pontificiam
1305 4797 1412 4873 Inponit

181 4879 349 4949 prouinciae
363 4893 444 4950 suae,
467 4880 503 4936 de
515 4882 602 4954 cujus
616 4881 729 4950 dudum,
745 4881 842 4955 inquit,
855 4882 892 4938 ab
907 4883 1066 4955 apostolica
1078 4883 1145 4939 sade
1156 4887 1200 4938 est
1209 4864 1314 4941 illicita
1325 4883 1412 4943 cattia
