3224 5506
507 297 708 345 rancrnrus
731 298 763 344 v.
1207 282 1271 348 579

109 449 197 533 ituris,
220 451 332 512 contra
355 450 445 532 eujus
467 449 611 513 ordinem
633 450 835 532 tendebatur,
860 451 1007 532 offendit3
1031 455 1063 515 et
1085 451 1159 514 dum
1176 452 1270 515 abeo

109 555 287 633 ecessatur,
316 573 379 636 quo
405 551 472 614 solo
493 553 700 635 proficeretur
723 552 762 615 ad
785 554 899 616 summi
929 553 1005 616 boni
1033 576 1173 636 perenne
1197 576 1270 617 con-

110 673 154 736 111,
184 657 429 738 consequenter,
463 654 516 738 qui
550 655 590 717 ad
618 654 687 737 ejus
716 654 864 718 stabilem
893 656 1175 739 participationem
1201 678 1270 741 per-

109 776 199 820 111011
221 760 340 839 posset,
364 755 506 818 defectus
523 757 668 838 accessit,
693 757 777 820 sieut
792 761 956 821 creaturae
978 757 1146 821 rationalis
1161 758 1270 821 usibus

109 857 209 920 nebat.
255 857 329 922 Non
352 857 484 941 angelos
513 858 552 921 ad
582 857 762 942 profectum
785 859 929 923 conditos
952 859 1180 943 promerendae
1207 863 1271 923 sta-

109 959 138 1022 is
172 962 321 1023 aeternae
354 959 410 1022 illa
443 981 493 1023 res
521 960 659 1041 indicat,
694 961 844 1045 quoniam
867 963 893 1025 si
916 963 962 1026 sie
984 963 1062 1026 facti
1086 964 1210 1042 essent,
1234 964 1272 1024 ut

109 1083 136 1125 us
158 1061 239 1125 nihil
263 1064 406 1144 egerent,
436 1062 525 1125 nulla
551 1085 625 1146 pars
649 1083 757 1126 eornm
780 1063 878 1127 ullmn
900 1065 1058 1147 potuisset
1079 1063 1198 1126 habere
1220 1062 1269 1125 de·

109 1186 134 1226 u.
179 1162 253 1227 Non
282 1164 367 1227 eninr
395 1165 429 1227 iu
457 1165 502 1228 eis
530 1164 688 1228 diversam
716 1170 866 1230 naturam
894 1165 991 1228 fuisse
1019 1165 1188 1229 dicendum
1211 1167 1270 1245 est,

109 1265 197 1348 equi
220 1266 349 1349 propria
372 1266 536 1330 voluntate
558 1266 726 1350 prolapsus
749 1271 798 1331 est
814 1268 947 1352 angelus
964 1269 1141 1348 excusetur,
1166 1266 1192 1328 si
1212 1265 1271 1328 hoc

109 1389 139 1430 rn
161 1389 237 1430 suae
259 1369 478 1451 protervitatis
499 1369 637 1452 ingessit
660 1369 837 1452 arbitrium,
867 1370 921 1434 sed
945 1370 1118 1433 necessitas
1141 1367 1201 1430 sibi
1225 1368 1272 1429 in-

116 1468 307 1532 conditionis
329 1470 516 1553 imposuisse
539 1471 693 1534 videatur.
740 1470 833 1535 Unde
859 1494 935 1556 ergo
958 1471 1045 1535 beati
1068 1474 1100 1534 et
1122 1470 1272 1533 sublimes

109 1571 115 1633 i
137 1571 175 1634 de
198 1571 357 1654 perceptis
380 1573 476 1655 grati,
501 1574 573 1655 piac
590 1573 768 1636 elevationis
791 1573 907 1656 officie,
932 1577 966 1636 et
986 1595 1052 1636 non
1076 1573 1195 1655 seipsos
1218 1570 1272 1634 sed

109 1696 112 1732 1
136 1673 197 1756 ipsi
225 1673 437 1757 praeferendo
464 1676 692 1738 convenienter
718 1679 890 1757 auctorem,
921 1675 960 1737 ad
988 1675 1057 1757 ejus
1079 1673 1272 1758 perpetuita-

109 1775 244 1863 rrofieere
267 1776 460 1860 provehique
483 1779 683 1840 meruerunt:
712 1777 786 1841 inde
809 1777 863 1840 isti
886 1777 938 1860 qui
962 1775 1089 1859 reprobi
1111 1778 1203 1857 sunt,
1235 1774 1273 1837 de

109 1877 161 1959 rtis
184 1882 416 1961 consequenter
437 1879 570 1962 ingrati,
595 1879 799 1962 debitumque
822 1877 1060 1941 dissimulantes
1075 1877 1271 1961 obsequium,

123 1979 207 2061 ipsos
234 1980 355 2063 magis,
386 2003 480 2064 quam
509 1982 563 2064 qui
586 1984 698 2044 tantae
726 1981 895 2064 dignitatis
924 1979 1137 2043 substantiam
1168 1978 1273 2041 condi·

130 2081 291 2164 praeferre
314 2082 492 2163 molientem,
524 2086 556 2145 et
583 2082 794 2145 delectatione
823 2104 899 2145 suae
928 2081 1098 2144 creationis
1126 2080 1226 2143 illecti
1254 2101 1282 2141 a·

109 2183 163 2246 iris
178 2182 299 2246 honore
322 2182 484 2265 cessandO,
509 2187 631 2267 quanto
647 2187 836 2267 arroganter
851 2183 937 2265 elati,
961 2186 1054 2246 tanto
1070 2181 1273 2245 aeternitatis

109 2285 228 2348 rdinem
263 2307 320 2369 per
349 2285 590 2349 irreverentiam
622 2308 687 2349 non
715 2286 891 2369 sequendo,
927 2285 967 2348 ab
995 2285 1063 2368 ejus
1092 2285 1214 2368 pariter
1242 2287 1275 2346 et

109 2386 239 2472 tione²¹⁵)
269 2389 301 2449 et
323 2386 570 2470 participatione
599 2389 729 2450 retracti
753 2393 838 2470 sunt,
870 2391 901 2451 et
925 2387 965 2450 ab
989 2408 1025 2450 eo
1048 2387 1130 2470 quod
1160 2386 1273 2469 sempi-

109 2511 133 2550 m
155 2493 205 2552 est
227 2489 422 2572 recedentes,
447 2490 480 2551 in
496 2490 529 2552 id
553 2490 634 2573 quod
656 2511 781 2572 semper
802 2489 909 2553 deficit
932 2492 1008 2552 sunt
1029 2487 1167 2551 reducti:
1191 2486 1273 2571 quod

109 2593 189 2653 ante
212 2589 281 2654 Deo
303 2594 412 2653 nostro
435 2590 560 2674 plenius
583 2591 662 2655 alias
686 2592 873 2655 confidimus
896 2590 1141 2674 exsequendum.

109 2699 121 2754 ἰ.
159 2690 254 2756 Nunc
276 2692 407 2755 interim
429 2696 583 2776 quantum
605 2693 768 2776 praesenti
796 2694 927 2777 negotio
950 2692 1086 2773 sufficit,
1116 2690 1196 2754 haee
1219 2690 1274 2753 illa

126 2796 187 2875 est,
223 2792 283 2856 hoc
310 2794 388 2856 illud
416 2795 551 2878 malum,
590 2817 647 2879 per
677 2794 760 2878 quod
788 2795 885 2858 etiarn
913 2795 982 2858 sine
1011 2793 1088 2856 vitio
1118 2792 1274 2876 corporali

109 2917 143 2957 m
165 2895 324 2978 spirituali
346 2896 559 2960 fornicatione
587 2900 692 2959 motus
716 2896 849 2980 angelus
878 2919 897 2958 a
920 2895 1028 2958 divina
1051 2916 1114 2978 qua
1135 2894 1274 2957 illustra-

130 2997 235 3081 gratia
263 3000 296 3060 et
323 2997 570 3081 participatione
601 2997 748 3081 delapsus
776 3001 838 3061 est:
877 3018 975 3083 eoqnc
1008 2994 1101 3058 modo
1135 2996 1276 3078 degener

109 3120 113 3158 1
121 3147 129 3181 ,
162 3120 199 3161 ac
229 3099 267 3161 de
290 3098 419 3161 coelesti
447 3100 520 3162 sede
542 3122 600 3184 pro
622 3099 683 3163 hac
706 3122 763 3162 sna
785 3099 1018 3162 decoloratione
1041 3097 1197 3177 seclusus,
1228 3119 1274 3159 sc·

109 3221 130 3263 re
157 3200 349 3263 conditionis
377 3201 552 3284 imaginem
580 3202 640 3264 Dei
668 3223 725 3285 per
753 3201 905 3263 invidiam
934 3198 1115 3261 flammatus
1149 3199 1273 3279 evertit,

109 3323 122 3363 n
142 3302 280 3365 motibus
304 3302 496 3386 aggrediens
519 3302 553 3366 in
577 3304 747 3366 securitate
770 3301 956 3386 degentem,
986 3301 1100 3384 quibus
1130 3299 1168 3362 de
1192 3321 1275 3362 sum-

109 3488 157 3543 1111
173 3489 296 3557 vulgatis
314 3495 499 3555 instauratione,
519 3489 593 3556 qnod
612 3488 716 3542 Gelasii
733 3487 820 3542 menti
838 3488 936 3557 aperte
955 3486 1126 3541 adversatur.
1156 3486 1192 3539 Et
1209 3503 1275 3540 vero

109 3578 250 3640 ripuariom'a
268 3590 365 3627 vocem
382 3573 437 3642 ipsi
454 3573 620 3627 familiarem
639 3589 694 3626 non
712 3573 841 3642 negabit,
863 3572 910 3641 qui
929 3589 1001 3625 unm.
1021 3578 1037 3624 9
1053 3591 1104 3639 per
1122 3578 1277 3639 dipuatiom'r

109 3671 226 3723 vipereum,
245 3677 272 3711 n.
290 3665 319 3711 15
336 3664 469 3726 particeps
487 3663 586 3711 diuimec
606 3664 760 3727 aliquotienis
772 3663 890 3726 effectus,
910 3660 1026 3711 etn.17
1044 3661 1118 3724 cujus
1136 3655 1203 3723 (scil.
1217 3678 1276 3709 sna·

109 3743 119 3807 1
135 3749 278 3811 (tipnatione
296 3749 429 3810 per-errati
445 3742 552 3810 legerit.
586 3742 658 3806 Quid
677 3760 741 3796 vero
760 3742 813 3795 sibi
831 3743 910 3808 velit,
929 3740 1095 3809 intelligitur
1114 3758 1146 3794 ex
1161 3758 1276 3795 numero

109 3826 181 3894 reati,
199 3827 248 3880 ubi
267 3827 368 3881 dicitnr
386 3835 489 3896 capetus
507 3849 522 3879 a
541 3833 637 3894 (ticina,
658 3849 706 3897 qua
725 3832 912 3889 illustrabatur,
931 3832 1017 3895 pratia
1036 3837 1060 3879 et
1077 3831 1277 3894 participatione

109 3923 191 3965 11111.
223 3911 367 3976 Quaedam
388 3911 460 3964 enim
483 3911 522 3964 ibi
544 3915 586 3965 est
607 3913 690 3981 hujus
712 3912 798 3982 ipsius
817 3911 972 3965 sententiae
991 3911 1129 3979 repetitio
1165 3909 1277 3978 Angeli·

109 3994 202 4065 lapsum
226 3997 317 4051 eidem
340 4013 449 4065 quoqne
472 4014 570 4050 causae
593 3997 763 4066 Augustinus
786 3995 922 4051 attribuit.
965 3994 1098 4059 Quocirca
1120 3994 1218 4048 Genea.
1241 3993 1277 4048 ad

126 4086 151 4134 11
170 4100 190 4136 c.
207 4088 238 4135 14
257 4081 377 4150 quaerit:
408 4086 495 4136 Utrum
514 4087 545 4135 ab
567 4088 638 4137 initio
662 4088 741 4151 ipsius
758 4087 842 4135 mundi
859 4102 905 4134 saa
927 4088 1055 4148 potestate
1077 4086 1215 4133 delectatus
1233 4083 1276 4130 atr-

109 4166 187 4232 facil.
208 4169 335 4234 diabotus)
354 4170 384 4219 ab
403 4172 446 4219 itta
464 4172 585 4221 societate
603 4180 628 4220 et
646 4173 768 4234 caritate,
788 4189 837 4236 qua
854 4171 924 4219 beati
939 4175 996 4217 sunt
1015 4170 1110 4231 aupcli,
1130 4169 1173 4231 qui
1187 4167 1277 4228 fruren-

109 4266 141 4310 to.
158 4272 189 4305 aa
207 4258 293 4321 aliquo
313 4263 425 4318 tempore
443 4258 468 4304 iu
486 4265 574 4306 sarecto
593 4264 665 4307 coctu
682 4255 764 4319 fecerit
782 4260 938 4319 anpctorum,
957 4254 1031 4302 etiam
1048 4253 1103 4315 ipse
1119 4253 1221 4315 pariter
1233 4252 1277 4312 ju·

109 4341 223 4402 tpaim
246 4340 352 4389 benun?
388 4335 640 4405 Quaestionemqne
659 4355 681 4391 c.
701 4344 734 4391 23
752 4335 872 4391 absolvit
894 4334 936 4387 his
956 4331 1059 4386 verbis:
1087 4336 1277 4385 1111111101ιί-

109 4430 209 4476 raruce
233 4426 349 4475 veritatis
367 4429 470 4481 avertit,
494 4427 613 4491 superbia
638 4428 743 4476 rancidus
761 4434 786 4474 et
807 4426 932 4489 propriae
952 4423 1089 4487 potestatis
1111 4422 1278 4470 delectatione

109 4513 163 4564 dus,¹
183 4512 249 4560 uude
272 4509 362 4558 beatae
385 4518 461 4576 atque
485 4514 614 4575 angelicae
638 4517 703 4560 ottae
726 4510 904 4560 beatitudinem
922 4524 971 4559 non
987 4508 1109 4572 prestabit,
1134 4522 1206 4571 qrram
1229 4521 1278 4554 aon

121 4604 241 4661 acceptam
258 4596 402 4658 fastidivit,
421 4598 470 4645 sed
487 4599 593 4646 notendo
612 4598 729 4660 accipere
748 4597 861 4645 deseruit
879 4602 904 4643 et
916 4594 998 4641 (11111111
1060 4591 1108 4641 Ille
1126 4598 1208 4640 autem
1220 4606 1279 4639 coa·

112 4674 191 4742 turpius
209 4687 393 4745 cousequenter
416 4689 440 4729 et
463 4688 543 4730 tuente
562 4697 664 4739 caecus,
688 4698 736 4731 nau
759 4697 792 4730 erc
816 4697 845 4730 eo
868 4680 937 4744 quod
953 4685 1090 4741 acceparat
1108 4677 1210 4730 cecidit.
1233 4676 1281 4723 sed

121 4767 181 4824 quod
197 4767 339 4829 acciperet,
358 4768 381 4814 si
397 4765 472 4815 errbdr'
489 4767 544 4814 Deo
562 4769 681 4816 voluisset
754 4767 907 4830 Factrunque
926 4766 951 4812 iu
969 4764 1011 4813 illo
1024 4768 1062 4811 cst
1079 4762 1193 4825 pondere
1206 4761 1278 4806 rneri-

109 4875 114 4897 ‚
131 4855 154 4896 ut
169 4867 214 4901 nec
227 4852 348 4913 ,factitiae
364 4854 448 4916 possit
464 4853 554 4900 lauriae
573 4852 709 4915 delectari,
727 4867 773 4901 nee
791 4851 823 4900 ab
841 4851 898 4914 cJ'uc
915 4848 1041 4898 sententia
1058 4846 1172 4900 liberari.

1013 4933 1078 4996 37*
