3204 5506
403 378 573 427 sersaoni
597 367 647 426 43.
891 354 897 361 ’
1072 362 1137 465 tlt

100 529 1239 624 mewmmmmmmmmmw5

100 658 114 697 ν
141 635 178 699 ol
196 633 239 699 οὐ
333 631 417 719 πρὸς
438 629 476 698 τὸ
528 638 564 698 ut
587 635 833 698 christianitatis
860 657 979 700 nomen
1007 638 1040 700 et
1069 657 1137 700 rem
1148 605 1241 655 *²⁹⁶¹

100 740 170 801 ίσαι
207 741 269 801 τοῦ
291 754 476 821 χριστιανι-
527 736 672 800 funditus
709 736 933 801 destruerent?
990 736 1137 814 Quantae

100 837 192 924 ἷνομα
205 837 474 924 καίτόπρᾶγμα;
527 860 603 922 opes
637 839 809 903 distractae
842 843 944 921 sunt„
971 840 1046 904 dum
1083 840 1136 904 ad-

100 966 136 1007 ra
166 939 230 1026 οὐχ
261 939 476 1025 statutaque
527 942 683 1026 versus¹⁰)
733 940 896 1006 Christum
939 942 1137 1007 rebellatur?

229 1042 270 1109 τὰ
303 1050 364 1110 τοῦ
392 1050 475 1126 Χρι-
527 1042 612 1118 Quot
639 1044 738 1127 gladii
768 1044 966 1128 consumpti,
999 1044 1075 1108 dum
1101 1045 1136 1111 in

100 1146 319 1231 ομοί(χαιραι)
343 1144 384 1231 οὐ
407 1148 476 1211 διε·
528 1146 748 1209 excruciandis
776 1146 896 1210 sanctis
925 1146 1176 1229 errercenturll¹

100 1249 131 1314 ἔν
157 1248 319 1332 βασάνοις
346 1248 476 1333 peperi-
527 1247 612 1323 Quot
633 1248 758 1312 exacuti
791 1270 958 1313 mucrones
985 1253 1062 1323 sunt
1082 1250 1137 1314 ob·

100 1347 231 1434 ἆγίονς;
256 1357 365 1415 Ποῖον
381 1351 476 1434 ξίφος
527 1350 591 1413 tusi
620 1350 788 1414 caedendis
819 1351 985 1415 beatorum
1008 1352 1137 1417 cervici·

100 1449 334 1537 οὐκήμβλοίθη
354 1453 476 1518 ἐκτῶν
528 1453 586 1515 bus
628 1455 661 1516 et
696 1452 847 1516 membris
885 1452 1137 1518 catholicorum?

116 1558 292 1639 μακαρίων
324 1553 476 1637 αὐχένων
528 1554 693 1628 Quaenam
729 1555 827 1618 maris
864 1555 996 1640 abyssus
1032 1555 1137 1620 ortho-

100 1661 161 1721 :aa
188 1661 398 1733 καθοίικών;
433 1656 482 1720 Ἢ
529 1656 682 1720 donorum
746 1678 913 1740 corporum
978 1658 1138 1743 sanguine

100 1757 276 1842 τᾶβνσσος
290 1757 333 1824 οὐ
348 1758 475 1841 aealq'-
528 1758 730 1822 manantium
763 1759 887 1823 ossibus
913 1781 979 1823 non
1007 1763 1058 1824 est
1084 1783 1138 1844 op·

100 1885 124 1924 »ν
153 1866 223 1925 τῶν
250 1861 363 1945 αἵματι
393 1862 477 1946 σ-υῤ-
528 1860 639 1943 pieta?
696 1860 834 1936 Quinam
871 1862 1016 1927 desertus
1051 1864 1138 1928 locus

100 1963 225 2046 »adrev
261 1960 475 2046 ὀρθοδόξωνς
527 1962 613 2027 haud
635 1963 737 2026 evasit
757 1963 909 2047 frequens
930 1964 1138 2029 multitudine

100 2089 145 2141 νος
165 2062 207 2129 οὐ
222 2065 420 2130 πεπόλισται
438 2065 475 2130 ἐκ
528 2065 711 2129 antistitum
742 2064 809 2128 illic
837 2065 910 2129 fidei
939 2087 1035 2130 eausa
1063 2063 1137 2130 exu-

100 2171 115 2249 ᾖ
145 2166 391 2249 ἐξορισθέντων
414 2164 474 2250 ἀρ-
525 2166 687 2230 lantiunt?
729 2166 893 2252 Quaenam
926 2167 1020 2232 urbes
1052 2171 1137 2233 exte-

100 2265 160 2352 νὴν
175 2272 305 2345 atatam
321 2268 370 2333 Ἢ
383 2281 476 2334 ποῖαι
528 2291 592 2352 rae,
622 2269 808 2353 longissime
831 2291 850 2332 a
871 2274 982 2334 nostro
1002 2271 1137 2355 imperio

100 2370 219 2454 ρόριοι)
255 2358 311 2435 ναὶ
343 2372 477 2455 μακράν
529 2372 624 2455 sitae,
663 2394 729 2435 non
758 2374 920 2435 ornantur
951 2376 985 2436 et
1021 2372 1138 2437 florent

100 2473 186 2537 ιέναι
205 2477 263 2556 τῆς
278 2472 407 2539 ἑαυτῶν
423 2473 477 2551 ἐξ·
529 2478 660 2558 propter
688 2474 754 2538 illie
777 2474 935 2557 dispersos
945 2475 983 2560 ¹¹)
1007 2478 1136 2540 sanctos

100 2579 289 2658 οσμοῦνται
312 2577 367 2639 καὶ
388 2576 476 2639 θάί·
529 2577 651 2640 exsules
664 2576 876 2659 patriarchae,
890 2577 1066 2661 episcopua,
1075 2577 1137 2642 cle·

102 2680 152 2739 ῶν
174 2677 476 2762 διασπαρέντωνῑῐ)
528 2679 621 2760 neos,
645 2678 817 2742 monachos
832 2677 1018 2763 laicosque?
1041 2679 1138 2764 Apud

100 2802 139 2842 ον
172 2775 279 2860 ἁγίων
312 2802 475 2864 πατριαρ-
528 2780 734 2844 Manichaeos
745 2780 781 2865 12)
818 2780 950 2844 libertas
986 2781 1137 2866 loquendi

100 2876 179 2963 aaa,
208 2885 391 2965 alquinus,
409 2875 475 2966 ’μο-
528 2885 578 2946 est
605 2886 638 2946 et
666 2883 783 2966 agendi
813 2905 871 2970 pro
903 2882 1013 2966 libito,
1051 2885 1136 2968 apud

100 2983 152 3046 καί
189 2986 338 3060 tuendae
376 2982 477 3068 Παρὰ
527 2984 613 3068 ipsos
650 2985 804 3067 pecuniae
842 2984 1000 3048 thesauris
1037 2985 1137 3049 abun-

100 3085 214 3170 toust)
251 3085 387 3163 ἐξουσία
415 3090 477 3149 τοῦ
528 3086 608 3149 dant
629 3085 1027 3170 populorumdeceptoreS‚
1051 3087 1136 3171 apud

100 3186 257 3268 πράττειν
284 3186 370 3270 ἅπερ
393 3187 476 3271 βού-
498 3262 507 3271 μ
527 3188 613 3271 ipsos
640 3188 816 3264 discordiae
853 3193 886 3251 et
913 3188 1137 3252 contentiones

100 3286 118 3349 ν’
148 3285 263 3364 adacti
299 3288 476 3374 χρημάτων
528 3295 561 3353 et
583 3289 703 3354 sedium
720 3290 928 3354 ambitiones:
951 3289 1035 3374 apud
1050 3290 1136 3374 ipsos

103 3391 277 3455 οπλοίνων
309 3388 389 3473 παρ’
414 3387 477 3455 αὐ·
527 3392 736 3476 impostorum
760 3392 858 3477 globi,
882 3413 1049 3478 magorum
1064 3392 1136 3457 cho-

103 3668 174 3730 aa'a,
196 3682 249 3718 vox
267 3665 305 3719 ab
327 3659 435 3735 ἅρῤην,
459 3658 558 3732 daciae
578 3664 712 3731 derivata,
738 3651 814 3719 idom
831 3650 890 3720 lere
908 3665 984 3735 qued
1002 3671 1136 3735 'inimicitia

102 3748 126 3812 si
143 3748 172 3802 in
190 3750 317 3818 sequenti
339 3750 440 3805 lacuna
458 3749 629 3819 suppleveris
651 3753 839 3814 ποιοῦντες
863 3750 918 3819 (vel
942 3750 1151 3820 κινοῦντες)Ι

100 3833 312 3889 desiderandum
332 3835 391 3889 erit.

102 3918 130 3971 di
147 3921 354 3988 persecutiones
372 3921 495 3975 fidohum
513 3919 678 3989 praeprimis
695 3920 724 3974 in
737 3919 850 3975 Oriente
863 3922 1024 3989 grassantes
1035 3921 1137 3990 saepis·

101 4007 113 4058 t
130 4006 160 4059 et
176 4004 274 4073 lugent
291 4006 448 4075 pontificos;
478 4008 549 4059 conf.
568 4005 666 4060 Felicis
683 4005 709 4059 ΙΙ
732 4006 813 4075 epist.
827 4012 856 4059 11
875 4024 902 4060 n.
916 4011 932 4059 4
945 4006 974 4061 et
986 4011 1010 4074 5,
1033 4005 1137 4062 Gelasii

103 4092 467 4158 aequaeuam

100 4193 154 4228 rum
176 4175 363 4243 Eutychianos
385 4178 480 4243 vocat,
508 4177 564 4231 sive
590 4184 707 4247 propter
732 4177 857 4245 ipsorum
880 4193 943 4229 eum
964 4174 1136 4230 Manichaeis

100 4262 176 4327 [conl.
197 4260 300 4315 Gelasii
317 4261 398 4330 epist.
413 4268 427 4315 7
445 4280 472 4315 u.
486 4269 510 4327 2,
529 4260 661 4316 Germani
679 4262 760 4332 epist.
780 4261 816 4315 ad
833 4261 969 4313 Armenes
986 4278 1012 4313 n.
1028 4266 1043 4313 7
1061 4259 1137 4330 apud

100 4361 168 4398 arum
190 4362 252 4399 nov.
274 4346 401 4400 biblioth.
421 4347 455 4412 Π,
469 4353 518 4401 689
545 4349 574 4400 et
596 4346 677 4414 hujus
700 4347 757 4400 not.
771 4348 811 4413 4),
845 4345 903 4399 sive
925 4346 958 4397 nt
979 4344 1136 4414 emphatice

100 4429 190 4484 stmio
208 4430 377 4500 imperatore
397 4431 526 4485 suffultos
543 4431 721 4500 significaret,
744 4430 785 4484 De
803 4430 857 4485 hoe
874 4428 978 4499 quippe
991 4428 1136 4499 Theopha-

102 4532 168 4585 pag.
182 4522 232 4570 210
249 4516 348 4571 tradit:
369 4522 438 4571 Sam
456 4521 604 4570 ellanichaei
620 4527 646 4570 et
664 4522 760 4569 Ariani
775 4521 807 4569 de
825 4520 963 4569 Ana-slusii
976 4520 1136 4583 promotione
1189 4576 1192 4583 ¹

100 4621 143 4654 ur:
162 4604 310 4655 Manichaei
327 4608 433 4671 quidem,
457 4608 526 4672 qaod
543 4607 706 4670 insperatoris
723 4612 804 4654 irrater
821 4620 907 4655 aarum
921 4603 1041 4669 partitae
1056 4607 1136 4656 mee

100 4691 141 4738 ani
156 4706 225 4754 vero,
245 4693 314 4756 qued
330 4691 476 4741 Cicereium
494 4693 552 4754 ejus
569 4692 713 4740 avunculum
774 4692 872 4740 οοιοίοο
888 4692 1061 4753 possiderent.
1084 4685 1137 4752 Qui
1231 4724 1238 4738 t

101 4770 228 4840 ecphane
247 4773 316 4825 teste
334 4771 484 4840 Euthymio
501 4772 678 4841 patriarchae
697 4771 824 4826 chartam
841 4769 957 4840 propria
972 4787 1058 4826 manu
1074 4773 1137 4827 eub-

100 4855 144 4922 iil,
163 4854 459 4923 quaCalehedonensis
477 4857 577 4924 synodi
594 4856 708 4911 decreta
724 4856 801 4910 velut
817 4855 882 4910 fidei
899 4874 1027 4912 normam
1044 4874 1075 4912 se
1093 4874 1136 4913 ae·

100 4941 185 5006 retur,
204 4942 298 4995 tamen
316 4956 380 4994 inor
397 4939 462 4996 fidei
480 4941 632 5000 catholicae
651 4941 718 5000 satis
735 4940 857 4999 irrfeusus
873 4940 1003 5000 inventus
1021 4943 1072 5000 eet
