3204 5506
419 353 426 369 ·
470 343 665 393 nmsronns
690 333 740 391 21.
765 332 815 391 22.
1215 327 1278 393 783

100 500 174 564 arta
195 518 261 561 non
275 499 413 581 separat.
452 497 596 581 Accepta
610 495 659 561 Ill
675 496 832 562 liniendas
847 496 1022 580 Februarii,
1046 497 1190 582 Agapito
1206 520 1234 562 v.
1249 520 1275 562 c.
1291 509 1407 576 (11610.)

100 601 150 685 116,
173 622 231 686 per
252 599 402 663 Alexium
423 599 646 683 presbyterum
669 602 703 664 et
722 598 922 688 Venantium
944 599 1124 664 diaconum.

522 784 703 889 Epistola
730 788 784 872 22.

102 939 316 1007 llornrisdae
338 955 449 1023 papae
471 939 515 1004 ad
537 936 688 1006 Avitum
710 940 914 1022 episcopum
936 940 1184 1007 Viennensem.
1291 934 1419 1057 ²¹13?ng

114 1081 249 1145 legationis
267 1079 508 1144 Constantinopolim
526 1080 670 1130 destinatae
687 1080 782 1129 emitum
799 1080 905 1139 siluerit,
925 1081 1032 1145 exponit
1050 1076 1085 1141 (n.
1097 1081 1110 1130 1
1124 1087 1149 1130 et
1161 1079 1201 1144 2),
1219 1088 1246 1129 ut

100 1163 259 1215 >mentalibus
274 1163 411 1227 fraudibus
428 1170 541 1222 caueant,
560 1161 738 1227 0101161223).
765 1165 805 1214 De
816 1165 949 1223 Thraciae,
970 1165 1075 1231 Illyrici,
1095 1167 1246 1215 Dardaniae

100 1248 168 1315 t'piri
188 1251 226 1299 ad
247 1250 439 1299 communionem
456 1249 591 1299 Ecclesiae
612 1249 697 1299 redita
719 1251 843 1300 certiores
863 1250 930 1313 facit
952 1247 987 1313 (n.
1000 1248 1037 1314 4).
1082 1250 1246 1315 Lepationem

100 1336 178 1385 indam
196 1337 222 1384 in
241 1333 367 1383 Orientem
381 1349 481 1398 parare
498 1350 527 1384 ee
544 1341 635 1395 monet,
654 1349 685 1382 ac
701 1341 776 1398 peria
793 1335 875 1391 mittit,
893 1334 982 1401 quibua
999 1350 1048 1401 quo
1065 1336 1156 1385 ordine
1168 1335 1244 1385 Nico·

142 1420 255 1484 politani
271 1435 303 1469 ac
319 1420 441 1469 Dardani
457 1420 494 1469 ad
509 1419 701 1470 communionem
718 1420 819 1484 recepti
834 1421 894 1478 ciat,
914 1421 1014 1470 discere
1031 1421 1139 1471 ualeam.

161 1552 373 1617 Hormisda
400 1552 520 1634 Avito
548 1551 733 1636 episcopo
762 1551 821 1616 vel
848 1552 1048 1618 universis
1078 1552 1279 1638 episcopis

255 1654 489 1740 provinciae
511 1651 757 1718 Viennensis
791 1654 860 1718 sub
888 1657 957 1719 tua
984 1655 1159 1719 dioecesi
1188 1676 1280 1719 con-

256 1756 512 1820 sistentibus.

100 1877 125 1940 l.
153 1875 215 1952 Qui
230 1875 268 1938 de
283 1874 345 1958 his,
369 1897 449 1959 quae
464 1876 504 1939 ad
519 1873 722 1959 disciplinam
738 1874 929 1940 catholicum
944 1877 1119 1960 pertinent,
1141 1876 1280 1941 maxime

100 1999 114 2040 s
140 1978 257 2043 instrui
286 1977 390 2061 cupit,
425 1978 499 2061 quid
523 1977 620 2041 studii
643 1976 728 2040 circa
750 1977 903 2041 mandata
925 1970 1042 2042 divina
1055 1978 1191 2062 habeat,
1215 1979 1278 2042 evi·

100 2100 120 2143 r
143 2079 295 2145 ostendit.
329 2079 404 2144 Non
428 2079 514 2142 enim
535 2081 725 2163 potestesse
740 2077 920 2162 hujusmodi
944 2101 1030 2164 cura,
1053 2080 1117 2146 nisi
1131 2081 1187 2145 ubi
1201 2081 1280 2145 fides

100 2203 102 2239 ;
131 2182 289 2247 infucata.
341 2181 448 2266 Atque
476 2180 547 2245 ideo
574 2179 770 2245 exsultamus
798 2180 832 2244 in
859 2179 998 2246 Domino
1028 2181 1066 2245 de
1093 2181 1279 2247 sinceritate

100 2285 164 2349 siti
186 2284 245 2367 tui,
268 2282 473 2347 dilectissime
494 2282 607 2365 frater,
631 2282 706 2346 dum
728 2284 761 2346 te
784 2282 958 2347 secundum
974 2283 1111 2348 directas
1132 2305 1191 2368 per
1206 2283 1279 2348 Ale-

113 2386 341 2472 presbyterum
364 2387 460 2469 atque
482 2382 703 2469 Viventium¹)
726 2384 896 2448 diaconum
916 2385 1042 2449 litteras
1063 2386 1226 2450 intuemur
1247 2389 1280 2450 62

100 2489 178 2574 rpiis
199 2486 492 2571 transgressoribus
508 2485 689 2570 Eutychete
712 2489 806 2571 atque
822 2485 853 2550 N
855 2487 971 2551 estorio
986 2487 1070 2552 sedis
1086 2487 1280 2572 apostolicae

100 2588 186 2656 ituta
209 2588 357 2670 recolere,
381 2591 414 2652 et
435 2589 462 2652 si
485 2587 560 2672 quid
577 2587 727 2652 adversus
749 2609 803 2652 eos
825 2587 1002 2653 admonitio
1022 2592 1134 2654 nostra
1156 2612 1280 2674 promo·

122 2714 183 2778 per
205 2713 283 2775 quos
307 2689 488 2755 Orientales
511 2689 663 2754 ecelesiae
686 2690 936 2774 confunduntur,
960 2691 1130 2776 inquirere.
1170 2691 1280 2778 Digna

125 2793 308 2860 sollicitudo
331 2791 487 2874 fidelibus,
511 2795 548 2855 112
570 2792 608 2855 de
630 2792 818 2855 miserorum
839 2790 982 2876 lapsibus
997 2792 1224 2879 ingemiscant,
1248 2797 1281 2859 et

100 2919 139 2963 ne
169 2895 277 2960 aliena
304 2895 490 2979 polluantur
517 2893 711 2977 contagione
732 2894 932 2978 prevideant.
985 2894 1047 2960 Sed
1069 2918 1110 2960 ne
1132 2896 1280 2980 11060112-

100 2998 164 3065 hcc
187 2995 401 3081 supersedisse
418 2994 565 3079 credatis,
591 2996 626 3057 ut
642 2995 681 3059 ad
699 2994 849 3059 notitiam
864 2998 1013 3080 vestram,
1038 2996 1155 3082 siquid
1171 3001 1279 3062 aetum

100 3106 137 3187 t,
175 3102 360 3182 competens
387 3096 544 3181 perferret
571 3096 752 3161 inst-ructio.
802 3096 923 3161 Verum
950 3098 1089 3162 breviter
1116 3097 1279 3163 silentium

100 3226 166 3286 um,
191 3200 275 3286 quod
297 3199 425 3263 dilectio
447 3199 571 3263 mordet
593 3202 709 3282 vestra,
732 3219 917 3282 purgamus

100 3307 123 3371 1.
163 3303 248 3369 Nam
271 3302 354 3386 quod
375 3323 441 3365 non
464 3300 590 3384 saepius
612 3304 722 3364 nostra
744 3300 920 3364 admonitio
942 3322 996 3365 vos
1018 3301 1217 3387 frequentet,
1241 3303 1279 3367 de

100 3406 227 3473 tentiae
255 3407 379 3468 vestrae
407 3406 440 3467 et
466 3403 540 3466 fidei
568 3401 744 3466 stabilitate
767 3401 964 3466 confidimus,
1013 3401 1200 3469 Sollicitudo
1221 3405 1280 3469 im·

100 3519 180 3583 fflda
207 3509 343 3570 fortasse
372 3505 415 3568 sit
441 3504 560 3586 dubiis,
595 3504 673 3567 satis
702 3506 751 3568 est
773 3504 904 3568 vitanda
934 3504 1093 3570 indicasse
1114 3505 1277 3590 perfectis.

100 3605 196 3672 2201126
219 3628 294 3670 vero
316 3610 461 3690 nostrae,
492 3628 587 3690 quam
615 3605 712 3669 semel
739 3627 805 3669 11011
831 3613 981 3685 secundo,
1016 3607 1100 3671 sicut
1126 3608 1278 3694 scribitis,

100 3730 166 3791 1116,
189 3709 216 3772 62
239 3709 363 3772 votivus
386 3707 579 3793 contigisset
593 3711 737 3791 eventus,
761 3708 882 3773 alacres
896 3708 982 3774 illico
998 3710 1161 3774 vobiscum
1175 3712 1278 3775 fueru-

101 3810 284 3874 desiderata
306 3811 470 3894 partituri:
494 3810 642 3893 scientes,
665 3809 727 3874 hcc
748 3810 877 3894 rationi,
900 3811 961 3875 hcc
982 3814 1093 3875 nostro
1114 3813 1279 3897 proposito

100 3912 192 3995 111216,
216 3916 253 3976 112
274 3934 352 3996 quos
375 3911 547 3995 participes
569 3911 793 3976 sollicitudinis
816 3911 961 3996 fecimus,
986 3934 1058 3977 cum
1076 3912 1126 3977 his
1141 3913 1278 3980 redinte-

100 4035 123 4078 .e
146 4014 281 4078 unitatis
303 4015 421 4099 gaurlia
438 4014 658 4098 jungeremus.
708 4013 770 4079 Sed
793 4017 949 4099 quantum
977 4014 1018 4080 ad
1041 4013 1196 4100 Graecos,
1210 4032 1278 4082 'ore

100 4139 116 4181 6
137 4116 325 4202 praeferunt
346 4116 435 4200 pacis
457 4119 532 4179 vota
554 4138 649 4199 quam
671 4106 809 4200 pectore,
834 4119 867 4181 et
881 4116 1034 4202 loquntur
1054 4117 1160 4203 magis
1176 4118 1276 4202 justa,

100 4240 108 4281 1
129 4219 270 4283 faciunt:
292 4218 396 4282 verbis
417 4218 497 4282 velle
520 4240 554 4282 se
571 4218 712 4302 jactant,
734 4219 818 4303 quod
832 4219 981 4303 operibus
995 4218 1082 4283 nolle
1096 4218 1278 4304 declarant,

114 4321 237 4385 fuerint
259 4321 408 4404 professi,
431 4320 613 4405 negligimt,
638 4323 670 4384 02
685 4341 765 4405 quac
781 4320 1019 4405 damnaverint,
1043 4322 1122 4385 haec
1143 4343 1278 4406 sequun-

109 4421 193 4486 Nam
215 4422 299 4486 unde
322 4426 380 4506 est,
405 4422 498 4507 quod,
522 4443 618 4506 quum
641 4444 697 4506 per
713 4421 896 4486 Ennodium
916 4423 1051 4488 fratrem
1073 4427 1106 4487 et
1121 4423 1278 4508 eoepisco-

111 4528 254 4590 nostrum
277 4525 489 4588 sacerdotales
511 4525 594 4589 viros
617 4524 657 4589 ad
676 4523 894 4588 confirmanda
916 4546 964 4608 ea,
988 4547 1069 4609 qnae
1091 4526 1181 4590 sedes
1203 4548 1278 4611 apo·

100 4648 126 4691 aa
147 4630 353 4712 poposcerat,
382 4621 557 4691 directuros
579 4649 613 4691 se
641 4647 708 4690 esse
736 4625 974 4710 promisissent,
1008 4627 1110 4691 multa
1142 4650 1277 4713 quoquc,

100 4834 102 4868 1
120 4815 152 4870 (11
176 4820 328 4879 Visentium,
347 4815 381 4869 al.
406 4819 564 4869 Venaatinm.
598 4813 663 4867 Mox
682 4813 724 4868 ed.
744 4819 775 4867 dc
794 4818 948 4869 conscicntia
965 4826 1052 4868 uestra
1123 4821 1277 4886 1162616912-

102 4906 194 4955 nitatis.
