3224 5506
248 363 381 414 nonina
403 362 556 410 enanvm
578 364 616 410 sn
638 363 823 411 nnnsrasn
839 364 865 410 11
888 363 1080 413 sessionis
1100 354 1202 411 1-3.
1317 348 1358 412 83

81 530 85 534 ’
106 528 237 600 scripsisse
255 523 327 581 nullo
350 525 517 579 nranimento
528 516 548 594 ¹)
568 525 706 587 novimus,
730 540 814 598 quum
835 535 929 580 contra
947 523 1043 579 Gelasii
1064 525 1107 580 cui
1122 525 1277 580 Anastasius
1298 541 1359 580 suc·

100 610 279 684 cessitplurcs
292 610 349 665 sint
364 609 399 664 de
414 608 464 664 hac
483 624 512 664 rc
533 609 679 682 epistolae,
702 625 816 682 quarum
837 626 889 665 una
910 610 1065 664 nominatim
1083 609 1199 683 lllyrici
1216 613 1360 682 episeopis

94 705 152 752 est
174 697 290 769 hscrlpta.
330 692 432 749 Deinde
453 710 532 767 φιιιιι
552 693 649 767 procul
671 691 786 750 abluerit
807 693 1055 750 Thessalonicensis
1081 696 1208 758 antistes,
1236 704 1265 750 ut
1291 697 1360 751 cirea

87 781 183 838 initia
194 776 355 857 pontificatus
371 777 469 834 Gelasii
484 778 588 834 litteras
604 778 761 850 hujusmodi
775 780 803 835 in
819 779 932 835 ecclesia
947 796 994 834 sua
1011 781 1118 835 recitari
1133 779 1176 835 rel
1194 781 1361 853 praeciperet

84 866 149 921 vel
169 866 233 921 etiam
245 865 422 938 permitteret.
439 864 517 919 testis
532 871 575 919 est
586 863 707 920 Gelasius
723 865 782 938 ipse
797 865 824 920 in
837 864 952 938 epistola
966 863 1004 920 18
1021 866 1103 919 tertio
1116 863 1288 938 pontificatus
1302 863 1360 934 ejus

72 966 180 1007 anno
190 952 292 1023 scripta,
315 950 344 1004 in
364 964 417 1021 qua
437 948 477 1004 sic
496 947 529 1003 ad
551 950 694 1023 episcopos
716 948 860 1004 Dardaniae
880 957 908 1004 et
923 948 1022 1022 lllyrici
1038 948 1161 1023 loquitur
1187 948 1215 1021 (l.
1233 966 1257 1004 c.
1274 967 1301 1004 n.
1319 947 1359 1021 d):

72 1037 219 1093 Noverit
232 1041 323 1090 uestro
336 1032 534 1106 fraternitas,
557 1035 700 1090 ecclcsiae
719 1034 984 1090 Thessalonicensis
999 1038 1167 1105 orttislilem,
1187 1037 1295 1090 nostris
1310 1035 1360 1090 ad-

63 1120 436 1190 hortationibus‘soepius
449 1121 609 1194 incitatum,
625 1122 760 1192 contagio
776 1123 981 1176 communionis
995 1126 1139 1176 externae
1154 1137 1300 1193 utinquam
1315 1121 1363 1175 cle·

63 1210 213 1264 clitrore
226 1206 351 1274 iuuisse,
365 1219 420 1259 nec
435 1205 516 1275 opud
525 1220 578 1261 nos
593 1221 693 1261 nomen
700 1207 804 1261 Aeacii
815 1208 858 1261 uel
870 1212 1032 1261 ceterorum
1043 1207 1174 1261 similium
1181 1207 1362 1276 perfidorum

59 1295 202 1362 hisque
215 1291 478 1344 communicantium
493 1305 622 1362 congruo
636 1289 821 1362 professione
835 1291 998 1346 dermnosse.
1030 1289 1085 1345 Nec
1099 1289 1170 1345 ullus
1186 1296 1261 1363 patet
1277 1289 1362 1352 lucae,

61 1391 169 1451 quo
179 1373 237 1430 duos
250 1371 300 1428 sibi
315 1375 377 1446 quis
393 1371 739 1447 lingatThessalonicenses
755 1375 913 1448 episcopos,
931 1391 1047 1448 quorum
1060 1391 1130 1430 unus
1143 1372 1281 1429 annonae
1294 1375 1363 1429 circa

60 1459 182 1517 initia
194 1457 359 1533 pontificatus
375 1457 509 1514 Gelasiani
522 1457 555 1514 ab
570 1460 658 1516 Aeacii
672 1459 816 1515 schismate
832 1459 995 1520 discesserit,
1011 1459 1079 1515 alter
1093 1467 1190 1534 postea
1205 1458 1270 1514 illud
1287 1475 1364 1515 rera-

63 1545 177 1600 caria
187 1552 257 1617 atque
271 1543 367 1599 saltem
383 1542 415 1598 ad
431 1560 530 1599 annum
545 1543 606 1602 494
622 1545 798 1619 pertinaciter
811 1543 972 1601 adhaeserit.
990 1543 1119 1600 detrudent
1135 1545 1206 1599 etnim
1223 1542 1363 1604 hadream.

67 1630 153 1702 qui
180 1627 331 1703 temporibus
352 1626 488 1684 Felicisll
508 1628 793 1686 Thessalonicensibus
815 1629 968 1704 praefectus
991 1638 1047 1686 erat
1065 1629 1174 1703 janrquc
1197 1637 1262 1684 tunc
1281 1645 1365 1702 papae

70 1711 188 1783 liujus
200 1714 409 1769 communionem
423 1712 566 1788 subripere
582 1723 705 1779 tentarat,
722 1724 752 1771 ut
767 1732 800 1772 er
811 1713 907 1772 Telicis
921 1714 1035 1790 epistola
1050 1715 1088 1771 18
1104 1714 1241 1777 discimus,
1259 1714 1365 1768 Gelasio

73 1799 269 1871 superstitem
283 1797 384 1862 fuisse,
407 1796 528 1870 subjecta
549 1800 663 1874 epistola
684 1800 718 1856 de
738 1818 790 1875 qua
812 1802 915 1875 agimus
937 1817 987 1856 nes
1003 1799 1093 1856 dccet.
1131 1799 1185 1855 Nee
1201 1799 1304 1854 facilius
1320 1797 1366 1853 ad·

78 1884 196 1938 mittet
211 1885 347 1958 qnisquam
362 1883 438 1957 quod
453 1885 557 1958 opinari
571 1884 678 1942 ridetur
692 1886 822 1942 baronius
838 1885 869 1941 ad
885 1904 948 1943 ann.
960 1885 1037 1948 492,
1060 1901 1156 1958 nempe
1171 1883 1284 1941 lionmni
1298 1884 1366 1938 anti·

85 1967 182 2021 stitis
193 1967 324 2043 epistelam
339 1969 366 2023 in
382 1968 496 2026 ecclesia
511 1969 753 2035 Thessalonicensi‚
770 1972 855 2046 ipsius
869 1973 996 2046 episcopo
1010 1987 1065 2026 nen
1076 1972 1266 2025 consentiente
1278 1985 1366 2041 neque

88 2049 184 2106 iliam
194 2052 325 2126 probante,
341 2052 426 2110 inisse
437 2055 585 2111 recitatam.
608 2055 692 2113 Nema
702 2058 802 2131 quippe
813 2055 864 2112 sibi
875 2055 1057 2131 persuadebit,
1074 2053 1215 2131 epistolam
1228 2055 1255 2110 in
1266 2061 1366 2108 metru-

98 2133 221 2203 politam
235 2140 317 2195 totius
332 2137 501 2197 Macedoniae
517 2139 630 2197 eeclesia
645 2142 774 2216 episcope
795 2143 881 2216 ipsius
901 2142 1011 2198 nolente
1033 2141 1116 2195 luisse
1132 2139 1281 2195 recitatam.
1313 2137 1368 2193 Nec

100 2216 274 2297 inteligitur,
297 2240 352 2298 qua
371 2225 476 2280 ratione
490 2223 660 2300 Lignideusis
682 2227 826 2301 episcopus
841 2226 959 2284 scribere
975 2226 1109 2300 potuerit,
1126 2241 1219 2281 amares
1234 2233 1296 2298 post
1312 2224 1367 2296 epi·

104 2300 192 2360 stolae
203 2317 362 2365 memoratae
376 2311 562 2367 recitationem
578 2313 674 2368 dcacio
689 2312 830 2368 anathema
848 2311 962 2374 dixisse,
982 2327 1037 2368 nec
1059 2327 1230 2384 quemquem
1245 2326 1368 2365 commu·

104 2387 444 2466 rioniproeooricotoris
457 2411 522 2452 sese
536 2400 692 2468 miscuisse,
708 2398 732 2453 si
747 2395 779 2452 ab
795 2413 825 2452 ca
840 2396 930 2453 divelli
945 2415 975 2453 se
991 2395 1239 2452 Thessalonicensis
1255 2395 1368 2449 antistes

103 2468 183 2529 antio
193 2489 269 2552 paeto
284 2495 382 2554 passus
397 2487 480 2536 esset.
507 2481 663 2556 hegerrime
678 2484 758 2538 etiam
774 2481 909 2545 credatur,
925 2483 1082 2557 episcopum
1098 2481 1201 2556 arraplac
1216 2480 1368 2553 provinciae

100 2563 185 2640 ‚⁰³9¹st
197 2565 232 2620 ita
245 2564 350 2629 deseri,
366 2572 397 2620 ut
411 2581 467 2622 nec
481 2569 631 2640 quisquam
646 2583 707 2623 cunr
722 2575 861 2642 sequatur,
878 2569 989 2624 maxime
1006 2584 1088 2641 qarum
1104 2565 1177 2621 nulla
1193 2563 1369 2639 sequentibus

90 2635 207 2791 affinis
224 2651 260 2706 sit
285 2666 389 2724 poenam
414 2658 460 2706 aut
486 2649 518 2706 ab
545 2650 669 2708 omnibus
696 2652 834 2708 desertum
858 2654 885 2709 ln
911 2654 1047 2709 sententia
1068 2669 1117 2707 sua
1140 2660 1260 2726 perstare
1283 2649 1370 2705 adhuc

208 2751 233 2792 e.

184 2818 215 2877 3.
237 2819 373 2877 Gelasium
389 2828 478 2877 tamen
493 2839 549 2878 non
564 2823 592 2878 in
606 2838 712 2879 cassum
728 2821 864 2880 lahorasse
875 2822 988 2898 ejusque
1000 2823 1123 2897 repetitis
1136 2819 1369 2878 adhortationibus

81 2895 115 2938 ³⁰
134 2891 229 2962 firma
245 2905 396 2962 redonibus
411 2906 544 2963 hndrcam
559 2906 808 2965 Thessalonicensis
824 2909 952 2966 ecclesiae
967 2908 1119 2983 praesulem
1136 2907 1243 2963 tandem
1261 2909 1369 2969 vietum,

78 2979 309 3070 ⁶⁰f¹victumquc
320 2990 354 3046 ad
366 2993 535 3048 Anastasium
547 3008 640 3049 reeens
653 3002 772 3050 creatum
783 2993 940 3068 pontificem
953 2995 1057 3050 misisse
1070 2993 1241 3066 legationem,
1259 2993 1372 3048 hieran·
1388 3017 1390 3020 ·

73 3047 191 3127 ⁴¹¹¹an
208 3076 337 3133 eeclesiae
353 3078 518 3150 apocrisiarii
533 3077 600 3133 inira
616 3079 731 3153 epistola
747 3080 766 3133 5
782 3085 809 3135 rt.
823 3079 842 3134 4
858 3079 960 3135 diserte
976 3086 1119 3134 testantur.
1150 3077 1199 3133 Ubi
1215 3079 1300 3151 igitur
1316 3078 1371 3150 epi-

69 3142 199 3228 ⁸f⁰¹³m
214 3163 285 3217 hanc
299 3160 333 3216 ad
349 3161 545 3218 Anastasiumll
561 3164 742 3227 retulerimus,
763 3166 860 3227 omnia,
876 3173 904 3221 et
920 3181 988 3238 quae
1002 3165 1078 3239 prius
1094 3164 1240 3236 scripserat
1254 3161 1372 3217 Lauren·

68 3224 143 3282 ¹¹⁰⁸
176 3254 210 3302 ct
230 3262 300 3321 quac
321 3263 397 3303 nunc
416 3246 449 3303 ad
471 3264 531 3303 eum
552 3247 752 3314 rescribuntur,
777 3248 832 3321 jam
852 3251 989 3324 aptissime
1007 3248 1184 3323 quadrabunt.
1216 3246 1284 3314 Quia
1301 3247 1371 3301 enim

62 3316 317 3411 ⁰⁰¹{venientius
334 3347 416 3405 quam
432 3341 462 3388 ut
477 3332 724 3390 Thessalonicensis
740 3335 862 3398 antistes,
879 3351 960 3409 quem
975 3333 1096 3390 Gelasius
1112 3333 1225 3408 insignis
1240 3333 1373 3406 praevari-

59 3400 216 3495 ‚fflfonis
232 3425 361 3491 arguerat
376 3433 408 3473 ac
421 3425 541 3482 natust.
568 3417 612 3474 ubi
628 3436 689 3475 eum
704 3418 762 3490 ejus
777 3436 936 3476 successore
951 3435 1044 3493 pacem
1059 3420 1127 3474 inire
1149 3418 1244 3482 voluit,
1264 3415 1374 3491 aliquod

57 3482 209 3564 '¹¹⁸¹gne
229 3503 419 3559 testimonium
439 3501 515 3558 daret
535 3504 655 3560 sincerae
676 3506 860 3561 ceraversienis
882 3505 965 3560 suae?
1000 3503 1079 3572 Quod
1099 3512 1189 3560 autem
1210 3503 1295 3575 majus
1311 3501 1374 3557 dare

56 3569 225 3652 Ρθῑθηῑ,
247 3602 329 3662 mam
349 3595 380 3643 nt
402 3586 500 3644 Gelasii
521 3590 555 3646 de
576 3591 745 3647 excessibus
758 3591 863 3647 Aeacii
881 3589 997 3664 epistola
1015 3591 1043 3646 in
1065 3589 1177 3646 eeclesia
1196 3606 1245 3645 sua
1265 3586 1371 3664 publice

55 3637 163 3716 καὶ
183 3668 251 3729 huic
265 3674 474 3747 praevaricatori
488 3675 629 3731 anathema
643 3674 760 3739 diceret,
783 3685 811 3732 et
832 3685 862 3732 ut
883 3692 976 3731 omnes
997 3674 1069 3731 idem
1089 3678 1257 3749 praestarent
1278 3682 1373 3730 auctor

56 3738 195 3809 &⁸212
223 3758 291 3815 ltern
303 3755 465 3825 Laurentio,
488 3768 518 3815 ut
538 3758 570 3816 ab
586 3760 734 3835 apostoliea
748 3760 814 3818 sede
830 3764 905 3819 uelut
920 3762 1062 3818 medicem
1077 3763 1219 3834 quaedem
1232 3763 1302 3834 fidei
1315 3761 1373 3830 epi·

56 3824 440 3917 ⁸⁰⁰1isper1upnaum
455 3847 499 3901 ocl
514 3846 580 3903 oliis
594 3849 786 3917 ministretur,
808 3845 966 3903 admonenti
983 3845 1125 3903 commode
1144 3846 1321 3920 intelligimus
1341 3840 1373 3897 ab
1466 3845 1470 3854 '

58 3897 248 3985 *Quin
263 3929 427 4002 rescriptum
441 3939 517 3985 esse:
536 3948 710 4005 quamquem
724 3932 779 3988 hoc
794 3935 989 4004 copiosissime
999 3930 1113 4005 socium
1126 3935 1161 3987 sit
1177 3951 1195 3988 a
1211 3933 1313 3987 beotoe
1329 3944 1374 3985 re-

60 3994 286 4093 ‘Pr-dodonis
302 4015 535 4086 praedecessore
554 4024 668 4081 nostro·
695 4033 777 4091 quum
804 4033 834 4072 re
854 4018 912 4091 ipsa
932 4017 959 4071 in
981 4017 1080 4073 litteris
1102 4012 1199 4072 Gelaiii
1224 4015 1257 4071 ad
1277 4014 1375 4088 illyrici

63 4081 266 4184 wcluesque
287 4100 432 4174 episcopos
451 4088 638 4175 copiosissima
660 4103 829 4158 ministretur
849 4100 978 4157 adversus
998 4102 1157 4157 hcaeianum
1177 4103 1293 4156 schisma
1317 4098 1378 4153 [idei

67 4165 250 4240 medicina.
272 4183 398 4252 Quomdo
413 4191 502 4241 autem
517 4178 634 4260 idipsum
648 4185 797 4243 rescribere
811 4188 932 4261 potuerit
947 4186 1082 4250 Gelasius,
1103 4203 1158 4242 non
1173 4193 1292 4260 apparet.

195 4267 228 4325 4.
257 4268 305 4325 llis
323 4271 494 4344 argumentis
508 4287 593 4345 quum
607 4269 763 4328 masuetus
776 4274 880 4327 animam
895 4271 942 4327 sed
959 4270 992 4326 ad
1008 4270 1160 4327 mutandam
1176 4272 1379 4343 inscriptionem

81 4334 251 4432 ''unlssitum
263 4370 346 4429 aegre
361 4354 556 4421 adduceretur,
577 4358 690 4414 accessit
710 4373 741 4413 ac
761 4359 874 4431 pervicit
893 4359 1038 4413 auctoritas
1054 4365 1175 4413 veterum
1190 4355 1313 4411 coelicum
1328 4353 1379 4409 lle-

88 4426 241 4503 “usiani
258 4439 455 4497 Bellovacensis
474 4449 557 4516 atque
571 4441 751 4514 corbeiensis,
767 4443 794 4496 in
811 4442 908 4516 quibus
924 4444 973 4498 tria
989 4443 1119 4516 epistolae
1134 4441 1215 4513 irrrjus
1231 4440 1381 4516 fragmenta

99 4507 194 4595 {elui
208 4526 355 4582 hortasii
365 4542 465 4599 popae
478 4527 605 4585 Romani
618 4527 788 4584 exhibentur.
814 4527 843 4582 ln
858 4529 890 4589 ils
905 4526 1013 4601 quidem
1029 4528 1217 4601 matrttscriptis
1233 4526 1383 4601 fragmenta

110 4585 170 4650 uia
183 4620 238 4663 non
250 4626 281 4666 ex
295 4610 411 4685 epistola
424 4614 464 4670 od
476 4613 673 4686 laurentium,
690 4612 739 4670 sed
754 4628 788 4669 es
798 4612 914 4689 epistola
926 4614 966 4669 ud
980 4613 1141 4669 Ursicinum
1152 4614 1286 4687 exscripta
1301 4627 1384 4666 anno·
1454 4668 1461 4676 ,

123 4678 227 4748 Qus.
252 4695 350 4752 Vnum
364 4695 429 4752 haec
443 4715 511 4755 nova
525 4701 676 4774 inscriptio,
694 4715 773 4773 quam
789 4697 849 4754 lalsi
864 4699 971 4753 minime
987 4698 1169 4773 postulamus,
1191 4697 1332 4773 epistolam
1351 4694 1383 4750 ab

205 4857 222 4923 ¹)
236 4857 291 4915 Hoc
309 4861 422 4931 quidem
443 4880 529 4919 secus.
569 4861 767 4928 Confer-antur,
791 4877 862 4930 quae
883 4860 920 4914 ad
942 4861 1077 4915 monitum
1100 4860 1128 4914 in
1147 4859 1249 4914 Gelasii
1271 4857 1350 4927 episi.
1369 4863 1385 4910 2

10 4936 60 5182 ι
158 4916 209 4981 tan
223 4928 245 4994 a)
259 4928 453 4987 mnouumm.
491 4933 564 5003 [nat
1166 5015 1184 5052 *
1265 4990 1272 5005 .

1140 5023 1160 5079 6
