3204 5506
228 352 292 418 408
694 366 729 413 s.
746 364 886 415 causan
908 363 1023 413 aaran

121 542 215 591 anm.
230 522 389 606 cedentes,
405 522 564 606 potestate
586 518 728 603 percelli.
774 519 876 605 An⁷²)
904 521 939 585 et
964 517 1045 585 haec
1062 519 1159 604 juxta
1180 519 1336 585 rationem
1355 520 1407 607 pr'u

121 1320 186 1374 'ille

229 623 433 711 suggerenda
454 621 660 687 nouerant?
689 620 811 706 Regiae
835 620 975 687 civitatis
1001 621 1122 687 honore
1151 621 1309 706 sublimis,
1336 622 1407 689 siis

230 730 300 792 erat
321 724 376 789 ills
404 725 495 810 regia
522 723 653 788 civitate
680 722 862 808 sublimior,
894 726 989 789 tanto
1015 725 1120 810 magis
1148 723 1185 789 in
1211 723 1264 790 his
1290 746 1407 813 suggeri

231 828 342 894 debuit
364 848 432 892 esse
455 826 664 892 constantior.
695 824 730 892 Si
752 829 860 892 autem
881 827 917 892 in
931 825 993 909 hia,
1016 848 1098 911 quae
1119 849 1179 912 pro
1200 827 1355 914 religione
1367 827 1407 893 fur

231 930 418 1015 exserenda,
442 929 568 995 exstitit
590 929 841 1014 contemptibilis
864 932 960 1014 atque
975 929 1154 1013 despectus,
1179 932 1214 996 et
1233 932 1292 994 aut
1312 930 1407 1016 segnia

230 1032 379 1098 fiduciam
403 1054 469 1098 non
492 1032 614 1096 habena
635 1030 823 1114 intimandi3
845 1032 965 1117 inquo
987 1054 1046 1117 per
1066 1030 1190 1117 regiam
1213 1031 1407 1097 civitatarnu

230 1135 362 1199 effectus
384 1133 456 1198 est?
500 1134 553 1197 An
581 1137 618 1198 ut
643 1156 701 1219 per
729 1156 766 1197 ea
794 1156 870 1198 suae
898 1133 1182 1218 praevaricationis
1211 1136 1407 1218 exerceretp

229 1236 444 1321 tyrannidem,
477 1257 573 1320 quam
606 1257 718 1301 causas
746 1236 912 1321 religionis
941 1234 1085 1321 legitime
1112 1236 1330 1321 procuraret?
1363 1233 1407 1303 Na

135 1337 215 1453 m‘f·
229 1339 385 1425 propheta
407 1338 514 1423 palam
535 1338 724 1424 publiceque
750 1338 786 1403 in
813 1338 896 1403 facie
922 1338 991 1423 regi
1013 1337 1116 1403 David
1141 1339 1174 1403 et
1197 1338 1395 1403 commissum

230 1442 394 1507 nuntiavit
415 1462 564 1523 errorem,
593 1443 626 1504 et
652 1441 757 1524 ipsum
780 1439 975 1505 commisisse
1003 1462 1067 1504 non
1093 1438 1207 1523 matut,
1237 1443 1272 1505 et
1300 1440 1407 1505 conisa

234 1546 411 1609 correctum
434 1545 666 1627 consequenter
688 1542 834 1607 absolvit.
870 1541 990 1606 Beatae
1012 1542 1185 1607 memoriae
1206 1542 1401 1625 Ambrosius,

234 1643 429 1710 diolanensis
451 1644 598 1709 sacerdos
621 1644 785 1727 eeclesiae,
814 1644 1016 1729 majorem⁷³)
1039 1643 1253 1709 Theodosium
1274 1645 1407 1729 imperat

233 1771 253 1812 a
274 1747 496 1812 communione
518 1746 645 1832 publice
667 1746 837 1831 palemque
860 1746 1043 1830 suspendit,
1073 1749 1170 1831 atque
1199 1746 1241 1811 ad
1269 1748 1407 1830 poenitet

232 1849 358 1934 redegit
379 1848 501 1934 regiain
521 1851 725 1933 potestatem.
760 1847 890 1913 ‘Beataa
913 1847 1084 1913 memoriae
1104 1871 1192 1932 papa
1212 1848 1289 1933 Leo,
1318 1849 1399 1915 sicin

232 1956 301 2036 tur,
329 1951 555 2035 imperatorem
581 1942 794 2016 Theodosium
823 1951 985 2034 juniorem
1013 1950 1178 2035 Ephesino
1206 1951 1376 2018 latrocinio
1398 1950 1407 2015 l

234 2053 380 2138 coarguit
401 2054 617 2118 excedentem.
663 2052 801 2117 Sanctae
823 2053 995 2118 memoriae
1023 2075 1147 2138 quoque
1175 2077 1261 2138 papa
1282 2053 1407 2119 Hilarus

233 2154 389 2221 themium
409 2155 646 2238 imperatorem,
670 2178 769 2239 quum
790 2154 981 2220 Philotheus
1001 2154 1254 2220 Macedonianua
1276 2155 1345 2242 ejus
1365 2156 1407 2221 iar

232 2257 329 2321 ritate
352 2255 499 2321 suffultus
522 2256 718 2321 diversarum
741 2257 954 2322 conciliabula
976 2257 1107 2339 nova⁷⁴l
1137 2260 1299 2324 sectarum
1326 2256 1407 2323 inl]

233 2358 329 2423 vellet
350 2356 511 2442 inducere,
535 2358 620 2444 apud
644 2361 773 2423 beatum
795 2359 926 2424 Petrum
948 2359 1129 2444 apostolum
1149 2359 1271 2443 palam,
1295 2381 1339 2425 ne
1353 2360 1407 2425 idi

234 2461 320 2525 clara
344 2481 419 2525 voce
442 2460 636 2524 constrinxit
657 2460 691 2524 in
712 2463 852 2544 tantum,
875 2465 911 2526 ut
932 2484 999 2526 non
1017 2484 1055 2526 aa
1068 2461 1219 2526 facienda
1242 2484 1317 2526 cum
1338 2462 1407 2529 inte

232 2562 321 2626 tione
349 2561 543 2625 sacramenti
577 2563 661 2627 idem
695 2563 899 2647 promitteret
931 2563 1139 2648 imperator.»
1160 2562 1303 2628 Sanctae
1335 2585 1407 2629 men

214 2662 443 2757 ,nihilominus
469 2685 555 2746 papa
581 2663 773 2748 Simplicius,
804 2668 837 2728 et
857 2668 932 2748 post
959 2686 1030 2729 euni
1059 2668 1192 2729 sanctae
1219 2666 1397 2733 memoriae

234 2763 335 2848 Felix,
359 2787 424 2829 non
447 2763 547 2829 solum
570 2760 761 2831 Basiliscum
788 2769 974 2851 tyranuum,
1004 2766 1056 2830 sed
1081 2766 1180 2831 etiam
1201 2767 1407 2851 imperatorer

234 2878 353 2932 nouem
374 2887 433 2951 pro
460 2866 573 2932 iisdem
594 2867 673 2953 ipsis
701 2869 883 2934 excessibus
906 2868 1096 2934 auctoritate
1127 2868 1230 2935 libera
1252 2871 1407 2957 saepiua²

234 3150 285 3192 inas
303 3143 390 3206 nesae,
418 3151 445 3192 ui
462 3159 563 3193 reusam
581 3143 715 3195 Ecclesiae
732 3146 821 3209 judea:
837 3148 934 3195 accersit
948 3146 1091 3209 judicaret.
1131 3139 1278 3206 Quaenam
1306 3144 1407 3201 autem

227 3223 422 3281 ‚ecclesiastica
439 3223 591 3291 dicoretur,
610 3224 770 3279 Ambrosius
787 3225 866 3295 epist
880 3232 911 3279 ⁴21
931 3224 968 3280 ad
985 3223 1212 3282 Valentinianum
1226 3226 1378 3296 juniorem
1395 3248 1407 3284 r

235 3308 329 3378 plicat,
348 3309 397 3364 ubi
413 3308 602 3364 Valentiniani
619 3311 631 3363 l
648 3310 747 3365 laudat
765 3309 893 3377 edictum,
917 3326 972 3379 quo
989 3309 1089 3377 sanxit,
1115 3317 1141 3366 in
1158 3332 1237 3367 cauea
1251 3319 1322 3379 fidei
1339 3321 1407 3370 sele

234 3400 293 3448 elici
310 3399 420 3460 alicuius
437 3399 536 3447 ordinis
554 3414 608 3448 eum
619 3400 743 3461 judicare
761 3399 869 3459 (ledere,
893 3401 936 3465 qai
953 3416 1117 3451 necraunere
1134 3401 1270 3466 impersit
1294 3404 1407 3467 neojur

235 3483 308 3545 milis,
327 3478 381 3533 hoc
394 3480 437 3532 est
448 3478 594 3535 Ambrosio
612 3479 777 3549 interprete:
796 3487 945 3535 sacerdotes
962 3486 995 3534 de
1012 3485 1187 3535 sacerdoribus
1198 3487 1277 3536 υοὶυίι
1289 3489 1407 3551 judicer

237 3570 311 3615 etitem
328 3568 353 3616 si
369 3569 434 3615 aliea
453 3583 550 3632 quoqne
567 3576 719 3633 arpucrciur
737 3570 879 3632 episcopas.
897 3576 922 3619 ei
940 3584 1033 3619 reorum
1051 3577 1118 3620 esaei
1134 3572 1315 3639 amiram
1332 3590 1407 3627 cmc

236 3652 299 3701 haec
317 3653 394 3701 voluit
411 3653 447 3700 ad
463 3653 609 3717 episcopale
621 3654 747 3716 judiciam
763 3655 903 3717 pertinere.
937 3650 980 3703 Ad
991 3665 1090 3705 ,mores
1107 3651 1203 3705 autem
1219 3652 1371 3711 attinebat
1381 3656 1407 3711 Ji

237 3733 266 3785 ct
283 3730 459 3785 Calendiouis
477 3748 567 3799 causa,
586 3750 637 3788 nco
655 3732 835 3803 depositionis
852 3751 944 3803 poena
965 3733 1019 3789 nisi
1036 3734 1188 3805 episcopali
1200 3736 1313 3805 judicio
1331 3738 1407 3809 pleat

237 3819 308 3870 rant.
339 3815 410 3870 Vide
429 3816 576 3886 epistolam
594 3819 758 3886 sequentem
774 3838 801 3873 n.
815 3826 830 3873 9
843 3821 873 3873 et
885 3826 925 3886 10,
943 3820 972 3874 ot
990 3836 1061 3888 quae
1079 3819 1116 3875 ad
1133 3819 1284 3891 epistolam
1302 3830 1338 3881 23
1357 3824 1407 3881 ohr

235 3918 297 3955 mus
314 3901 413 3956 recole.
1052 3949 1060 3962 ,

303 3988 335 4055 ⁷²)
355 3984 401 4040 Sic
412 3985 456 4054 0²,
473 3986 525 4041 nisi
543 3988 618 4057 quod
630 3994 706 4056 juata
724 3995 831 4052 ratione,
850 3989 897 4043 ubi
916 3989 1006 4058 magis
1024 3990 1117 4061 placet
1136 4007 1199 4047 oum
1216 3993 1322 4049 ceteris
1333 4000 1407 4063 jar-ei

237 4091 299 4127 irena.
336 4069 539 4127 lienteum
559 4070 592 4125 G'
607 4074 638 4138 e*
660 4078 702 4128 Aa
720 4079 803 4129 adhuc
821 4076 865 4143 (ΩΙ
885 4078 974 4142 adicer)
991 4081 1067 4143 jueta
1089 4081 1189 4131 ratione
1209 4083 1333 4149 principi
1353 4100 1407 4152 eug

238 4176 286 4211 non
305 4168 372 4211 erat.
407 4156 515 4212 Deinde
532 4156 617 4211 iidem
635 4165 678 4213 illa
695 4165 776 4228 repta,
795 4177 914 4232 moxque
933 4160 966 4215 G'
981 4158 1014 4225 Q¹
1034 4180 1098 4230 quae
1115 4167 1247 4230 redipiose.

304 4246 336 4310 ⁷³)
353 4241 430 4296 Editi
447 4249 542 4311 majori
563 4246 704 4300 Theodosio
721 4252 927 4304 communionem:
944 4245 1128 4301 emendantur
1145 4262 1180 4303 ex
1197 4264 1262 4303 msa.
1282 4248 1319 4315 Q¹
1329 4251 1379 4317 Ψ.

235 4329 306 4384 haec
323 4327 417 4384 omnia
435 4344 453 4382 a
470 4326 562 4383 verbis
574 4332 675 4384 Benene
692 4336 825 4385 raernorioe
842 4334 990 4385 Arnbrosius
1007 4347 1094 4400 usque
1111 4331 1149 4387 ad
1165 4338 1330 4402 mendesium
1347 4350 1393 4395 eet

238 4413 313 4468 brev.
332 4414 412 4468 form.
432 4413 540 4468 desunt.

304 4499 337 4566 ⁷⁸)
355 4498 443 4553 Abest
460 4519 523 4554 nota
541 4516 559 4554 a
576 4498 619 4565 θ’.
655 4501 687 4554 Id
704 4517 788 4571 porro
806 4516 879 4557 anno
897 4507 959 4568 467,
982 4500 1030 4571 qui
1047 4501 1190 4558 Anthemii
1206 4501 1398 4575 imperatori·

239 4583 267 4637 et
284 4581 374 4636 Hilari
391 4600 483 4654 papae
499 4586 657 4655 postremus
674 4586 735 4653 luit,
754 4586 902 4655 contigerit
919 4604 1032 4643 necesse
1049 4588 1099 4645 est

304 4669 337 4733 75)
355 4666 415 4722 Ηοο
432 4666 473 4723 ita
490 4670 532 4724 est
549 4668 770 4740 intelligendum,
788 4678 819 4726 ut
830 4670 992 4727 Basiliscum
1009 4672 1121 4743 quidem
1138 4674 1297 4744 tyranmm
1313 4679 1395 4737 solus

238 4749 295 4804 cius
312 4751 397 4806 semel
416 4752 495 4823 epist.
508 4761 524 4809 3
541 4753 701 4825 increparit,
720 4758 859 4813 Zenonem
876 4774 942 4812 vero
954 4757 1153 4829 imperatorem
1166 4774 1255 4827 quum
1265 4760 1348 4819 idem
1360 4764 1407 4821 Sin

238 4834 297 4889 turn
314 4834 392 4891 Felix
410 4838 520 4908 saepius
538 4840 716 4910 coarguerint
732 4842 774 4896 ita
791 4842 880 4898 libera
897 4843 1072 4910 auctoritate,
1090 4845 1123 4897 ut
1137 4843 1284 4904 modestia
1301 4850 1334 4905 ot
1350 4866 1407 4907 ren

239 4936 295 4990 qua
311 4921 451 4993 principes
472 4924 577 4994 alloqui
594 4926 687 4992 docet,
710 4944 766 4982 non
788 4927 904 4985 deesset.
941 4926 995 4994 Qui
1012 4930 1106 4984 autern
1122 4927 1238 4988 illorum
1255 4933 1304 4991 ad
1315 4934 1407 4995 Zehor
