3204 5506
610 353 782 403 smscona
807 343 857 401 12.
1306 338 1367 402 351

46 494 242 592 auguste,
279 508 394 592 quibus
416 506 641 591 principaliter-
659 507 797 571 mundus
820 506 872 571 hic
888 507 1025 591 regitur:
1050 506 1224 570 aucteritas
1242 511 1369 570 sacrata
1382 519 1493 585 (anan)

46 609 299 694 pontificum,
324 612 357 674 et
379 608 496 694 regalis
518 600 671 693 potestas.
706 609 746 673 In
768 609 882 692 quibus
905 612 998 672 tanto
1020 609 1150 693 gravius
1173 612 1222 672 est
1244 609 1368 692 pondus

44 711 316 795 sacerdotum,
350 714 470 796 quanto
492 711 589 775 etiam
615 733 673 795 pro
695 711 773 794 ipsis
796 711 926 795 regibus
955 710 1167 794 hominumn)
1196 711 1231 773 in
1260 711 1368 774 divino

44 814 248 879 reddituri
274 817 351 878 sunt
372 813 518 878 examine
539 813 708 878 rationem.
754 812 847 877 Nosti
871 813 1005 895 etenim,
1039 813 1085 876 fili
1109 812 1365 896 clementissime,

44 917 155 1001 quod
186 915 279 981 licet
299 915 482 1000 praesideas
504 914 644 979 humano
673 916 784 1000 generi
813 915 988 1000 dignitate,
1018 936 1123 979 rerum
1144 918 1254 980 tamen
1277 937 1367 999 prae·

45 1017 209 1083 sulibus
234 1017 423 1083 divinarum
445 1017 577 1082 devotus
600 1017 682 1081 colla
704 1017 877 1099 submittis
907 1022 1002 1102 atque
1025 1017 1066 1080 ab
1089 1018 1134 1080 eis
1158 1039 1269 1081 causas
1291 1021 1366 1082 tuae

46 1119 198 1185 salutis
236 1119 470 1205 exspectas¹¹),
497 1120 595 1203 inque
623 1120 786 1184 sumendis
814 1119 1004 1183 coelestibus
1027 1120 1236 1183 sacramentis
1259 1120 1367 1204 eisque

44 1226 95 1287 ut
121 1223 309 1307 competit
331 1221 547 1306 disponendis,
571 1221 664 1286 subdi
685 1226 724 1293 te.
740 1222 855 1286 debere
877 1222 1045 1306 cognoscis
1066 1222 1232 1306 religionis
1255 1222 1366 1285 ordine

47 1325 190 1410 potius
215 1346 323 1409 quam
344 1345 509 1409 praeesse,
543 1324 651 1408 itaque
661 1325 700 1410 ¹²)
729 1325 814 1388 inter
841 1323 921 1388 haec
949 1347 987 1388 ex
1014 1324 1140 1387 illorum
1167 1328 1200 1388 te
1228 1324 1367 1406 pendere

40 1427 222 1512 judicio,
265 1449 335 1490 non
362 1426 433 1492 illos
467 1427 506 1490 ad
534 1430 624 1490 tuam
651 1427 732 1490 velle
760 1426 864 1511 redigi
892 1427 1100 1490 voluntatem.
1157 1424 1240 1511 Si¹³)
1268 1427 1364 1509 enim,

10 1586 14 1591 .
47 1534 248 1616 quantum
274 1528 316 1592 ad
337 1525 481 1593 ordinem
503 1528 645 1612 pertinet
666 1527 811 1612 publicae
834 1528 1032 1611 disciplinae,
1058 1533 1287 1612 cognoscentes
1309 1530 1366 1592 irn-

48 1634 209 1719 perium
234 1631 302 1695 tibi
324 1653 462 1714 superna
483 1630 691 1714 dispositione
714 1630 880 1713 collatum,
918 1630 1044 1715 legibus
1073 1631 1136 1695 tuis
1158 1631 1220 1715 ipsi
1243 1653 1366 1714 qnoque

50 1738 201 1821 parent
226 1733 400 1818 religionis
423 1733 596 1815 antistites,
619 1754 661 1796 ne
683 1732 733 1797 vel
755 1733 788 1797 in
808 1733 902 1797 rebus
917 1733 1089 1797 mundanis
1112 1733 1259 1797 exclusae
1282 1734 1365 1796 vide-

51 1842 176 1904 antur
211 1835 352 1900 obviate
379 1835 575 1917 sententiae,
609 1857 681 1919 quo,
711 1837 814 1920 oro¹⁴)
836 1841 879 1917 te,
905 1835 995 1899 decet
1018 1838 1135 1900 affectu
1158 1836 1203 1898 eis
1225 1836 1364 1919 obedire,
1428 1816 1434 1828 ⁹

52 1941 120 2026 qui
153 1937 413 2025 'praerogandis
445 1936 681 2001 venerabilibus
712 1940 788 2002 sunt
821 1937 968 2001 attributi
1001 1938 1184 2022 mysteriis?
1227 1938 1366 2003 Proinde

54 2044 158 2108 sicut
185 2062 264 2105 non
289 2038 359 2103 leve
381 2039 553 2103 discrimen
573 2039 733 2103 incumbit
755 2039 976 2123 pontificibus,
1006 2040 1130 2103 siluisse
1157 2063 1216 2124 pro
1239 2039 1364 2104 Divini-

56 2147 151 2210 ratis
179 2143 296 2224 cultu,
320 2142 404 2226 quod
426 2142 590 2226 congruit;
624 2142 671 2205 ita
693 2141 754 2224 his,
778 2141 862 2225 quod
885 2142 984 2224 absit,
1014 2163 1080 2205 non
1102 2142 1260 2206 mediocre
1282 2145 1364 2226 peri-

58 2248 188 2313 culum
226 2248 293 2327 est,
328 2245 398 2328 qui,
427 2267 525 2330 quum
552 2267 665 2328 parere
693 2244 842 2326 debeant,
878 2244 1069 2328 despiciunt.
1114 2244 1158 2307 nt
1188 2246 1214 2308 si
1240 2246 1365 2309 cunctis

59 2348 289 2436 generaliter
312 2347 530 2411 sacerdotibus
558 2351 643 2411 reete
666 2347 775 2411 divina
801 2348 1016 2411 tractantibus
1044 2346 1185 2410 fidelium
1215 2349 1366 2412 convenit

62 2453 175 2518 corda
202 2449 371 2531 submitti,
395 2452 516 2533 quanto
538 2450 644 2534 potius
666 2450 749 2513 sedis
772 2449 858 2512 illius
881 2450 1021 2532 praesuli
1045 2472 1217 2513 consensus
1240 2455 1290 2514 est
1311 2452 1364 2514 ad·

62 2554 269 2637 bibendus,
308 2574 403 2636 quem
439 2553 563 2617 cunctis
597 2553 813 2616 sacerdotibus
847 2556 880 2616 et
908 2552 1069 2617 Divinitas
1106 2576 1229 2617 summa
1265 2553 1367 2619 voluit

142 2799 181 2863 ¹⁰)
201 2792 286 2848 Loco
310 2797 432 2847 bominum
449 2791 549 2845 Bsron.
570 2791 715 2845 substituit
732 2796 851 2853 Domino,
870 2791 945 2859 quod
964 2791 1063 2844 exinde
1081 2789 1260 2861 arripuerunt
1278 2793 1365 2847 edito-

67 2899 116 2937 res
140 2878 340 2935 conciliorum
362 2876 437 2930 nullo
458 2877 631 2945 suffragante
654 2895 705 2931 ms
747 2876 801 2930 Sed
824 2879 853 2931 et
876 2876 903 2928 in
928 2876 1043 2930 concilio
1065 2877 1214 2930 Parisiensi
1231 2878 1268 2930 Vl
1292 2895 1364 2933 anno

67 2973 124 3023 829
143 2984 172 3021 e.
188 2973 217 3032 3,
236 2962 317 3033 quod
336 2961 486 3031 capitular.
505 2961 553 3015 lib.
572 2970 595 3015 a.
616 2979 637 3015 c.
656 2969 706 3016 319
724 2961 858 3015 insertum
877 2962 926 3026 est,
949 2961 979 3014 et
1001 2962 1076 3030 apud
1094 2962 1214 3015 Anselm.
1233 2964 1258 3028 1,
1275 2970 1307 3017 85
1326 2964 1364 3031 (in

10 3036 12 3043 Ι
69 3052 140 3107 vna
163 3051 253 3119 1364)
277 3049 355 3102 loeus
373 3047 425 3100 iste
441 3045 573 3100 laudatur
592 3037 653 3100 cuin
671 3047 807 3101 vocabulo
825 3052 959 3107 teacinam,
984 3046 1059 3114 qnod
1078 3053 1105 3099 et
1124 3047 1248 3100 subnexa
1270 3050 1363 3116 postu-

10 3096 18 3181 ζ
71 3138 145 3192 lent.
189 3132 342 3203 Principes
365 3152 439 3202 reges
456 3137 577 3187 hominum
600 3135 629 3185 et
651 3133 796 3201 pontifices
817 3139 950 3201 praesides
969 3138 1107 3185 diuinorum
1124 3152 1208 3185 rerum
1227 3131 1363 3199 dicuntur,

71 3223 144 3291 quia
163 3218 213 3273 illi
231 3223 343 3273 Ιυιηιαηα
362 3223 551 3279 administrant,
569 3215 599 3269 hi
617 3216 702 3271 etiam
720 3217 833 3286 regibus
852 3223 937 3270 diuina
955 3223 1116 3284 dispensant,
1136 3220 1168 3269 ut
1186 3216 1289 3270 Gelcsii
1306 3235 1363 3270 sue·

10 3316 17 3371 t
73 3322 177 3360 censor
191 3302 382 3373 Symmachus
401 3302 480 3372 epist.
496 3309 527 3356 10
539 3321 564 3355 n.
579 3308 594 3355 8
612 3303 763 3370 ipsummet
775 3302 952 3355 Anastasius
966 3302 1109 3369 alloquens
1122 3302 1249 3371 explicat.
1276 3301 1362 3356 Simili

10 3380 14 3429 ='
73 3391 197 3444 ratione
215 3390 248 3443 et
268 3387 432 3456 Fulgentius
449 3387 484 3441 de
503 3387 580 3441 verit.
600 3388 740 3456 praedest.
760 3389 789 3440 et
811 3390 883 3455 grat.
903 3388 926 3439 ll
947 3405 968 3439 e.
982 3394 1014 3439 22
1033 3386 1174 3455 geminam
1192 3386 1268 3441 illam
1286 3393 1364 3456 pote-

73 3479 192 3531 statem
209 3473 253 3527 sic
273 3472 370 3526 definit
386 3474 471 3542 atquc
490 3472 648 3541 distinguit:
678 3477 799 3536 Quarrtum
817 3479 928 3540 pertinet
946 3479 981 3525 od
1002 3477 1078 3539 bajus
1097 3480 1216 3541 ternporis
1233 3481 1319 3537 υὸίαηι,
1339 3480 1385 3527 in·

78 3565 209 3616 Ecclesia
227 3577 303 3611 neno
323 3564 443 3627 pontifice
460 3564 559 3625 potior,
584 3570 608 3610 et
625 3563 652 3611 ia
669 3565 771 3612 soeculo
790 3562 933 3611 saraziano
952 3564 1107 3625 separatore
1126 3579 1195 3612 nemo
1213 3567 1306 3612 celsior
1323 3566 1362 3613 in·

75 3656 195 3701 num.
227 3641 304 3697 inde
322 3645 352 3697 et
369 3642 467 3697 Felicis
483 3644 509 3696 ll
526 3643 606 3712 epist.
620 3649 703 3705 8]ιὸ
721 3643 757 3696 ad
775 3643 922 3696 Zenonem.

150 3732 188 3797 ¹¹)
201 3728 252 3782 Sic
263 3727 391 3798 plerique
403 3744 436 3782 ae
447 3729 570 3798 potiores
582 3746 645 3781 mss.
656 3729 704 3796 (Ι)ὃ
713 3730 748 3782 0²
758 3730 806 3795 0¹),
818 3728 855 3781 N·'l
865 3728 967 3797 (prima
975 3746 1059 3782 manu
1069 3730 1131 3783 eum
1140 3729 1174 3782 ΡΛ
1184 3729 1225 3781 l¹¹¹¹
1236 3734 1363 3799 expertis)

77 3817 113 3872 0¹
126 3827 278 3886 expectes,
296 3812 365 3866 editi
383 3813 478 3881 (etiam
490 3814 517 3866 d¹
533 3813 572 3880 (Β)
586 3821 696 3880 expetis.
725 3812 786 3866 Huc
803 3815 912 3881 spectat
923 3812 991 3865 illud
1005 3813 1163 3882 Synunachi
1177 3832 1268 3884 papae
1282 3815 1360 3884 epist.

80 3909 113 3956 1⁰
129 3921 159 3956 n
175 3906 208 3954 8:
234 3902 274 3951 Tu
290 3903 431 3966 imperator
451 3919 467 3952 a
487 3904 607 3966 pontifice
629 3904 776 3967 baptismam
799 3905 907 3966 accipis,
930 3913 1091 3953 comanente
1113 3907 1200 3960 sarna,
1224 3909 1363 3955 orationem

77 3986 185 4058 paleis,
204 3989 409 4038 benedictionem
420 4003 523 4052 speras,
534 3990 715 4052 poeaitentiam
727 4004 811 4050 rogas.
840 3983 905 4035 Mox
918 4004 936 4036 α
948 3984 984 4036 D⁹
997 3985 1031 4037 Fd
1044 3985 1084 4037 Fe
1097 3990 1202 4053 binaque
1215 4002 1265 4053 pro
1279 3992 1362 4055 inque.

151 4077 187 4143 ¹¹)
206 4072 242 4125 ln
260 4067 381 4138 vulgatis
400 4069 532 4137 (exceptis
550 4068 577 4120 d¹
592 4068 632 4135 (Ρ)
652 4073 727 4123 Nosti
743 4076 837 4138 itaque.
859 4068 983 4122 Verbum
1000 4076 1067 4124 nosti
1085 4066 1218 4125 abest'ab
1236 4072 1362 4126 omnibus

77 4178 145 4216 mn.
177 4154 294 4211 Deinde
307 4153 335 4207 d'
349 4152 454 4208 subdit:
473 4159 565 4223 Itaque
578 4166 621 4207 luo
638 4159 745 4208 intereat
764 4161 907 4208 ceillerum
921 4167 944 4208 te
962 4162 1088 4223 pendere,
1108 4156 1308 4210 reluctantibus
1321 4175 1362 4212 ee

78 4246 149 4301 teria
169 4241 261 4299 editis
284 4240 316 4293 et
332 4239 459 4293 omnibus
476 4256 538 4293 mss.
580 4239 667 4292 Porro
690 4246 775 4309 itaque
797 4240 872 4293 idem
890 4242 982 4300 sonat,
1006 4241 1081 4308 quod
1104 4253 1180 4310 aeque
1198 4250 1233 4294 ita
1251 4258 1299 4296 seu
1317 4249 1361 4296 ad-

77 4351 171 4402 eoque.
210 4326 264 4395 (Εὖ
281 4323 445 4394 simpliciter
467 4336 492 4378 el
512 4331 581 4379 inter
602 4328 683 4393 tace).
720 4326 792 4379 Ante
810 4326 897 4380 verba
915 4330 1009 4380 autem
1031 4333 1144 4393 prendere
1168 4329 1197 4380 et
1219 4334 1279 4380 velle
1299 4328 1361 4381 sub-

78 4416 173 4471 audiri
192 4417 295 4469 debere
314 4426 397 4464 nemo
415 4426 470 4463 non
487 4410 570 4464 videt.

148 4505 184 4567 ¹³)
202 4497 292 4554 Solus
311 4494 341 4548 d'
358 4501 503 4548 sicutenim
520 4495 727 4565 refragantibus
745 4512 808 4550 mss.
829 4497 857 4550 et
874 4496 963 4550 editis.

146 4590 181 4656 ¹⁴)
199 4584 242 4639 K'
260 4601 314 4653 quo
326 4599 375 4635 oro
387 4591 412 4633 te
424 4585 518 4648 affectu
530 4587 566 4636 eia
578 4588 692 4635 convenit
705 4586 817 4635 (stedine.
848 4583 879 4634 ln
898 4582 957 4636 aliis
971 4581 1014 4648 (Fi
1027 4580 1066 4633 ΡΗ]
1081 4578 1112 4645 Q¹
1127 4582 1161 4635 V¹
1176 4582 1233 4651 Vb:
1253 4605 1302 4652 quo
1314 4606 1360 4639 oro

74 4671 122 4740 (W
134 4694 189 4744 qua
207 4674 293 4737 aare)
312 4676 338 4719 te
358 4670 432 4719 decet
442 4671 536 4734 affeetu
548 4673 584 4720 eia
596 4672 725 4726 convenit:
744 4669 776 4719 0¹
791 4667 853 4720 Oto
871 4689 920 4736 qno
932 4688 994 4735 rope
1012 4678 1045 4719 te.
1076 4667 1183 4720 Deinde
1201 4669 1219 4721 b
1238 4671 1267 4722 et
1285 4687 1360 4738 sequ.

74 4776 151 4815 (cuc.
172 4755 249 4813 edit
268 4749 482 4808 substituenmt
499 4757 541 4820 qui
556 4771 606 4819 pro
625 4757 761 4820 erogandis
779 4752 858 4805 male.
891 4751 966 4805 Idem
979 4752 1104 4806 Gelasius
1117 4770 1160 4821 ep.
1175 4759 1213 4806 14.
1228 4771 1249 4807 c.
1264 4761 1362 4810 teani

72 4850 194 4914 corporo
210 4843 452 4912 praerwauoaem
469 4837 518 4890 sub
532 4837 679 4906 conspectu
698 4835 834 4905 pontificis
852 4838 895 4890 vel
913 4835 1072 4907 presbyteri
1085 4837 1231 4893 exercendi
1245 4838 1292 4907 jus
1304 4839 1360 4893 dia-

72 4929 147 4986 conis
165 4925 273 4997 negat.
