3204 5506
476 378 689 427 sanonum
712 369 836 426 8—12.
1224 364 1289 432 189

100 533 278 616 :valentes
301 533 460 599 ordinatio
482 532 537 596 illa
559 535 665 618 petest
687 533 853 617 perficere:
875 534 1030 621 scilieet³)
1053 535 1079 599 si
1095 557 1174 620 ques
1188 534 1288 601 habes

100 635 136 700 in
158 635 313 721 acolythis
334 635 390 720 {vel
413 634 446 700 in
470 634 717 700 subdiaconibus
744 635 926 702 maturioris
953 637 1069 703 aetatis
1099 641 1132 702 et
1154 660 1288 722 quorum

100 738 156 803 ite
175 739 361 824 probabilia,
385 736 443 803 hos
459 738 493 802 in
509 738 765 823 presbyteratum
780 738 908 803 studeas
923 761 1124 823 promovere:
1146 743 1183 805 ut
1197 741 1252 825 qui
1260 743 1286 827 ⁴)

100 841 147 906 ris
168 842 334 908 ordinibus
356 841 510 927 proficere
531 840 703 923 noluerint,
727 840 901 905 reddantur
915 842 980 906 suis
994 842 1199 907 inferioribus
1214 846 1288 927 pest

100 965 178 1028 »res3
215 945 348 1030 ipsaque
382 942 546 1009 commoda
581 943 759 1027 presbyteri
792 943 980 1028 propensius
1013 967 1108 1030 quam
1136 945 1286 1011 diacones

100 1050 276 1132 66666666,
306 1049 343 1111 66
364 1047 425 1111 hac
447 1045 561 1110 saltem
583 1046 708 1110 ratione
731 1045 913 1129 constricti,
942 1049 976 1113 et
994 1046 1164 1131 honorem,
1193 1070 1288 1132 quem

100 1152 221 1232 gerant,
245 1152 396 1238 appetere
418 1149 566 1214 nitantur
589 1151 622 1212 et
643 1151 819 1232 quaestum.

472 1319 755 1424 Fragmentum
783 1321 834 1404 11.

100 1465 224 1529 panope,
245 1466 289 1530 qui
305 1465 341 1513 ad
356 1465 504 1520 comitatum
524 1467 549 1510 ui
568 1461 603 1511 idi
619 1476 719 1511 caueam
738 1463 844 1519 diceret,
863 1469 952 1512 cenea
967 1463 1011 1525 sos
1028 1467 1167 1528 compulsus
1181 1464 1279 1526 suerat.

174 1578 360 1645 Gelasius
382 1602 484 1664 papa
506 1577 698 1643 Gerontio
721 1580 758 1641 et
779 1575 957 1642 Johanni
980 1579 1190 1664 episcopis,

100 1695 221 1763 Frater
243 1702 276 1764 et
298 1698 503 1782 coepiscopus
525 1702 635 1762 noster
656 1696 794 1762 Serenus
819 1696 920 1761 tantis
942 1701 990 1762 est
1013 1699 1212 1763 coutumeliis
1235 1723 1289 1785 ap·

100 1820 159 1885 us,
194 1803 319 1866 utnon
341 1801 410 1865 sine
433 1805 544 1865 nestra
566 1800 664 1864 fuerit
685 1799 850 1864 lacessitus
872 1799 1008 1884 injuria,
1037 1801 1111 1884 quia
1133 1801 1172 1865 ad
1196 1803 1290 1866 eomi-

100 1923 126 1965 n
148 1904 269 1968 domini
292 1904 351 1968 filii
373 1903 475 1968 nestri
498 1903 584 1987 regis
612 1924 670 1986 pre
692 1902 893 1966 immanitate
920 1903 999 1966 faeti
1022 1904 1128 1968 venire
1151 1905 1290 1989 compul-

100 2028 102 2056 1
135 2010 193 2070 est.
232 2005 329 2071 Hune
351 2027 428 2091 ergo
450 2005 598 2069 omnibus
621 2004 712 2068 decet
735 2028 753 2067 6
775 2004 867 2069 nobis
890 2004 1013 2067 solatiis
1034 2005 1192 2089 adjuvari,
1216 2005 1290 2090 quia

100 2106 149 2172 tis
172 2108 299 2191 crescit,
323 2107 476 2194 quidquid
497 2108 533 2172 in
555 2106 614 2172 tali
637 2128 733 2171 causa
755 2106 910 2191 probatur
933 2107 1120 2190 impensum.

477 2279 757 2383 Fragmentum
785 2279 836 2361 12.

115 2423 152 2473 Ul
170 2425 239 2486 lepra
257 2421 424 2471 Itomuuorum
440 2421 583 2484 principum
600 2420 670 2468 circu
687 2419 854 2468 reuerentiam
872 2417 895 2472 d.
910 2418 984 2469 Petri
1001 2425 1071 2469 curet
1089 2421 1196 2472 seruari.

177 2537 361 2602 Gelasius
383 2534 628 2600 Theoderico
652 2535 749 2619 regi.

100 2658 239 2724 Certum
262 2660 327 2739 est,
356 2655 631 2741 magnificentiam
654 2657 792 2718 vestram
820 2655 909 2738 leges
932 2655 1147 2721 Romanorum
1174 2658 1291 2741 prinei-

100 2808 115 2840 ,
140 2759 278 2848 quasin
299 2758 439 2843 negotiis
460 2757 626 2822 hominum
650 2756 874 2822 custodiendas
897 2781 965 2823 esse
986 2758 1165 2843 praecepit,
1192 2759 1292 2827 multo

100 3007 234 3067 zzjurrum
251 3010 301 3065 est,
321 3009 348 3051 ue
366 3016 435 3052 uerno
454 3015 572 3051 erescere
590 3003 754 3064 compellatur
772 3002 870 3053 invitm,
901 2995 973 3050 Hine
988 2996 1018 3050 et
1029 3013 1046 3049 a
1059 2995 1200 3066 Simplicio
1214 2999 1292 3067 epist.

123 3086 280 3140 iohannem
298 3082 458 3154 episcopum
477 3082 680 3148 Ravennatem,
703 3081 777 3148 quod
796 3080 943 3148 quemdam
965 3081 1162 3151 presbyterum
1179 3081 1294 3137 invitum

100 3184 187 3242 :apum
207 3170 406 3234 consecrasset,
425 3167 647 3222 animadversum
665 3166 791 3220 vidimus.

100 3256 110 3316 i
131 3257 203 3311 Ze*⁰
221 3254 323 3309 omisso
340 3258 437 3308 seilicet
460 3250 559 3306 deinde
582 3260 621 3307 uel
637 3255 800 3306 subdiaconis
816 3257 968 3306 maturiores
990 3262 1085 3305 aetate.
1121 3252 1207 3306 Paule
1230 3255 1294 3307 ante

100 3353 130 3396 ui
147 3342 219 3408 (loco
234 3343 320 3408 ficret).

100 3425 210 3488 >suec
227 3425 318 3480 altera
335 3441 399 3493 pars
418 3441 435 3478 a
452 3423 594 3494 superiore
613 3423 749 3477 distracta
771 3422 800 3476 in
818 3422 853 3475 Ι)θ
867 3425 903 3478 111
922 3422 963 3476 ita
981 3421 1093 3477 citatur:
1124 3427 1169 3477 Em
1186 3430 1295 3493 rapuero

100 3515 124 3563 ii
145 3516 244 3580 Papae.
283 3512 331 3575 Qui
351 3515 478 3578 proficere
500 3521 548 3562 ete.
589 3509 666 3578 Erga
688 3507 801 3562 elericos
827 3507 986 3578 hujusmodi
1007 3506 1159 3564 severiores
1186 3510 1296 3564 fuerunt

100 3593 157 3649 ani.
189 3593 333 3663 Siquidem
350 3594 378 3649 in
397 3594 511 3663 vulgato
530 3592 624 3647 codiee
643 3609 779 3647 canonum
798 3592 930 3648 ecelesiae
943 3592 1091 3650 Africanae
1110 3611 1133 3650 e.
1147 3600 1178 3650 31
1198 3595 1295 3649 eonsti-

100 3682 153 3747 lnt,
170 3681 202 3734 ut
219 3686 358 3750 quicunque
375 3684 463 3734 cleriei
480 3685 519 3733 uel
536 3685 639 3733 diaconi
654 3699 704 3746 pre
723 3682 915 3733 necessitalibus
933 3684 1094 3734 ecelesiarum
1107 3699 1156 3735 nea
1169 3684 1293 3750 66166666-

100 3770 140 3818 im
163 3771 292 3834 epr'seopis
312 3770 366 3819 ruis
383 3768 520 3818 uolentibus
543 3783 587 3819 eos
603 3768 775 3818 adhererem
792 3770 937 3832 ampliorem
955 3770 982 3819 in
998 3784 1046 3819 sua
1062 3771 1173 3821 ecclesia
1192 3786 1294 3834 promo-

123 3871 167 3905 nee
188 3856 240 3906 illic
262 3855 404 3904 minstreul
426 3856 452 3904 in
472 3855 556 3918 prmum
576 3869 634 3911 suo,
657 3854 723 3903 uude
744 3855 867 3904 recedere
885 3857 1026 3905 noluerunt.
1062 3851 1126 3906 Jam
1143 3867 1210 3906 vero
1228 3850 1297 3905 nihil

113 3935 235 3990 Gelenius
257 3934 302 3990 hic
324 3934 430 3989 6666616.
471 3933 543 3988 Nam
565 3935 595 3989 et
616 3936 700 3989 antea
717 3933 874 4005 Simplicius
893 3934 972 4006 oqaist.
993 3941 1005 3989 1
1024 3954 1050 3991 n.
1071 3944 1160 3992 anon
1178 3953 1297 4006 acquam

100 4018 137 4074 :iu
152 4018 402 4076 ecclesiasticorum
419 4021 606 4089 proventuum
624 4019 795 4090 portionem,
813 4020 863 4076 sed
878 4041 929 4090 pro
947 4027 1100 4089 simpuloruu
1117 4027 1213 4076 merim
1231 4021 1297 4076 divi-

102 4120 149 4159 arn
166 4105 307 4161 decuerat.
344 4105 447 4160 Postea
464 4107 493 4159 at
511 4104 657 4160 concilium
674 4104 847 4161 Emeritense
865 4121 938 4160 anno
957 4111 1007 4161 666
1024 4106 1240 4163 habitume.14
1257 4107 1297 4162 ite

100 4188 200 4245 nonum
222 4193 279 4246 tres
300 4191 395 4260 partes
417 4190 548 4259 aequales
574 4190 633 4245 fieri
656 4190 726 4253 vult,
754 4202 780 4245 ul
802 4211 876 4244 auara
898 4197 1033 4260 episeopus
1060 4195 1164 4254 iubent,
1190 4198 1297 4245 alimum

100 4275 173 4343 '’pteri
193 4287 218 4330 el
242 4282 364 4330 diacones
437 4280 504 4330 incer
520 4296 560 4341 se,
580 4287 607 4329 ut
625 4281 736 4343 diprritas
754 4287 780 4330 et
797 4281 861 4331 ordo
885 4282 1046 4344 poposcerit,
1070 4282 1195 4338 dividant,
1218 4284 1297 4331 teriia

111 4365 299 4417 mumoniae
321 4371 346 4415 et
368 4366 469 4414 cleric-is
490 4365 632 4425 tribuatur,
656 4371 681 4415 ul
701 4382 717 4414 a
739 4366 896 4430 primiclero,
914 4367 997 4427 juxta
1016 4367 1085 4430 qued
1106 4369 1132 4415 in
1148 4365 1235 4429 ospicio
1254 4380 1297 4416 eoa

100 4450 144 4500 scil
158 4466 215 4501 erra
232 4452 356 4514 inientes,
375 4451 413 4500 ila
428 4451 534 4513 siapalis
552 4451 721 4514 ‹iispenselua

103 4530 123 4597 ¹)
137 4529 194 4597 Quo
211 4531 343 4586 nimirum
361 4530 398 4585 ed
416 4530 561 4585 dicendam
579 4548 690 4586 causam
707 4530 782 4585 idem
800 4530 926 4585 Gelenius
945 4530 1023 4600 epist.
1038 4538 1071 4586 23
1088 4547 1140 4586 noc
1158 4529 1297 4601 simplices

100 4629 145 4669 >ces
164 4616 216 4671 nisi
234 4615 348 4671 calcatis
369 4615 474 4684 regulis
491 4616 618 4670 omnibus
637 4615 765 4686 compelli
786 4614 909 4686 petuisse
933 4614 1077 4671 contendit
1093 4617 1124 4672 et
1140 4616 1296 4687 compulsor

114 4697 269 4770 ingemiscit.
306 4701 398 4771 Atque
415 4701 466 4756 hos
485 4702 598 4771 quidem
615 4720 671 4757 non
688 4701 741 4756 nisi
758 4701 825 4771 quia
842 4701 976 4756 celassent
993 4701 1150 4757 clericalem
1170 4701 1297 4771 gradum,

100 4784 183 4854 eptas,
205 4786 369 4855 statimque,
391 4787 424 4840 66
440 4787 464 4840 is
482 4786 644 4842 manifestus
662 4788 752 4842 factus
771 4789 826 4854 est,
849 4787 886 4841 ad
904 4786 1073 4857 apostelicae
1090 4786 1164 4842 sadis
1181 4804 1297 4843 eumen

100 4868 151 4923 aies
171 4888 246 4939 esse,
271 4888 389 4942 sequens
416 4873 604 4943 fragmentum
628 4879 672 4941 13,
700 4872 747 4928 ubi
770 4874 799 4927 et
824 4874 888 4927 teta
914 4889 999 4927 causa
1021 4871 1187 4944 explicatur,
1214 4871 1297 4928 fidem
