<?xml version="1.0" encoding="UTF-8"?>
<!DOCTYPE html PUBLIC "-//W3C//DTD XHTML 1.0 Transitional//EN"
    "http://www.w3.org/TR/xhtml1/DTD/xhtml1-transitional.dtd">
<html xmlns="http://www.w3.org/1999/xhtml" xml:lang="en" lang="en">
 <head>
  <title>
</title>
<meta http-equiv="Content-Type" content="text/html;charset=utf-8" />
  <meta name='ocr-system' content='tesseract 3.04.00' />
  <meta name='ocr-capabilities' content='ocr_page ocr_carea ocr_par ocr_line ocrx_word'/>
</head>
<body>
  <div class='ocr_page' id='page_1' title='image "./epistolaeromano00thiegoog/epistolaeromano00thiegoog_0148.png"; bbox 0 0 3204 5506; ppageno 0'>
   <div class='ocr_carea' id='block_1_1' title="bbox 566 341 1381 406">
    <p class='ocr_par' dir='ltr' id='par_1_1' title="bbox 566 341 1381 406">
     <span class='ocr_line' id='line_1_1' title="bbox 566 341 1381 406; baseline 0.01 -8"><span class='ocrx_word' id='word_1_1' title='bbox 566 351 755 401; x_wconf 78' lang='lat' dir='ltr'><strong>uersrouns</strong></span> <span class='ocrx_word' id='word_1_2' title='bbox 781 343 925 403; x_wconf 88' lang='lat'>13—15.</span> <span class='ocrx_word' id='word_1_3' title='bbox 1339 341 1381 406; x_wconf 86' lang='grc'><strong>99</strong></span> 
     </span>
    </p>
   </div>
   <div class='ocr_carea' id='block_1_2' title="bbox 10 495 1486 1783">
    <p class='ocr_par' dir='ltr' id='par_1_2' title="bbox 10 495 1486 1783">
     <span class='ocr_line' id='line_1_2' title="bbox 165 495 1380 586; baseline 0.009 -24"><span class='ocrx_word' id='word_1_4' title='bbox 165 509 298 586; x_wconf 79' lang='lat' dir='ltr'><strong>antipatrum</strong></span> <span class='ocrx_word' id='word_1_5' title='bbox 312 509 380 566; x_wconf 81' lang='lat' dir='ltr'><strong>tiiles</strong></span> <span class='ocrx_word' id='word_1_6' title='bbox 397 520 426 568; x_wconf 84' lang='lat' dir='ltr'><strong>et</strong></span> <span class='ocrx_word' id='word_1_7' title='bbox 444 510 551 568; x_wconf 87' lang='lat' dir='ltr'><strong>traditio</strong></span> <span class='ocrx_word' id='word_1_8' title='bbox 567 495 725 568; x_wconf 72' lang='lat' dir='ltr'><strong>intemerata</strong></span> <span class='ocrx_word' id='word_1_9' title='bbox 740 522 873 569; x_wconf 87' lang='lat' dir='ltr'><strong>servetur.</strong></span> <span class='ocrx_word' id='word_1_10' title='bbox 909 512 973 569; x_wconf 89' lang='lat' dir='ltr'><strong>lude</strong></span> <span class='ocrx_word' id='word_1_11' title='bbox 990 531 1052 569; x_wconf 89' lang='lat' dir='ltr'><strong>vero</strong></span> <span class='ocrx_word' id='word_1_12' title='bbox 1075 516 1175 570; x_wconf 86' lang='lat' dir='ltr'><strong>sensim</strong></span> <span class='ocrx_word' id='word_1_13' title='bbox 1198 515 1326 572; x_wconf 88' lang='lat' dir='ltr'><strong>dilabitur</strong></span> <span class='ocrx_word' id='word_1_14' title='bbox 1347 517 1380 573; x_wconf 91' lang='lat' dir='ltr'><strong>ad</strong></span> 
     </span>
     <span class='ocr_line' id='line_1_3' title="bbox 161 589 1380 676; baseline 0.005 -25"><span class='ocrx_word' id='word_1_15' title='bbox 161 589 311 661; x_wconf 73' lang='lat' dir='ltr'><strong>lunatam,</strong></span> <span class='ocrx_word' id='word_1_16' title='bbox 326 614 408 671; x_wconf 87' lang='lat' dir='ltr'><strong>quam</strong></span> <span class='ocrx_word' id='word_1_17' title='bbox 426 596 575 653; x_wconf 86' lang='lat' dir='ltr'><strong>Orientalos</strong></span> <span class='ocrx_word' id='word_1_18' title='bbox 590 596 717 653; x_wconf 89' lang='lat' dir='ltr'><strong>inducere</strong></span> <span class='ocrx_word' id='word_1_19' title='bbox 733 597 871 660; x_wconf 88' lang='lat' dir='ltr'><strong>volebant,</strong></span> <span class='ocrx_word' id='word_1_20' title='bbox 894 594 1147 661; x_wconf 64' lang='lat' dir='ltr'><strong>dissimulationem,</strong></span> <span class='ocrx_word' id='word_1_21' title='bbox 1169 608 1380 676; x_wconf 72' lang='lat' dir='ltr'><strong>constanterque</strong></span> 
     </span>
     <span class='ocr_line' id='line_1_4' title="bbox 156 673 1379 759; baseline 0.002 -20"><span class='ocrx_word' id='word_1_22' title='bbox 156 673 219 746; x_wconf 68' lang='lat' dir='ltr'><strong>tleret,</strong></span> <span class='ocrx_word' id='word_1_23' title='bbox 237 682 526 756; x_wconf 79' lang='lat' dir='ltr'><strong>noallritycbianorum</strong></span> <span class='ocrx_word' id='word_1_24' title='bbox 543 691 646 739; x_wconf 70' lang='lat' dir='ltr'><strong>unium</strong></span> <span class='ocrx_word' id='word_1_25' title='bbox 674 683 721 738; x_wconf 91' lang='lat' dir='ltr'><strong>scd</strong></span> <span class='ocrx_word' id='word_1_26' title='bbox 745 691 771 739; x_wconf 89' lang='lat' dir='ltr'><strong>et</strong></span> <span class='ocrx_word' id='word_1_27' title='bbox 793 683 978 739; x_wconf 86' lang='lat' dir='ltr'><strong>damrrntorurn</strong></span> <span class='ocrx_word' id='word_1_28' title='bbox 1002 685 1138 740; x_wconf 88' lang='lat' dir='ltr'><strong>bominum</strong></span> <span class='ocrx_word' id='word_1_29' title='bbox 1155 694 1235 759; x_wconf 90' lang='lat' dir='ltr'><strong>atquo</strong></span> <span class='ocrx_word' id='word_1_30' title='bbox 1257 703 1317 742; x_wconf 90' lang='lat' dir='ltr'><strong>cum</strong></span> <span class='ocrx_word' id='word_1_31' title='bbox 1339 688 1379 743; x_wconf 89' lang='lat' dir='ltr'><strong>bis</strong></span> 
     </span>
     <span class='ocr_line' id='line_1_5' title="bbox 149 767 1486 827; baseline 0.005 -7"><span class='ocrx_word' id='word_1_32' title='bbox 149 770 361 825; x_wconf 73' lang='lat' dir='ltr'><strong>annuntiantium</strong></span> <span class='ocrx_word' id='word_1_33' title='bbox 384 767 519 825; x_wconf 84' lang='lat' dir='ltr'><strong>vitandam</strong></span> <span class='ocrx_word' id='word_1_34' title='bbox 541 785 600 824; x_wconf 86' lang='lat' dir='ltr'><strong>esse</strong></span> <span class='ocrx_word' id='word_1_35' title='bbox 622 770 847 825; x_wconf 87' lang='lat' dir='ltr'><strong>courrnunionem.</strong></span> <span class='ocrx_word' id='word_1_36' title='bbox 884 769 1025 825; x_wconf 85' lang='lat' dir='ltr'><strong>Praeterea</strong></span> <span class='ocrx_word' id='word_1_37' title='bbox 1052 770 1084 824; x_wconf 90' lang='lat' dir='ltr'><strong>ad</strong></span> <span class='ocrx_word' id='word_1_38' title='bbox 1111 770 1177 825; x_wconf 93' lang='lat' dir='ltr'><strong>illud</strong></span> <span class='ocrx_word' id='word_1_39' title='bbox 1205 771 1379 827; x_wconf 75' lang='lat' dir='ltr'><strong>Orientalium</strong></span> <span class='ocrx_word' id='word_1_40' title='bbox 1477 785 1486 792; x_wconf 88' lang='lat'>·</span> 
     </span>
     <span class='ocr_line' id='line_1_6' title="bbox 143 849 1380 927; baseline 0.005 -21"><span class='ocrx_word' id='word_1_41' title='bbox 143 857 163 898; x_wconf 78' lang='lat' dir='ltr'><strong>l·</strong></span> <span class='ocrx_word' id='word_1_42' title='bbox 175 849 205 906; x_wconf 83' lang='lat'><strong>5:</strong></span> <span class='ocrx_word' id='word_1_43' title='bbox 216 853 266 911; x_wconf 79' lang='lat' dir='ltr'><strong>don</strong></span> <span class='ocrx_word' id='word_1_44' title='bbox 280 856 395 912; x_wconf 82' lang='lat' dir='ltr'><strong>taedeat</strong></span> <span class='ocrx_word' id='word_1_45' title='bbox 410 870 465 910; x_wconf 83' lang='lat' dir='ltr'><strong>nos</strong></span> <span class='ocrx_word' id='word_1_46' title='bbox 479 855 624 927; x_wconf 81' lang='lat' dir='ltr'><strong>adjuvere</strong></span> <span class='ocrx_word' id='word_1_47' title='bbox 638 869 731 926; x_wconf 85' lang='lat' dir='ltr'><strong>neque</strong></span> <span class='ocrx_word' id='word_1_48' title='bbox 746 856 808 910; x_wconf 84' lang='lat' dir='ltr'><strong>odio</strong></span> <span class='ocrx_word' id='word_1_49' title='bbox 823 855 963 924; x_wconf 82' lang='lat' dir='ltr'><strong>trabeatis,</strong></span> <span class='ocrx_word' id='word_1_50' title='bbox 982 872 1032 910; x_wconf 88' lang='lat' dir='ltr'><strong>nce</strong></span> <span class='ocrx_word' id='word_1_51' title='bbox 1047 872 1101 910; x_wconf 90' lang='lat' dir='ltr'><strong>nou</strong></span> <span class='ocrx_word' id='word_1_52' title='bbox 1118 855 1149 910; x_wconf 90' lang='lat' dir='ltr'><strong>ad</strong></span> <span class='ocrx_word' id='word_1_53' title='bbox 1165 856 1239 911; x_wconf 87' lang='lat' dir='ltr'><strong>istud</strong></span> <span class='ocrx_word' id='word_1_54' title='bbox 1256 857 1325 913; x_wconf 79' lang='lat' dir='ltr'><strong>nti:</strong></span> <span class='ocrx_word' id='word_1_55' title='bbox 1346 856 1380 913; x_wconf 82' lang='lat' dir='ltr'><strong>tn</strong></span> 
     </span>
     <span class='ocr_line' id='line_1_7' title="bbox 135 936 1380 1016; baseline 0.002 -22"><span class='ocrx_word' id='word_1_56' title='bbox 135 936 320 996; x_wconf 59' lang='lat' dir='ltr'><strong>‘trameant</strong></span> <span class='ocrx_word' id='word_1_57' title='bbox 339 943 489 996; x_wconf 76' lang='lat' dir='ltr'><strong>exsistens</strong></span> <span class='ocrx_word' id='word_1_58' title='bbox 508 943 563 1013; x_wconf 79' lang='lat' dir='ltr'><strong>filii</strong></span> <span class='ocrx_word' id='word_1_59' title='bbox 576 939 643 1009; x_wconf 84' lang='lat' dir='ltr'><strong>liei,</strong></span> <span class='ocrx_word' id='word_1_60' title='bbox 667 941 706 995; x_wconf 84' lang='lat' dir='ltr'><strong>od</strong></span> <span class='ocrx_word' id='word_1_61' title='bbox 724 936 901 997; x_wconf 83' lang='lat' dir='ltr'><strong>ditectionem</strong></span> <span class='ocrx_word' id='word_1_62' title='bbox 922 942 1128 1011; x_wconf 78' lang='lat' dir='ltr'><strong>deprecatione</strong></span> <span class='ocrx_word' id='word_1_63' title='bbox 1149 945 1263 1010; x_wconf 87' lang='lat' dir='ltr'><strong>venias,</strong></span> <span class='ocrx_word' id='word_1_64' title='bbox 1288 950 1380 1016; x_wconf 89' lang='lat' dir='ltr'><strong>aperto</strong></span> 
     </span>
     <span class='ocr_line' id='line_1_8' title="bbox 126 1023 1397 1104; baseline 0.003 -24"><span class='ocrx_word' id='word_1_65' title='bbox 126 1024 265 1104; x_wconf 61' lang='lat' dir='ltr'><strong>loepieicns,</strong></span> <span class='ocrx_word' id='word_1_66' title='bbox 279 1025 359 1081; x_wconf 85' lang='lat' dir='ltr'><strong>simul</strong></span> <span class='ocrx_word' id='word_1_67' title='bbox 374 1024 408 1080; x_wconf 88' lang='lat' dir='ltr'><strong>ad</strong></span> <span class='ocrx_word' id='word_1_68' title='bbox 424 1032 569 1099; x_wconf 86' lang='lat' dir='ltr'><strong>utrumque</strong></span> <span class='ocrx_word' id='word_1_69' title='bbox 583 1026 674 1099; x_wconf 91' lang='lat' dir='ltr'><strong>paucis</strong></span> <span class='ocrx_word' id='word_1_70' title='bbox 687 1023 834 1099; x_wconf 78' lang='lat' dir='ltr'><strong>respondet</strong></span> <span class='ocrx_word' id='word_1_71' title='bbox 849 1044 876 1080; x_wconf 92' lang='lat' dir='ltr'><strong>n.</strong></span> <span class='ocrx_word' id='word_1_72' title='bbox 887 1026 919 1081; x_wconf 79' lang='lat' dir='ltr'><strong>l:</strong></span> <span class='ocrx_word' id='word_1_73' title='bbox 937 1026 1016 1103; x_wconf 78' lang='lat' dir='ltr'><strong>Qaaqe</strong></span> <span class='ocrx_word' id='word_1_74' title='bbox 1032 1028 1144 1098; x_wconf 81' lang='lat' dir='ltr'><strong>quidem</strong></span> <span class='ocrx_word' id='word_1_75' title='bbox 1157 1044 1259 1084; x_wconf 71' lang='lat' dir='ltr'><strong>orroeos</strong></span> <span class='ocrx_word' id='word_1_76' title='bbox 1270 1043 1377 1096; x_wconf 68' lang='lat' dir='ltr'><strong>aaronica,</strong></span> <span class='ocrx_word' id='word_1_77' title='bbox 1394 1025 1397 1034; x_wconf 83' lang='lat'>&#39;</span> 
     </span>
     <span class='ocr_line' id='line_1_9' title="bbox 117 1109 1377 1184; baseline 0.004 -22"><span class='ocrx_word' id='word_1_78' title='bbox 117 1111 180 1161; x_wconf 67' lang='lat'><strong>¹012</strong></span> <span class='ocrx_word' id='word_1_79' title='bbox 195 1111 247 1166; x_wconf 75' lang='lat' dir='ltr'><strong>odio</strong></span> <span class='ocrx_word' id='word_1_80' title='bbox 258 1113 461 1183; x_wconf 82' lang='lat' dir='ltr'><strong>persequentis</strong></span> <span class='ocrx_word' id='word_1_81' title='bbox 475 1127 592 1167; x_wconf 83' lang='lat' dir='ltr'><strong>accuso.</strong></span> <span class='ocrx_word' id='word_1_82' title='bbox 629 1109 747 1167; x_wconf 86' lang='lat' dir='ltr'><strong>&#39;landem</strong></span> <span class='ocrx_word' id='word_1_83' title='bbox 763 1112 832 1166; x_wconf 88' lang='lat' dir='ltr'><strong>varia</strong></span> <span class='ocrx_word' id='word_1_84' title='bbox 854 1110 907 1173; x_wconf 87' lang='lat' dir='ltr'><strong>illa,</strong></span> <span class='ocrx_word' id='word_1_85' title='bbox 931 1127 998 1184; x_wconf 77' lang='lat' dir='ltr'><strong>rqrrae</strong></span> <span class='ocrx_word' id='word_1_86' title='bbox 1017 1110 1166 1167; x_wconf 84' lang='lat' dir='ltr'><strong>Orientalcs</strong></span> <span class='ocrx_word' id='word_1_87' title='bbox 1189 1111 1377 1175; x_wconf 83' lang='lat' dir='ltr'><strong>obtenderent,</strong></span> 
     </span>
     <span class='ocr_line' id='line_1_10' title="bbox 111 1187 1379 1270; baseline 0.005 -22"><span class='ocrx_word' id='word_1_88' title='bbox 111 1187 195 1249; x_wconf 73' lang='lat' dir='ltr'><strong>tulta</strong></span> <span class='ocrx_word' id='word_1_89' title='bbox 206 1196 299 1251; x_wconf 76' lang='lat' dir='ltr'><strong>ratione</strong></span> <span class='ocrx_word' id='word_1_90' title='bbox 313 1194 365 1252; x_wconf 84' lang='lat' dir='ltr'><strong>sibi</strong></span> <span class='ocrx_word' id='word_1_91' title='bbox 382 1193 490 1270; x_wconf 86' lang='lat' dir='ltr'><strong>probari</strong></span> <span class='ocrx_word' id='word_1_92' title='bbox 506 1212 588 1270; x_wconf 90' lang='lat' dir='ltr'><strong>posse</strong></span> <span class='ocrx_word' id='word_1_93' title='bbox 604 1194 732 1256; x_wconf 89' lang='lat' dir='ltr'><strong>indicans,</strong></span> <span class='ocrx_word' id='word_1_94' title='bbox 754 1199 832 1252; x_wconf 77' lang='lat' dir='ltr'><strong>italio</strong></span> <span class='ocrx_word' id='word_1_95' title='bbox 854 1199 959 1264; x_wconf 79' lang='lat' dir='ltr'><strong>coloro,</strong></span> <span class='ocrx_word' id='word_1_96' title='bbox 987 1199 1065 1252; x_wconf 69' lang='lat' dir='ltr'><strong>trullo</strong></span> <span class='ocrx_word' id='word_1_97' title='bbox 1085 1199 1219 1270; x_wconf 80' lang='lat' dir='ltr'><strong>figmento</strong></span> <span class='ocrx_word' id='word_1_98' title='bbox 1240 1200 1379 1269; x_wconf 77' lang='lat' dir='ltr'><strong>naillaqne</strong></span> 
     </span>
     <span class='ocr_line' id='line_1_11' title="bbox 102 1277 1377 1355; baseline 0.004 -23"><span class='ocrx_word' id='word_1_99' title='bbox 102 1277 266 1338; x_wconf 67' lang='lat' dir='ltr'><strong>celemion</strong></span> <span class='ocrx_word' id='word_1_100' title='bbox 285 1288 448 1355; x_wconf 83' lang='lat' dir='ltr'><strong>quemquam</strong></span> <span class='ocrx_word' id='word_1_101' title='bbox 469 1282 496 1336; x_wconf 93' lang='lat' dir='ltr'><strong>in</strong></span> <span class='ocrx_word' id='word_1_102' title='bbox 516 1281 681 1355; x_wconf 89' lang='lat' dir='ltr'><strong>apostolicae</strong></span> <span class='ocrx_word' id='word_1_103' title='bbox 703 1281 775 1336; x_wconf 88' lang='lat' dir='ltr'><strong>sedis</strong></span> <span class='ocrx_word' id='word_1_104' title='bbox 796 1283 1011 1336; x_wconf 84' lang='lat' dir='ltr'><strong>communionem</strong></span> <span class='ocrx_word' id='word_1_105' title='bbox 1034 1280 1230 1337; x_wconf 90' lang='lat' dir='ltr'><strong>admittendum</strong></span> <span class='ocrx_word' id='word_1_106' title='bbox 1251 1282 1377 1344; x_wconf 80' lang='lat' dir='ltr'><strong>iloclarat,</strong></span> 
     </span>
     <span class='ocr_line' id='line_1_12' title="bbox 96 1353 1377 1440; baseline 0.005 -24"><span class='ocrx_word' id='word_1_107' title='bbox 96 1353 166 1416; x_wconf 76' lang='lat' dir='ltr'><strong>risi</strong></span> <span class='ocrx_word' id='word_1_108' title='bbox 186 1367 224 1439; x_wconf 91' lang='lat' dir='ltr'><strong>qui</strong></span> <span class='ocrx_word' id='word_1_109' title='bbox 241 1365 273 1422; x_wconf 83' lang='lat' dir='ltr'><strong>ab</strong></span> <span class='ocrx_word' id='word_1_110' title='bbox 293 1362 465 1440; x_wconf 74' lang='lat' dir='ltr'><strong>Eutycbetis,</strong></span> <span class='ocrx_word' id='word_1_111' title='bbox 487 1366 619 1429; x_wconf 82' lang='lat' dir='ltr'><strong>Dioscori,</strong></span> <span class='ocrx_word' id='word_1_112' title='bbox 646 1366 794 1429; x_wconf 84' lang='lat' dir='ltr'><strong>Timothei,</strong></span> <span class='ocrx_word' id='word_1_113' title='bbox 824 1365 897 1421; x_wconf 85' lang='lat' dir='ltr'><strong>Petri</strong></span> <span class='ocrx_word' id='word_1_114' title='bbox 917 1374 944 1420; x_wconf 89' lang='lat' dir='ltr'><strong>ct</strong></span> <span class='ocrx_word' id='word_1_115' title='bbox 965 1367 1051 1421; x_wconf 87' lang='lat' dir='ltr'><strong>Aeacii</strong></span> <span class='ocrx_word' id='word_1_116' title='bbox 1072 1368 1203 1423; x_wconf 86' lang='lat' dir='ltr'><strong>societate</strong></span> <span class='ocrx_word' id='word_1_117' title='bbox 1224 1368 1377 1423; x_wconf 88' lang='lat' dir='ltr'><strong>recesserit.</strong></span> 
     </span>
     <span class='ocr_line' id='line_1_13' title="bbox 10 1433 1379 1525; baseline 0.001 -19"><span class='ocrx_word' id='word_1_118' title='bbox 10 1518 12 1523; x_wconf 28' lang='grc' dir='ltr'>Ι</span> <span class='ocrx_word' id='word_1_119' title='bbox 90 1433 183 1505; x_wconf 65' lang='lat' dir='ltr'><strong>Cum</strong></span> <span class='ocrx_word' id='word_1_120' title='bbox 200 1450 244 1506; x_wconf 81' lang='lat' dir='ltr'><strong>bac</strong></span> <span class='ocrx_word' id='word_1_121' title='bbox 264 1451 380 1525; x_wconf 87' lang='lat' dir='ltr'><strong>epistola</strong></span> <span class='ocrx_word' id='word_1_122' title='bbox 400 1459 583 1508; x_wconf 83' lang='lat' dir='ltr'><strong>consentanea</strong></span> <span class='ocrx_word' id='word_1_123' title='bbox 603 1459 644 1506; x_wconf 89' lang='lat' dir='ltr'><strong>est</strong></span> <span class='ocrx_word' id='word_1_124' title='bbox 660 1450 774 1507; x_wconf 89' lang='lat' dir='ltr'><strong>Eunodii</strong></span> <span class='ocrx_word' id='word_1_125' title='bbox 790 1452 872 1507; x_wconf 91' lang='lat' dir='ltr'><strong>dictio</strong></span> <span class='ocrx_word' id='word_1_126' title='bbox 889 1451 916 1508; x_wconf 87' lang='lat'><strong>6.</strong></span> <span class='ocrx_word' id='word_1_127' title='bbox 960 1450 1012 1505; x_wconf 85' lang='lat' dir='ltr'><strong>Sed</strong></span> <span class='ocrx_word' id='word_1_128' title='bbox 1028 1450 1127 1507; x_wconf 80' lang='lat' dir='ltr'><strong>Gelasii</strong></span> <span class='ocrx_word' id='word_1_129' title='bbox 1148 1452 1290 1525; x_wconf 87' lang='lat' dir='ltr'><strong>epistolam</strong></span> <span class='ocrx_word' id='word_1_130' title='bbox 1307 1453 1325 1508; x_wconf 90' lang='lat'><strong>3</strong></span> <span class='ocrx_word' id='word_1_131' title='bbox 1347 1452 1379 1507; x_wconf 86' lang='lat' dir='ltr'><strong>ad</strong></span> 
     </span>
     <span class='ocr_line' id='line_1_14' title="bbox 83 1516 1379 1612; baseline -0.001 -20"><span class='ocrx_word' id='word_1_132' title='bbox 83 1516 284 1605; x_wconf 66' lang='lat' dir='ltr'><strong>lupinorum</strong></span> <span class='ocrx_word' id='word_1_133' title='bbox 303 1536 386 1593; x_wconf 86' lang='lat' dir='ltr'><strong>simul</strong></span> <span class='ocrx_word' id='word_1_134' title='bbox 407 1553 468 1592; x_wconf 92' lang='lat' dir='ltr'><strong>cum</strong></span> <span class='ocrx_word' id='word_1_135' title='bbox 488 1554 519 1593; x_wconf 89' lang='lat' dir='ltr'><strong>ca</strong></span> <span class='ocrx_word' id='word_1_136' title='bbox 534 1537 656 1612; x_wconf 81' lang='lat' dir='ltr'><strong>relegere</strong></span> <span class='ocrx_word' id='word_1_137' title='bbox 672 1554 769 1611; x_wconf 82' lang='lat' dir='ltr'><strong>operae</strong></span> <span class='ocrx_word' id='word_1_138' title='bbox 786 1538 901 1611; x_wconf 85' lang='lat' dir='ltr'><strong>pretium</strong></span> <span class='ocrx_word' id='word_1_139' title='bbox 923 1535 1014 1592; x_wconf 89' lang='lat' dir='ltr'><strong>luerit.</strong></span> <span class='ocrx_word' id='word_1_140' title='bbox 1056 1535 1205 1611; x_wconf 83' lang='lat' dir='ltr'><strong>Epistolam</strong></span> <span class='ocrx_word' id='word_1_141' title='bbox 1227 1538 1295 1592; x_wconf 88' lang='lat' dir='ltr'><strong>banc</strong></span> <span class='ocrx_word' id='word_1_142' title='bbox 1311 1537 1379 1593; x_wconf 90' lang='lat' dir='ltr'><strong>Ana·</strong></span> 
     </span>
     <span class='ocr_line' id='line_1_15' title="bbox 77 1614 1380 1703; baseline 0.002 -27"><span class='ocrx_word' id='word_1_143' title='bbox 77 1614 196 1703; x_wconf 56' lang='lat' dir='ltr'><strong>{bulo</strong></span> <span class='ocrx_word' id='word_1_144' title='bbox 209 1622 363 1697; x_wconf 80' lang='lat' dir='ltr'><strong>imperatori</strong></span> <span class='ocrx_word' id='word_1_145' title='bbox 378 1621 548 1696; x_wconf 85' lang='lat' dir='ltr'><strong>displicuisse</strong></span> <span class='ocrx_word' id='word_1_146' title='bbox 564 1639 596 1679; x_wconf 82' lang='lat' dir='ltr'><strong>ex</strong></span> <span class='ocrx_word' id='word_1_147' title='bbox 611 1622 769 1678; x_wconf 88' lang='lat' dir='ltr'><strong>llormisdae</strong></span> <span class='ocrx_word' id='word_1_148' title='bbox 785 1622 899 1696; x_wconf 87' lang='lat' dir='ltr'><strong>epistola</strong></span> <span class='ocrx_word' id='word_1_149' title='bbox 917 1622 933 1677; x_wconf 86' lang='lat'>7</span> <span class='ocrx_word' id='word_1_150' title='bbox 958 1639 984 1677; x_wconf 87' lang='lat' dir='ltr'><strong>n.</strong></span> <span class='ocrx_word' id='word_1_151' title='bbox 1002 1620 1030 1686; x_wconf 76' lang='lat'><strong>4,</strong></span> <span class='ocrx_word' id='word_1_152' title='bbox 1055 1621 1099 1677; x_wconf 93' lang='lat' dir='ltr'><strong>ubi</strong></span> <span class='ocrx_word' id='word_1_153' title='bbox 1115 1631 1142 1678; x_wconf 92' lang='lat' dir='ltr'><strong>et</strong></span> <span class='ocrx_word' id='word_1_154' title='bbox 1165 1623 1187 1677; x_wconf 93' lang='lat' dir='ltr'><strong>is</strong></span> <span class='ocrx_word' id='word_1_155' title='bbox 1204 1639 1271 1697; x_wconf 91' lang='lat' dir='ltr'><strong>papa</strong></span> <span class='ocrx_word' id='word_1_156' title='bbox 1286 1622 1380 1678; x_wconf 80' lang='lat' dir='ltr'><strong>‹loscu-</strong></span> 
     </span>
     <span class='ocr_line' id='line_1_16' title="bbox 71 1706 588 1783; baseline 0.004 -21"><span class='ocrx_word' id='word_1_157' title='bbox 71 1706 213 1762; x_wconf 77' lang='lat' dir='ltr'><strong>³¹0nem</strong></span> <span class='ocrx_word' id='word_1_158' title='bbox 227 1706 286 1778; x_wconf 86' lang='lat' dir='ltr'><strong>ejus</strong></span> <span class='ocrx_word' id='word_1_159' title='bbox 300 1708 424 1782; x_wconf 83' lang='lat' dir='ltr'><strong>suscipit,</strong></span> <span class='ocrx_word' id='word_1_160' title='bbox 441 1707 588 1783; x_wconf 81' lang='lat' dir='ltr'><strong>colligitur.</strong></span> 
     </span>
    </p>
   </div>
   <div class='ocr_carea' id='block_1_3' title="bbox 312 1853 1173 1940">
    <p class='ocr_par' dir='ltr' id='par_1_3' title="bbox 312 1853 1173 1940">
     <span class='ocr_line' id='line_1_17' title="bbox 312 1853 1173 1940; baseline -0.003 -21"><span class='ocrx_word' id='word_1_161' title='bbox 312 1857 353 1919; x_wconf 84' lang='lat' dir='ltr'><strong>In</strong></span> <span class='ocrx_word' id='word_1_162' title='bbox 374 1857 549 1934; x_wconf 77' lang='lat' dir='ltr'><strong>symmachi</strong></span> <span class='ocrx_word' id='word_1_163' title='bbox 572 1857 736 1936; x_wconf 75' lang='lat' dir='ltr'><strong>epistolem</strong></span> <span class='ocrx_word' id='word_1_164' title='bbox 758 1857 794 1918; x_wconf 82' lang='lat'><strong>14</strong></span> <span class='ocrx_word' id='word_1_165' title='bbox 817 1853 935 1940; x_wconf 81' lang='lat' dir='ltr'><strong>(,‚Scdis</strong></span> <span class='ocrx_word' id='word_1_166' title='bbox 950 1853 1173 1940; x_wconf 79' lang='lat' dir='ltr'><strong>apostoticae‘·).</strong></span> 
     </span>
    </p>
   </div>
   <div class='ocr_carea' id='block_1_4' title="bbox 10 1978 1466 4526">
    <p class='ocr_par' dir='ltr' id='par_1_4' title="bbox 55 1978 1466 3662">
     <span class='ocr_line' id='line_1_18' title="bbox 194 1978 1466 2057; baseline 0.003 -22"><span class='ocrx_word' id='word_1_167' title='bbox 194 1978 228 2036; x_wconf 80' lang='lat' dir='ltr'><strong>Ex</strong></span> <span class='ocrx_word' id='word_1_168' title='bbox 244 1980 396 2037; x_wconf 78' lang='lat' dir='ltr'><strong>Arelatensi</strong></span> <span class='ocrx_word' id='word_1_169' title='bbox 417 1981 509 2037; x_wconf 90' lang='lat' dir='ltr'><strong>codice</strong></span> <span class='ocrx_word' id='word_1_170' title='bbox 530 1998 609 2055; x_wconf 86' lang='lat' dir='ltr'><strong>saepe</strong></span> <span class='ocrx_word' id='word_1_171' title='bbox 629 1983 767 2038; x_wconf 88' lang='lat' dir='ltr'><strong>nominato</strong></span> <span class='ocrx_word' id='word_1_172' title='bbox 784 1981 898 2054; x_wconf 86' lang='lat' dir='ltr'><strong>priorum</strong></span> <span class='ocrx_word' id='word_1_173' title='bbox 920 1980 990 2053; x_wconf 87' lang='lat' dir='ltr'><strong>apud</strong></span> <span class='ocrx_word' id='word_1_174' title='bbox 1007 1980 1149 2035; x_wconf 86' lang='lat' dir='ltr'><strong>baronium</strong></span> <span class='ocrx_word' id='word_1_175' title='bbox 1170 1980 1202 2035; x_wconf 92' lang='lat' dir='ltr'><strong>ad</strong></span> <span class='ocrx_word' id='word_1_176' title='bbox 1224 1998 1285 2035; x_wconf 92' lang='lat' dir='ltr'><strong>ann.</strong></span> <span class='ocrx_word' id='word_1_177' title='bbox 1303 1981 1373 2044; x_wconf 87' lang='grc'><strong>513,</strong></span> <span class='ocrx_word' id='word_1_178' title='bbox 1389 1985 1466 2057; x_wconf 81' lang='lat' dir='ltr'><strong>[Ed]</strong></span> 
     </span>
     <span class='ocr_line' id='line_1_19' title="bbox 58 2058 1374 2140; baseline 0.002 -21"><span class='ocrx_word' id='word_1_179' title='bbox 58 2058 172 2119; x_wconf 67' lang='lat' dir='ltr'><strong>t¹¹¹1]</strong></span> <span class='ocrx_word' id='word_1_180' title='bbox 193 2066 261 2140; x_wconf 79' lang='lat' dir='ltr'><strong>apud</strong></span> <span class='ocrx_word' id='word_1_181' title='bbox 276 2065 451 2122; x_wconf 81' lang='lat' dir='ltr'><strong>sirmondum</strong></span> <span class='ocrx_word' id='word_1_182' title='bbox 472 2066 568 2122; x_wconf 88' lang='lat' dir='ltr'><strong>concil.</strong></span> <span class='ocrx_word' id='word_1_183' title='bbox 586 2065 653 2122; x_wconf 87' lang='lat' dir='ltr'><strong>Gall.</strong></span> <span class='ocrx_word' id='word_1_184' title='bbox 671 2067 763 2129; x_wconf 76' lang='grc'><strong>1189</strong></span> <span class='ocrx_word' id='word_1_185' title='bbox 785 2073 813 2121; x_wconf 91' lang='lat' dir='ltr'><strong>ct</strong></span> <span class='ocrx_word' id='word_1_186' title='bbox 834 2064 961 2120; x_wconf 89' lang='lat' dir='ltr'><strong>Labatum</strong></span> <span class='ocrx_word' id='word_1_187' title='bbox 983 2082 1059 2120; x_wconf 76' lang='lat' dir='ltr'><strong>crine.</strong></span> <span class='ocrx_word' id='word_1_188' title='bbox 1084 2065 1150 2119; x_wconf 89' lang='lat' dir='ltr'><strong>Gall.</strong></span> <span class='ocrx_word' id='word_1_189' title='bbox 1168 2066 1186 2127; x_wconf 93' lang='grc'><strong>1,</strong></span> <span class='ocrx_word' id='word_1_190' title='bbox 1200 2065 1261 2122; x_wconf 83' lang='grc'><strong>859</strong></span> <span class='ocrx_word' id='word_1_191' title='bbox 1278 2073 1374 2122; x_wconf 71' lang='lat' dir='ltr'><strong>eistat.</strong></span> 
     </span>
     <span class='ocr_line' id='line_1_20' title="bbox 57 2134 1376 2226; baseline 0 -19"><span class='ocrx_word' id='word_1_192' title='bbox 57 2134 349 2207; x_wconf 66' lang='lat' dir='ltr'><strong>Praestandum</strong></span> <span class='ocrx_word' id='word_1_193' title='bbox 364 2153 391 2207; x_wconf 92' lang='lat' dir='ltr'><strong>iu</strong></span> <span class='ocrx_word' id='word_1_194' title='bbox 407 2150 491 2226; x_wconf 86' lang='lat' dir='ltr'><strong>llegio</strong></span> <span class='ocrx_word' id='word_1_195' title='bbox 503 2151 644 2208; x_wconf 89' lang='lat' dir='ltr'><strong>Parisicnsi</strong></span> <span class='ocrx_word' id='word_1_196' title='bbox 652 2151 733 2209; x_wconf 79' lang='grc'><strong>3819</strong></span> <span class='ocrx_word' id='word_1_197' title='bbox 751 2149 850 2225; x_wconf 91' lang='lat' dir='ltr'><strong>probae</strong></span> <span class='ocrx_word' id='word_1_198' title='bbox 864 2158 943 2206; x_wconf 89' lang='lat' dir='ltr'><strong>notae</strong></span> <span class='ocrx_word' id='word_1_199' title='bbox 956 2151 1107 2223; x_wconf 82' lang='lat' dir='ltr'><strong>escruplari,</strong></span> <span class='ocrx_word' id='word_1_200' title='bbox 1125 2150 1202 2221; x_wconf 85' lang='lat' dir='ltr'><strong>cujus</strong></span> <span class='ocrx_word' id='word_1_201' title='bbox 1218 2152 1287 2207; x_wconf 91' lang='lat' dir='ltr'><strong>sicut</strong></span> <span class='ocrx_word' id='word_1_202' title='bbox 1300 2149 1376 2225; x_wconf 80' lang='lat' dir='ltr'><strong>tregit</strong></span> 
     </span>
     <span class='ocr_line' id='line_1_21' title="bbox 56 2218 1376 2294; baseline -0.002 -2"><span class='ocrx_word' id='word_1_203' title='bbox 56 2218 192 2292; x_wconf 74' lang='lat'><strong>3989</strong></span> <span class='ocrx_word' id='word_1_204' title='bbox 205 2245 233 2292; x_wconf 83' lang='lat' dir='ltr'><strong>et</strong></span> <span class='ocrx_word' id='word_1_205' title='bbox 247 2235 331 2294; x_wconf 83' lang='grc'><strong>5537</strong></span> <span class='ocrx_word' id='word_1_206' title='bbox 349 2238 480 2293; x_wconf 77' lang='lat' dir='ltr'><strong>venantes</strong></span> <span class='ocrx_word' id='word_1_207' title='bbox 495 2236 626 2294; x_wconf 88' lang='lat' dir='ltr'><strong>lectiones</strong></span> <span class='ocrx_word' id='word_1_208' title='bbox 642 2237 719 2294; x_wconf 88' lang='lat' dir='ltr'><strong>nobis</strong></span> <span class='ocrx_word' id='word_1_209' title='bbox 735 2237 884 2292; x_wconf 84' lang='lat' dir='ltr'><strong>Constantii</strong></span> <span class='ocrx_word' id='word_1_210' title='bbox 900 2235 1016 2291; x_wconf 87' lang='lat' dir='ltr'><strong>schedae</strong></span> <span class='ocrx_word' id='word_1_211' title='bbox 1030 2235 1277 2292; x_wconf 84' lang='lat' dir='ltr'><strong>subministrarunt.</strong></span> <span class='ocrx_word' id='word_1_212' title='bbox 1308 2236 1376 2292; x_wconf 84' lang='lat' dir='ltr'><strong>Nota</strong></span> 
     </span>
     <span class='ocr_line' id='line_1_22' title="bbox 56 2320 1377 2386; baseline 0 -9"><span class='ocrx_word' id='word_1_213' title='bbox 56 2320 243 2377; x_wconf 59' lang='lat' dir='ltr'><strong>comunt</strong></span> <span class='ocrx_word' id='word_1_214' title='bbox 257 2320 381 2378; x_wconf 75' lang='lat' dir='ltr'><strong>labbeus</strong></span> <span class='ocrx_word' id='word_1_215' title='bbox 397 2338 496 2378; x_wconf 80' lang='lat' dir='ltr'><strong>anniam</strong></span> <span class='ocrx_word' id='word_1_216' title='bbox 512 2321 588 2386; x_wconf 77' lang='lat'><strong>502,</strong></span> <span class='ocrx_word' id='word_1_217' title='bbox 610 2321 654 2378; x_wconf 91' lang='lat' dir='ltr'><strong>alii</strong></span> <span class='ocrx_word' id='word_1_218' title='bbox 674 2338 772 2378; x_wconf 89' lang='lat' dir='ltr'><strong>annum</strong></span> <span class='ocrx_word' id='word_1_219' title='bbox 788 2320 849 2377; x_wconf 86' lang='grc'><strong>513</strong></span> <span class='ocrx_word' id='word_1_220' title='bbox 871 2321 980 2376; x_wconf 89' lang='lat' dir='ltr'><strong>imlicari</strong></span> <span class='ocrx_word' id='word_1_221' title='bbox 996 2323 1126 2376; x_wconf 86' lang='lat' dir='ltr'><strong>sentiunt.</strong></span> <span class='ocrx_word' id='word_1_222' title='bbox 1164 2321 1266 2377; x_wconf 90' lang='lat' dir='ltr'><strong>llorum</strong></span> <span class='ocrx_word' id='word_1_223' title='bbox 1289 2322 1377 2377; x_wconf 89' lang='lat' dir='ltr'><strong>verior</strong></span> 
     </span>
     <span class='ocr_line' id='line_1_23' title="bbox 55 2404 1377 2481; baseline -0.001 -18"><span class='ocrx_word' id='word_1_224' title='bbox 55 2404 142 2454; x_wconf 62' lang='grc' dir='ltr'><strong>ΒΕ</strong></span> <span class='ocrx_word' id='word_1_225' title='bbox 169 2408 308 2464; x_wconf 82' lang='lat' dir='ltr'><strong>sententia.</strong></span> <span class='ocrx_word' id='word_1_226' title='bbox 332 2406 398 2463; x_wconf 82' lang='lat' dir='ltr'><strong>Nam</strong></span> <span class='ocrx_word' id='word_1_227' title='bbox 414 2407 591 2463; x_wconf 80' lang='lat' dir='ltr'><strong>uniusl’robi</strong></span> <span class='ocrx_word' id='word_1_228' title='bbox 604 2408 746 2463; x_wconf 84' lang='lat' dir='ltr'><strong>consulatu</strong></span> <span class='ocrx_word' id='word_1_229' title='bbox 761 2408 789 2462; x_wconf 90' lang='lat' dir='ltr'><strong>iu</strong></span> <span class='ocrx_word' id='word_1_230' title='bbox 806 2405 950 2463; x_wconf 88' lang='lat' dir='ltr'><strong>Occidente</strong></span> <span class='ocrx_word' id='word_1_231' title='bbox 965 2406 1055 2462; x_wconf 88' lang='lat' dir='ltr'><strong>solum</strong></span> <span class='ocrx_word' id='word_1_232' title='bbox 1071 2407 1237 2463; x_wconf 75' lang='lat' dir='ltr'><strong>amrumbi‘d</strong></span> <span class='ocrx_word' id='word_1_233' title='bbox 1254 2407 1377 2481; x_wconf 89' lang='lat' dir='ltr'><strong>designa·</strong></span> 
     </span>
     <span class='ocr_line' id='line_1_24' title="bbox 57 2483 1377 2566; baseline 0.001 -19"><span class='ocrx_word' id='word_1_234' title='bbox 57 2483 171 2547; x_wconf 59' lang='lat' dir='ltr'><strong>“lut</strong></span> <span class='ocrx_word' id='word_1_235' title='bbox 183 2508 249 2557; x_wconf 77' lang='lat' dir='ltr'><strong>csse,</strong></span> <span class='ocrx_word' id='word_1_236' title='bbox 270 2500 299 2549; x_wconf 86' lang='lat' dir='ltr'><strong>ct</strong></span> <span class='ocrx_word' id='word_1_237' title='bbox 313 2493 441 2557; x_wconf 81' lang='lat' dir='ltr'><strong>Probum</strong></span> <span class='ocrx_word' id='word_1_238' title='bbox 456 2493 517 2548; x_wconf 89' lang='lat' dir='ltr'><strong>anui</strong></span> <span class='ocrx_word' id='word_1_239' title='bbox 532 2491 593 2550; x_wconf 82' lang='lat'><strong>502</strong></span> <span class='ocrx_word' id='word_1_240' title='bbox 610 2492 749 2548; x_wconf 87' lang='lat' dir='ltr'><strong>consulem</strong></span> <span class='ocrx_word' id='word_1_241' title='bbox 766 2491 928 2547; x_wconf 83' lang='lat' dir='ltr'><strong>Orientalcm</strong></span> <span class='ocrx_word' id='word_1_242' title='bbox 950 2493 977 2546; x_wconf 92' lang='lat' dir='ltr'><strong>in</strong></span> <span class='ocrx_word' id='word_1_243' title='bbox 1000 2490 1215 2547; x_wconf 86' lang='lat' dir='ltr'><strong>Occidentalibus</strong></span> <span class='ocrx_word' id='word_1_244' title='bbox 1239 2510 1377 2566; x_wconf 76' lang='lat' dir='ltr'><strong>tranquaut</strong></span> 
     </span>
     <span class='ocr_line' id='line_1_25' title="bbox 58 2576 1377 2650; baseline 0 -17"><span class='ocrx_word' id='word_1_245' title='bbox 58 2576 290 2635; x_wconf 68' lang='lat' dir='ltr'><strong>nomomensis</strong></span> <span class='ocrx_word' id='word_1_246' title='bbox 304 2579 379 2640; x_wconf 83' lang='lat' dir='ltr'><strong>cieri,</strong></span> <span class='ocrx_word' id='word_1_247' title='bbox 394 2578 461 2633; x_wconf 86' lang='lat' dir='ltr'><strong>scite</strong></span> <span class='ocrx_word' id='word_1_248' title='bbox 476 2577 557 2633; x_wconf 86' lang='lat' dir='ltr'><strong>docet</strong></span> <span class='ocrx_word' id='word_1_249' title='bbox 573 2577 736 2635; x_wconf 76' lang='lat' dir='ltr'><strong>clarbsiruus</strong></span> <span class='ocrx_word' id='word_1_250' title='bbox 752 2576 863 2633; x_wconf 85' lang='lat' dir='ltr'><strong>ltossius</strong></span> <span class='ocrx_word' id='word_1_251' title='bbox 880 2576 1015 2650; x_wconf 89' lang='lat' dir='ltr'><strong>(inscript.</strong></span> <span class='ocrx_word' id='word_1_252' title='bbox 1033 2576 1131 2632; x_wconf 84' lang='lat' dir='ltr'><strong>Christ.</strong></span> <span class='ocrx_word' id='word_1_253' title='bbox 1148 2576 1377 2648; x_wconf 68' lang='lat' dir='ltr'><strong>amenesii).</strong></span> 
     </span>
     <span class='ocr_line' id='line_1_26' title="bbox 59 2643 1377 2737; baseline 0.002 -21"><span class='ocrx_word' id='word_1_254' title='bbox 59 2643 190 2718; x_wconf 67' lang='lat' dir='ltr'><strong>Quod</strong></span> <span class='ocrx_word' id='word_1_255' title='bbox 202 2662 272 2719; x_wconf 67' lang='lat' dir='ltr'><strong>mem</strong></span> <span class='ocrx_word' id='word_1_256' title='bbox 286 2661 464 2737; x_wconf 86' lang='lat' dir='ltr'><strong>sequentibus</strong></span> <span class='ocrx_word' id='word_1_257' title='bbox 480 2662 617 2737; x_wconf 86' lang='lat' dir='ltr'><strong>probatur.</strong></span> <span class='ocrx_word' id='word_1_258' title='bbox 649 2662 787 2736; x_wconf 87' lang='lat' dir='ltr'><strong>Siquidem</strong></span> <span class='ocrx_word' id='word_1_259' title='bbox 803 2662 864 2717; x_wconf 90' lang='lat' dir='ltr'><strong>data</strong></span> <span class='ocrx_word' id='word_1_260' title='bbox 880 2662 986 2724; x_wconf 92' lang='lat' dir='ltr'><strong>dicitur,</strong></span> <span class='ocrx_word' id='word_1_261' title='bbox 1010 2679 1093 2735; x_wconf 73' lang='lat' dir='ltr'><strong>equum</strong></span> <span class='ocrx_word' id='word_1_262' title='bbox 1112 2663 1269 2720; x_wconf 82' lang='lat' dir='ltr'><strong>Caesarius</strong></span> <span class='ocrx_word' id='word_1_263' title='bbox 1285 2665 1377 2720; x_wconf 85' lang='lat' dir='ltr'><strong>ecele-</strong></span> 
     </span>
     <span class='ocr_line' id='line_1_27' title="bbox 61 2741 1377 2820; baseline 0.002 -20"><span class='ocrx_word' id='word_1_264' title='bbox 61 2741 176 2802; x_wconf 58' lang='grc' dir='ltr'><strong>’ἕω</strong></span> <span class='ocrx_word' id='word_1_265' title='bbox 187 2749 263 2804; x_wconf 76' lang='lat' dir='ltr'><strong>beriti</strong></span> <span class='ocrx_word' id='word_1_266' title='bbox 280 2751 407 2820; x_wconf 83' lang='lat' dir='ltr'><strong>apostoli</strong></span> <span class='ocrx_word' id='word_1_267' title='bbox 419 2749 502 2805; x_wconf 83' lang='lat' dir='ltr'><strong>Petri</strong></span> <span class='ocrx_word' id='word_1_268' title='bbox 513 2749 656 2805; x_wconf 71' lang='lat' dir='ltr'><strong>liticinibus</strong></span> <span class='ocrx_word' id='word_1_269' title='bbox 667 2755 877 2820; x_wconf 81' lang='lat' dir='ltr'><strong>praesentatus</strong></span> <span class='ocrx_word' id='word_1_270' title='bbox 894 2748 998 2802; x_wconf 88' lang='lat' dir='ltr'><strong>luisset.</strong></span> <span class='ocrx_word' id='word_1_271' title='bbox 1043 2749 1182 2804; x_wconf 78' lang='lat' dir='ltr'><strong>Caesarius</strong></span> <span class='ocrx_word' id='word_1_272' title='bbox 1198 2757 1286 2804; x_wconf 90' lang='lat' dir='ltr'><strong>autern</strong></span> <span class='ocrx_word' id='word_1_273' title='bbox 1308 2747 1377 2803; x_wconf 87' lang='lat' dir='ltr'><strong>beati</strong></span> 
     </span>
     <span class='ocr_line' id='line_1_28' title="bbox 62 2815 1377 2907; baseline -0.002 -18"><span class='ocrx_word' id='word_1_274' title='bbox 62 2815 185 2889; x_wconf 61' lang='lat' dir='ltr'><strong>l’etri</strong></span> <span class='ocrx_word' id='word_1_275' title='bbox 197 2832 286 2889; x_wconf 76' lang='lat' dir='ltr'><strong>bmiua</strong></span> <span class='ocrx_word' id='word_1_276' title='bbox 302 2851 357 2889; x_wconf 89' lang='lat' dir='ltr'><strong>uon</strong></span> <span class='ocrx_word' id='word_1_277' title='bbox 372 2833 506 2895; x_wconf 87' lang='lat' dir='ltr'><strong>salutavit,</strong></span> <span class='ocrx_word' id='word_1_278' title='bbox 533 2835 583 2890; x_wconf 90' lang='lat' dir='ltr'><strong>nisi</strong></span> <span class='ocrx_word' id='word_1_279' title='bbox 600 2841 743 2907; x_wconf 88' lang='lat' dir='ltr'><strong>postquam</strong></span> <span class='ocrx_word' id='word_1_280' title='bbox 759 2850 820 2889; x_wconf 88' lang='lat' dir='ltr'><strong>eum</strong></span> <span class='ocrx_word' id='word_1_281' title='bbox 836 2832 1020 2888; x_wconf 84' lang='lat' dir='ltr'><strong>Tlieodoricns</strong></span> <span class='ocrx_word' id='word_1_282' title='bbox 1040 2842 1070 2888; x_wconf 92' lang='lat' dir='ltr'><strong>ut</strong></span> <span class='ocrx_word' id='word_1_283' title='bbox 1085 2834 1249 2890; x_wconf 78' lang='lat' dir='ltr'><strong>Arelatensis</strong></span> <span class='ocrx_word' id='word_1_284' title='bbox 1265 2834 1377 2889; x_wconf 83' lang='lat' dir='ltr'><strong>civitatis</strong></span> 
     </span>
     <span class='ocr_line' id='line_1_29' title="bbox 64 2902 1379 2999; baseline -0.002 -25"><span class='ocrx_word' id='word_1_285' title='bbox 64 2902 233 2999; x_wconf 64' lang='lat' dir='ltr'><strong>{leuno</strong></span> <span class='ocrx_word' id='word_1_286' title='bbox 245 2916 281 2981; x_wconf 70' lang='lat' dir='ltr'><strong>ad</strong></span> <span class='ocrx_word' id='word_1_287' title='bbox 295 2935 326 2974; x_wconf 87' lang='lat' dir='ltr'><strong>se</strong></span> <span class='ocrx_word' id='word_1_288' title='bbox 342 2919 473 2974; x_wconf 81' lang='lat' dir='ltr'><strong>accersiit.</strong></span> <span class='ocrx_word' id='word_1_289' title='bbox 500 2920 581 2993; x_wconf 86' lang='lat' dir='ltr'><strong>Atqui</strong></span> <span class='ocrx_word' id='word_1_290' title='bbox 597 2918 703 2975; x_wconf 83' lang='lat' dir='ltr'><strong>Arelate</strong></span> <span class='ocrx_word' id='word_1_291' title='bbox 718 2919 750 2974; x_wconf 86' lang='lat' dir='ltr'><strong>ad</strong></span> <span class='ocrx_word' id='word_1_292' title='bbox 767 2935 864 2974; x_wconf 91' lang='lat' dir='ltr'><strong>anuum</strong></span> <span class='ocrx_word' id='word_1_293' title='bbox 878 2918 937 2975; x_wconf 77' lang='lat' dir='ltr'><strong>oet</strong></span> <span class='ocrx_word' id='word_1_294' title='bbox 955 2918 1059 2974; x_wconf 82' lang='lat' dir='ltr'><strong>Alarico</strong></span> <span class='ocrx_word' id='word_1_295' title='bbox 1075 2918 1194 2992; x_wconf 87' lang='lat' dir='ltr'><strong>parebat,</strong></span> <span class='ocrx_word' id='word_1_296' title='bbox 1220 2919 1279 2974; x_wconf 90' lang='lat' dir='ltr'><strong>Nou</strong></span> <span class='ocrx_word' id='word_1_297' title='bbox 1294 2920 1379 2992; x_wconf 89' lang='lat' dir='ltr'><strong>igitur</strong></span> 
     </span>
     <span class='ocr_line' id='line_1_30' title="bbox 65 2999 1378 3078; baseline 0 -21"><span class='ocrx_word' id='word_1_298' title='bbox 65 3003 108 3043; x_wconf 71' lang='lat'><strong>¹²⁴²</strong></span> <span class='ocrx_word' id='word_1_299' title='bbox 147 2999 259 3065; x_wconf 68' lang='lat' dir='ltr'><strong>Probus,</strong></span> <span class='ocrx_word' id='word_1_300' title='bbox 275 3005 323 3078; x_wconf 90' lang='lat' dir='ltr'><strong>qui</strong></span> <span class='ocrx_word' id='word_1_301' title='bbox 338 3020 408 3059; x_wconf 80' lang='lat' dir='ltr'><strong>auno</strong></span> <span class='ocrx_word' id='word_1_302' title='bbox 422 3003 492 3067; x_wconf 77' lang='lat'><strong>502,</strong></span> <span class='ocrx_word' id='word_1_303' title='bbox 508 3003 556 3058; x_wconf 89' lang='lat' dir='ltr'><strong>scd</strong></span> <span class='ocrx_word' id='word_1_304' title='bbox 571 3003 626 3066; x_wconf 87' lang='lat' dir='ltr'><strong>illo,</strong></span> <span class='ocrx_word' id='word_1_305' title='bbox 643 3006 688 3076; x_wconf 90' lang='lat' dir='ltr'><strong>qui</strong></span> <span class='ocrx_word' id='word_1_306' title='bbox 705 3021 774 3059; x_wconf 81' lang='lat' dir='ltr'><strong>aurio</strong></span> <span class='ocrx_word' id='word_1_307' title='bbox 787 3004 849 3060; x_wconf 88' lang='grc'><strong>513</strong></span> <span class='ocrx_word' id='word_1_308' title='bbox 866 3003 1037 3058; x_wconf 91' lang='lat' dir='ltr'><strong>consulatum</strong></span> <span class='ocrx_word' id='word_1_309' title='bbox 1052 3005 1146 3076; x_wconf 83' lang='lat' dir='ltr'><strong>gessit,</strong></span> <span class='ocrx_word' id='word_1_310' title='bbox 1164 3013 1228 3059; x_wconf 91' lang='lat' dir='ltr'><strong>nota</strong></span> <span class='ocrx_word' id='word_1_311' title='bbox 1243 3003 1378 3059; x_wconf 87' lang='lat' dir='ltr'><strong>consulari</strong></span> 
     </span>
     <span class='ocr_line' id='line_1_31' title="bbox 67 3073 1377 3163; baseline -0.002 -18"><span class='ocrx_word' id='word_1_312' title='bbox 67 3073 276 3163; x_wconf 62' lang='lat' dir='ltr'><strong>designem.</strong></span> <span class='ocrx_word' id='word_1_313' title='bbox 306 3088 385 3157; x_wconf 80' lang='lat' dir='ltr'><strong>Quod</strong></span> <span class='ocrx_word' id='word_1_314' title='bbox 401 3096 429 3144; x_wconf 87' lang='lat' dir='ltr'><strong>et</strong></span> <span class='ocrx_word' id='word_1_315' title='bbox 443 3091 610 3163; x_wconf 84' lang='lat' dir='ltr'><strong>argumentis</strong></span> <span class='ocrx_word' id='word_1_316' title='bbox 632 3088 689 3145; x_wconf 89' lang='lat' dir='ltr'><strong>aliis</strong></span> <span class='ocrx_word' id='word_1_317' title='bbox 711 3106 765 3144; x_wconf 89' lang='lat' dir='ltr'><strong>non</strong></span> <span class='ocrx_word' id='word_1_318' title='bbox 788 3090 876 3144; x_wconf 85' lang='lat' dir='ltr'><strong>udmrs</strong></span> <span class='ocrx_word' id='word_1_319' title='bbox 899 3087 981 3142; x_wconf 84' lang='lat' dir='ltr'><strong>tirmis</strong></span> <span class='ocrx_word' id='word_1_320' title='bbox 1002 3090 1110 3161; x_wconf 86' lang='lat' dir='ltr'><strong>praevio</strong></span> <span class='ocrx_word' id='word_1_321' title='bbox 1133 3090 1160 3145; x_wconf 90' lang='lat' dir='ltr'><strong>in</strong></span> <span class='ocrx_word' id='word_1_322' title='bbox 1182 3088 1323 3162; x_wconf 84' lang='lat' dir='ltr'><strong>epistolam</strong></span> <span class='ocrx_word' id='word_1_323' title='bbox 1339 3086 1377 3143; x_wconf 88' lang='grc'><strong>15</strong></span> 
     </span>
     <span class='ocr_line' id='line_1_32' title="bbox 69 3171 1378 3245; baseline -0.001 -17"><span class='ocrx_word' id='word_1_324' title='bbox 69 3174 268 3245; x_wconf 62' lang='lat' dir='ltr'><strong>‘equitem</strong></span> <span class='ocrx_word' id='word_1_325' title='bbox 294 3175 399 3230; x_wconf 88' lang='lat' dir='ltr'><strong>monito</strong></span> <span class='ocrx_word' id='word_1_326' title='bbox 427 3172 638 3230; x_wconf 81' lang='lat' dir='ltr'><strong>confirmabitur.</strong></span> <span class='ocrx_word' id='word_1_327' title='bbox 683 3173 711 3230; x_wconf 93' lang='lat' dir='ltr'><strong>ln</strong></span> <span class='ocrx_word' id='word_1_328' title='bbox 733 3173 897 3229; x_wconf 80' lang='lat' dir='ltr'><strong>Bibliotheca</strong></span> <span class='ocrx_word' id='word_1_329' title='bbox 919 3171 1081 3229; x_wconf 79' lang='lat' dir='ltr'><strong>l&#39;loriacensi</strong></span> <span class='ocrx_word' id='word_1_330' title='bbox 1102 3174 1231 3233; x_wconf 78' lang='lat' dir='ltr'><strong>lobannis</strong></span> <span class='ocrx_word' id='word_1_331' title='bbox 1257 3173 1378 3228; x_wconf 86' lang='lat' dir='ltr'><strong>allosco</strong></span> 
     </span>
     <span class='ocr_line' id='line_1_33' title="bbox 71 3258 1379 3334; baseline -0.003 -18"><span class='ocrx_word' id='word_1_332' title='bbox 71 3260 197 3323; x_wconf 50' lang='lat'><strong>⁰1²&amp;</strong></span> <span class='ocrx_word' id='word_1_333' title='bbox 208 3258 277 3316; x_wconf 80' lang='lat' dir='ltr'><strong>edita</strong></span> <span class='ocrx_word' id='word_1_334' title='bbox 286 3266 380 3316; x_wconf 80' lang='lat' dir='ltr'><strong>exstat</strong></span> <span class='ocrx_word' id='word_1_335' title='bbox 396 3259 526 3334; x_wconf 86' lang='lat' dir='ltr'><strong>epistolae</strong></span> <span class='ocrx_word' id='word_1_336' title='bbox 541 3258 622 3330; x_wconf 88' lang='lat' dir='ltr'><strong>bujus</strong></span> <span class='ocrx_word' id='word_1_337' title='bbox 639 3258 828 3334; x_wconf 78' lang='lat' dir='ltr'><strong>fragmentum,</strong></span> <span class='ocrx_word' id='word_1_338' title='bbox 846 3258 917 3332; x_wconf 69' lang='lat' dir='ltr'><strong>qrraid</strong></span> <span class='ocrx_word' id='word_1_339' title='bbox 934 3258 995 3313; x_wconf 91' lang='lat' dir='ltr'><strong>licet</strong></span> <span class='ocrx_word' id='word_1_340' title='bbox 1012 3260 1077 3313; x_wconf 89' lang='lat' dir='ltr'><strong>satis</strong></span> <span class='ocrx_word' id='word_1_341' title='bbox 1101 3258 1234 3314; x_wconf 91' lang='lat' dir='ltr'><strong>modicum</strong></span> <span class='ocrx_word' id='word_1_342' title='bbox 1246 3259 1281 3313; x_wconf 90' lang='lat' dir='ltr'><strong>sit</strong></span> <span class='ocrx_word' id='word_1_343' title='bbox 1297 3266 1379 3332; x_wconf 92' lang='lat' dir='ltr'><strong>atquc</strong></span> 
     </span>
     <span class='ocr_line' id='line_1_34' title="bbox 71 3328 1379 3420; baseline 0 -22"><span class='ocrx_word' id='word_1_344' title='bbox 71 3328 290 3413; x_wconf 58' lang='lat' dir='ltr'><strong>&#39;leniciam</strong></span> <span class='ocrx_word' id='word_1_345' title='bbox 305 3345 437 3420; x_wconf 87' lang='lat' dir='ltr'><strong>epistolae</strong></span> <span class='ocrx_word' id='word_1_346' title='bbox 453 3352 541 3401; x_wconf 63' lang='lat' dir='ltr'><strong>umen</strong></span> <span class='ocrx_word' id='word_1_347' title='bbox 555 3346 677 3419; x_wconf 88' lang='lat' dir='ltr'><strong>integrae</strong></span> <span class='ocrx_word' id='word_1_348' title='bbox 692 3362 722 3400; x_wconf 92' lang='lat' dir='ltr'><strong>ac</strong></span> <span class='ocrx_word' id='word_1_349' title='bbox 738 3361 823 3400; x_wconf 87' lang='lat' dir='ltr'><strong>rrovae</strong></span> <span class='ocrx_word' id='word_1_350' title='bbox 839 3345 956 3417; x_wconf 85' lang='lat' dir='ltr'><strong>speciem</strong></span> <span class='ocrx_word' id='word_1_351' title='bbox 972 3344 1158 3416; x_wconf 81' lang='lat' dir='ltr'><strong>praesefert,</strong></span> <span class='ocrx_word' id='word_1_352' title='bbox 1183 3352 1211 3398; x_wconf 92' lang='lat' dir='ltr'><strong>ut</strong></span> <span class='ocrx_word' id='word_1_353' title='bbox 1228 3342 1295 3399; x_wconf 88' lang='lat' dir='ltr'><strong>inira</strong></span> <span class='ocrx_word' id='word_1_354' title='bbox 1310 3342 1379 3398; x_wconf 87' lang='lat' dir='ltr'><strong>indi·</strong></span> 
     </span>
     <span class='ocr_line' id='line_1_35' title="bbox 73 3420 238 3486; baseline 0 -1"><span class='ocrx_word' id='word_1_355' title='bbox 73 3420 238 3486; x_wconf 50' lang='lat' dir='ltr'><strong>&amp;binus</strong></span> 
     </span>
     <span class='ocr_line' id='line_1_36' title="bbox 349 3573 1139 3662; baseline -0.006 -19"><span class='ocrx_word' id='word_1_356' title='bbox 349 3580 390 3643; x_wconf 84' lang='lat' dir='ltr'><strong>In</strong></span> <span class='ocrx_word' id='word_1_357' title='bbox 411 3578 585 3658; x_wconf 74' lang='lat' dir='ltr'><strong>Symmachi</strong></span> <span class='ocrx_word' id='word_1_358' title='bbox 606 3579 766 3658; x_wconf 73' lang='lat' dir='ltr'><strong>epistolam</strong></span> <span class='ocrx_word' id='word_1_359' title='bbox 787 3577 823 3638; x_wconf 84' lang='lat'><strong>15</strong></span> <span class='ocrx_word' id='word_1_360' title='bbox 847 3573 1028 3658; x_wconf 77' lang='lat' dir='ltr'><strong>(‚,Hortotur</strong></span> <span class='ocrx_word' id='word_1_361' title='bbox 1043 3579 1139 3662; x_wconf 85' lang='lat' dir='ltr'><strong>nos“).</strong></span> 
     </span>
    </p>

    <p class='ocr_par' dir='ltr' id='par_1_5' title="bbox 205 3700 1450 3777">
     <span class='ocr_line' id='line_1_37' title="bbox 205 3700 1450 3777; baseline 0.001 -18"><span class='ocrx_word' id='word_1_362' title='bbox 205 3703 228 3759; x_wconf 91' lang='lat'><strong>1.</strong></span> <span class='ocrx_word' id='word_1_363' title='bbox 256 3702 286 3760; x_wconf 91' lang='lat' dir='ltr'><strong>ln</strong></span> <span class='ocrx_word' id='word_1_364' title='bbox 307 3703 453 3776; x_wconf 79' lang='lat' dir='ltr'><strong>exemplari</strong></span> <span class='ocrx_word' id='word_1_365' title='bbox 474 3701 629 3773; x_wconf 83' lang='lat' dir='ltr'><strong>Corbejeusi</strong></span> <span class='ocrx_word' id='word_1_366' title='bbox 650 3701 738 3776; x_wconf 90' lang='lat' dir='ltr'><strong>Vigilii</strong></span> <span class='ocrx_word' id='word_1_367' title='bbox 766 3718 849 3775; x_wconf 90' lang='lat' dir='ltr'><strong>papae</strong></span> <span class='ocrx_word' id='word_1_368' title='bbox 878 3700 1044 3774; x_wconf 84' lang='lat' dir='ltr'><strong>temporibus</strong></span> <span class='ocrx_word' id='word_1_369' title='bbox 1070 3709 1178 3757; x_wconf 82' lang='lat' dir='ltr'><strong>exarato</strong></span> <span class='ocrx_word' id='word_1_370' title='bbox 1205 3710 1291 3759; x_wconf 84' lang='lat' dir='ltr'><strong>esstat</strong></span> <span class='ocrx_word' id='word_1_371' title='bbox 1313 3703 1378 3760; x_wconf 89' lang='lat' dir='ltr'><strong>baec</strong></span> <span class='ocrx_word' id='word_1_372' title='bbox 1392 3703 1450 3777; x_wconf 69' lang='lat' dir='ltr'><strong>[ot]</strong></span> 
     </span>
    </p>

    <p class='ocr_par' dir='ltr' id='par_1_6' title="bbox 82 3783 1380 4125">
     <span class='ocr_line' id='line_1_38' title="bbox 82 3783 1379 3862; baseline 0.005 -24"><span class='ocrx_word' id='word_1_373' title='bbox 82 3783 229 3849; x_wconf 55' lang='lat' dir='ltr'><strong>*perata</strong></span> <span class='ocrx_word' id='word_1_374' title='bbox 241 3789 273 3844; x_wconf 84' lang='lat' dir='ltr'><strong>iis</strong></span> <span class='ocrx_word' id='word_1_375' title='bbox 288 3789 418 3862; x_wconf 81' lang='lat' dir='ltr'><strong>exceptis,</strong></span> <span class='ocrx_word' id='word_1_376' title='bbox 439 3805 508 3862; x_wconf 88' lang='lat' dir='ltr'><strong>quae</strong></span> <span class='ocrx_word' id='word_1_377' title='bbox 523 3795 587 3862; x_wconf 89' lang='lat' dir='ltr'><strong>post</strong></span> <span class='ocrx_word' id='word_1_378' title='bbox 601 3786 770 3844; x_wconf 88' lang='lat' dir='ltr'><strong>consularem</strong></span> <span class='ocrx_word' id='word_1_379' title='bbox 785 3795 877 3841; x_wconf 91' lang='lat' dir='ltr'><strong>uotam</strong></span> <span class='ocrx_word' id='word_1_380' title='bbox 893 3786 1064 3855; x_wconf 90' lang='lat' dir='ltr'><strong>adjiciuntur.</strong></span> <span class='ocrx_word' id='word_1_381' title='bbox 1096 3786 1189 3860; x_wconf 91' lang='lat' dir='ltr'><strong>Neque</strong></span> <span class='ocrx_word' id='word_1_382' title='bbox 1204 3787 1281 3860; x_wconf 91' lang='lat' dir='ltr'><strong>plura</strong></span> <span class='ocrx_word' id='word_1_383' title='bbox 1297 3787 1379 3844; x_wconf 85' lang='lat' dir='ltr'><strong>colle·</strong></span> 
     </span>
     <span class='ocr_line' id='line_1_39' title="bbox 85 3864 1378 3953; baseline 0.001 -27"><span class='ocrx_word' id='word_1_384' title='bbox 85 3864 204 3953; x_wconf 54' lang='lat' dir='ltr'><strong>“finni</strong></span> <span class='ocrx_word' id='word_1_385' title='bbox 215 3871 341 3947; x_wconf 87' lang='lat' dir='ltr'><strong>llispauac</strong></span> <span class='ocrx_word' id='word_1_386' title='bbox 357 3874 472 3929; x_wconf 84' lang='lat' dir='ltr'><strong>inseruit</strong></span> <span class='ocrx_word' id='word_1_387' title='bbox 487 3871 545 3944; x_wconf 87' lang='lat' dir='ltr'><strong>ejus</strong></span> <span class='ocrx_word' id='word_1_388' title='bbox 560 3872 734 3946; x_wconf 88' lang='lat' dir='ltr'><strong>compilator,</strong></span> <span class='ocrx_word' id='word_1_389' title='bbox 755 3871 803 3926; x_wconf 92' lang='lat' dir='ltr'><strong>sed</strong></span> <span class='ocrx_word' id='word_1_390' title='bbox 825 3887 882 3926; x_wconf 84' lang='lat' dir='ltr'><strong>earu</strong></span> <span class='ocrx_word' id='word_1_391' title='bbox 902 3872 930 3925; x_wconf 92' lang='lat' dir='ltr'><strong>in</strong></span> <span class='ocrx_word' id='word_1_392' title='bbox 953 3873 1072 3945; x_wconf 90' lang='lat' dir='ltr'><strong>quinque</strong></span> <span class='ocrx_word' id='word_1_393' title='bbox 1094 3873 1209 3945; x_wconf 88' lang='lat' dir='ltr'><strong>capitula</strong></span> <span class='ocrx_word' id='word_1_394' title='bbox 1225 3874 1378 3946; x_wconf 88' lang='lat' dir='ltr'><strong>praemissis</strong></span> 
     </span>
     <span class='ocr_line' id='line_1_40' title="bbox 89 3944 1379 4032; baseline 0.002 -23"><span class='ocrx_word' id='word_1_395' title='bbox 89 3944 217 4019; x_wconf 65' lang='grc'><strong>[11111.</strong></span> <span class='ocrx_word' id='word_1_396' title='bbox 236 3961 280 4032; x_wconf 92' lang='lat' dir='ltr'><strong>qui</strong></span> <span class='ocrx_word' id='word_1_397' title='bbox 298 3974 431 4014; x_wconf 83' lang='lat' dir='ltr'><strong>summam</strong></span> <span class='ocrx_word' id='word_1_398' title='bbox 450 3974 544 4015; x_wconf 91' lang='lat' dir='ltr'><strong>eorum</strong></span> <span class='ocrx_word' id='word_1_399' title='bbox 566 3959 768 4032; x_wconf 89' lang='lat' dir='ltr'><strong>perstringunt,</strong></span> <span class='ocrx_word' id='word_1_400' title='bbox 791 3956 889 4011; x_wconf 87' lang='lat' dir='ltr'><strong>divisit.</strong></span> <span class='ocrx_word' id='word_1_401' title='bbox 927 3955 1025 4012; x_wconf 85' lang='lat' dir='ltr'><strong>lteinde</strong></span> <span class='ocrx_word' id='word_1_402' title='bbox 1043 3956 1093 4011; x_wconf 88' lang='lat' dir='ltr'><strong>snb</strong></span> <span class='ocrx_word' id='word_1_403' title='bbox 1114 3974 1144 4012; x_wconf 89' lang='lat' dir='ltr'><strong>oa</strong></span> <span class='ocrx_word' id='word_1_404' title='bbox 1166 3957 1251 4013; x_wconf 91' lang='lat' dir='ltr'><strong>iorma</strong></span> <span class='ocrx_word' id='word_1_405' title='bbox 1275 3966 1330 4012; x_wconf 83' lang='lat' dir='ltr'><strong>turn</strong></span> <span class='ocrx_word' id='word_1_406' title='bbox 1352 3959 1379 4013; x_wconf 92' lang='lat' dir='ltr'><strong>iu</strong></span> 
     </span>
     <span class='ocr_line' id='line_1_41' title="bbox 90 4027 1380 4125; baseline 0.002 -30"><span class='ocrx_word' id='word_1_407' title='bbox 90 4036 207 4125; x_wconf 51' lang='lat' dir='ltr'><strong>*fleri</strong></span> <span class='ocrx_word' id='word_1_408' title='bbox 222 4059 350 4100; x_wconf 75' lang='lat' dir='ltr'><strong>canonum</strong></span> <span class='ocrx_word' id='word_1_409' title='bbox 369 4043 560 4117; x_wconf 85' lang='lat' dir='ltr'><strong>compilatione</strong></span> <span class='ocrx_word' id='word_1_410' title='bbox 581 4042 613 4098; x_wconf 90' lang='lat' dir='ltr'><strong>ad</strong></span> <span class='ocrx_word' id='word_1_411' title='bbox 631 4042 805 4116; x_wconf 83' lang='lat' dir='ltr'><strong>llispauarum</strong></span> <span class='ocrx_word' id='word_1_412' title='bbox 827 4042 1000 4097; x_wconf 88' lang='lat' dir='ltr'><strong>ecclesiarum</strong></span> <span class='ocrx_word' id='word_1_413' title='bbox 1018 4059 1094 4098; x_wconf 88' lang='lat' dir='ltr'><strong>usunr</strong></span> <span class='ocrx_word' id='word_1_414' title='bbox 1110 4027 1245 4105; x_wconf 78' lang='lat' dir='ltr'><strong>adornata,</strong></span> <span class='ocrx_word' id='word_1_415' title='bbox 1264 4038 1336 4119; x_wconf 90' lang='lat' dir='ltr'><strong>[tum</strong></span> <span class='ocrx_word' id='word_1_416' title='bbox 1352 4044 1380 4098; x_wconf 92' lang='lat' dir='ltr'><strong>iu</strong></span> 
     </span>
    </p>

    <p class='ocr_par' dir='ltr' id='par_1_7' title="bbox 10 4122 1379 4290">
     <span class='ocr_line' id='line_1_42' title="bbox 10 4122 1379 4202; baseline -0.002 -17"><span class='ocrx_word' id='word_1_417' title='bbox 10 4172 12 4185; x_wconf 92' lang='grc'>.</span> <span class='ocrx_word' id='word_1_418' title='bbox 96 4122 204 4179; x_wconf 60' lang='lat' dir='ltr'><strong>*Uli</strong></span> <span class='ocrx_word' id='word_1_419' title='bbox 217 4127 403 4202; x_wconf 81' lang='lat' dir='ltr'><strong>compilatione</strong></span> <span class='ocrx_word' id='word_1_420' title='bbox 423 4128 539 4186; x_wconf 82' lang='lat' dir='ltr'><strong>sacelli</strong></span> <span class='ocrx_word' id='word_1_421' title='bbox 560 4145 592 4185; x_wconf 81' lang='lat' dir='ltr'><strong>ex</strong></span> <span class='ocrx_word' id='word_1_422' title='bbox 608 4127 741 4184; x_wconf 81' lang='lat' dir='ltr'><strong>Gallicana</strong></span> <span class='ocrx_word' id='word_1_423' title='bbox 757 4127 918 4183; x_wconf 90' lang='lat' dir='ltr'><strong>collectione</strong></span> <span class='ocrx_word' id='word_1_424' title='bbox 934 4127 1070 4201; x_wconf 85' lang='lat' dir='ltr'><strong>proiecta,</strong></span> <span class='ocrx_word' id='word_1_425' title='bbox 1092 4145 1159 4201; x_wconf 90' lang='lat' dir='ltr'><strong>quae</strong></span> <span class='ocrx_word' id='word_1_426' title='bbox 1176 4127 1233 4182; x_wconf 85' lang='lat' dir='ltr'><strong>Vat.</strong></span> <span class='ocrx_word' id='word_1_427' title='bbox 1247 4127 1301 4183; x_wconf 86' lang='lat' dir='ltr'><strong>Pal.</strong></span> <span class='ocrx_word' id='word_1_428' title='bbox 1317 4127 1379 4184; x_wconf 71' lang='lat'><strong>574</strong></span> 
     </span>
     <span class='ocr_line' id='line_1_43' title="bbox 100 4207 1379 4290; baseline 0.002 -25"><span class='ocrx_word' id='word_1_429' title='bbox 100 4207 291 4290; x_wconf 55' lang='lat' dir='ltr'><strong>comoed,</strong></span> <span class='ocrx_word' id='word_1_430' title='bbox 314 4222 372 4270; x_wconf 85' lang='lat' dir='ltr'><strong>tum</strong></span> <span class='ocrx_word' id='word_1_431' title='bbox 391 4212 486 4271; x_wconf 90' lang='lat' dir='ltr'><strong>eodem</strong></span> <span class='ocrx_word' id='word_1_432' title='bbox 507 4213 564 4270; x_wconf 86' lang='lat' dir='ltr'><strong>iere</strong></span> <span class='ocrx_word' id='word_1_433' title='bbox 585 4222 707 4288; x_wconf 87' lang='lat' dir='ltr'><strong>tempore</strong></span> <span class='ocrx_word' id='word_1_434' title='bbox 728 4212 760 4268; x_wconf 94' lang='lat' dir='ltr'><strong>ab</strong></span> <span class='ocrx_word' id='word_1_435' title='bbox 775 4212 878 4268; x_wconf 91' lang='lat' dir='ltr'><strong>lsidoro</strong></span> <span class='ocrx_word' id='word_1_436' title='bbox 895 4213 1041 4268; x_wconf 73' lang='lat' dir='ltr'><strong>llcrcadore</strong></span> <span class='ocrx_word' id='word_1_437' title='bbox 1063 4213 1197 4285; x_wconf 88' lang='lat' dir='ltr'><strong>descripta</strong></span> <span class='ocrx_word' id='word_1_438' title='bbox 1217 4212 1282 4274; x_wconf 85' lang='lat' dir='ltr'><strong>tuit,</strong></span> <span class='ocrx_word' id='word_1_439' title='bbox 1305 4214 1379 4268; x_wconf 91' lang='lat' dir='ltr'><strong>etin</strong></span> 
     </span>
    </p>

    <p class='ocr_par' dir='ltr' id='par_1_8' title="bbox 108 4286 1381 4526">
     <span class='ocr_line' id='line_1_44' title="bbox 108 4286 744 4357; baseline -0.002 -2"><span class='ocrx_word' id='word_1_440' title='bbox 108 4292 252 4355; x_wconf 52' lang='lat' dir='ltr'><strong>&#39;Utribus</strong></span> <span class='ocrx_word' id='word_1_441' title='bbox 265 4299 440 4357; x_wconf 84' lang='lat' dir='ltr'><strong>conciliorum</strong></span> <span class='ocrx_word' id='word_1_442' title='bbox 455 4298 619 4356; x_wconf 84' lang='lat' dir='ltr'><strong>editiombus</strong></span> <span class='ocrx_word' id='word_1_443' title='bbox 635 4286 744 4354; x_wconf 73' lang='lat' dir='ltr'><strong>excusa.⁸</strong></span> 
     </span>
     <span class='ocr_line' id='line_1_45' title="bbox 147 4375 1381 4456; baseline 0.003 -21"><span class='ocrx_word' id='word_1_444' title='bbox 147 4442 151 4447; x_wconf 53' lang='grc'>,</span> <span class='ocrx_word' id='word_1_445' title='bbox 211 4378 234 4438; x_wconf 81' lang='lat' dir='ltr'><strong>l.</strong></span> <span class='ocrx_word' id='word_1_446' title='bbox 259 4382 289 4441; x_wconf 91' lang='lat' dir='ltr'><strong>ln</strong></span> <span class='ocrx_word' id='word_1_447' title='bbox 308 4385 393 4441; x_wconf 85' lang='lat' dir='ltr'><strong>veteri</strong></span> <span class='ocrx_word' id='word_1_448' title='bbox 413 4392 503 4442; x_wconf 86' lang='lat' dir='ltr'><strong>autem</strong></span> <span class='ocrx_word' id='word_1_449' title='bbox 519 4383 682 4441; x_wconf 79' lang='lat' dir='ltr'><strong>Arelatensis</strong></span> <span class='ocrx_word' id='word_1_450' title='bbox 703 4382 832 4440; x_wconf 90' lang='lat' dir='ltr'><strong>ecclesiae</strong></span> <span class='ocrx_word' id='word_1_451' title='bbox 853 4383 959 4447; x_wconf 89' lang='lat' dir='ltr'><strong>codice,</strong></span> <span class='ocrx_word' id='word_1_452' title='bbox 982 4400 1062 4456; x_wconf 91' lang='lat' dir='ltr'><strong>quem</strong></span> <span class='ocrx_word' id='word_1_453' title='bbox 1083 4375 1266 4454; x_wconf 76' lang='lat' dir='ltr'><strong>Colberlina¹l</strong></span> <span class='ocrx_word' id='word_1_454' title='bbox 1286 4381 1381 4439; x_wconf 91' lang='lat' dir='ltr'><strong>biblio·</strong></span> 
     </span>
     <span class='ocr_line' id='line_1_46' title="bbox 128 4492 414 4526; baseline 0 0"><span class='ocrx_word' id='word_1_455' title='bbox 128 4492 414 4526; x_wconf 28' lang='lat'><strong>&amp;—</strong></span> 
     </span>
    </p>
   </div>
   <div class='ocr_carea' id='block_1_5' title="bbox 137 4573 1382 5044">
    <p class='ocr_par' dir='ltr' id='par_1_9' title="bbox 201 4573 1380 4646">
     <span class='ocr_line' id='line_1_47' title="bbox 201 4573 1380 4646; baseline -0.004 -8"><span class='ocrx_word' id='word_1_456' title='bbox 201 4573 216 4639; x_wconf 85' lang='lat'><strong>¹)</strong></span> <span class='ocrx_word' id='word_1_457' title='bbox 228 4575 256 4635; x_wconf 81' lang='lat' dir='ltr'><strong>ln</strong></span> <span class='ocrx_word' id='word_1_458' title='bbox 274 4580 381 4635; x_wconf 81' lang='lat' dir='ltr'><strong>schedis</strong></span> <span class='ocrx_word' id='word_1_459' title='bbox 403 4578 611 4635; x_wconf 74' lang='lat' dir='ltr'><strong>Constantinum</strong></span> <span class='ocrx_word' id='word_1_460' title='bbox 634 4580 801 4634; x_wconf 74' lang='lat' dir='ltr'><strong>venantium</strong></span> <span class='ocrx_word' id='word_1_461' title='bbox 824 4579 974 4633; x_wconf 89' lang='lat' dir='ltr'><strong>lectionum</strong></span> <span class='ocrx_word' id='word_1_462' title='bbox 996 4578 1066 4633; x_wconf 84' lang='lat' dir='ltr'><strong>hacc</strong></span> <span class='ocrx_word' id='word_1_463' title='bbox 1089 4578 1201 4646; x_wconf 86' lang='lat' dir='ltr'><strong>quidem</strong></span> <span class='ocrx_word' id='word_1_464' title='bbox 1223 4578 1307 4632; x_wconf 85' lang='lat' dir='ltr'><strong>lectio</strong></span> <span class='ocrx_word' id='word_1_465' title='bbox 1329 4579 1380 4633; x_wconf 86' lang='lat' dir='ltr'><strong>sub</strong></span> 
     </span>
    </p>

    <p class='ocr_par' dir='ltr' id='par_1_10' title="bbox 137 4636 1382 4719">
     <span class='ocr_line' id='line_1_48' title="bbox 137 4636 1382 4719; baseline 0 -17"><span class='ocrx_word' id='word_1_466' title='bbox 137 4636 260 4714; x_wconf 54' lang='lat' dir='ltr'><strong>wop.</strong></span> <span class='ocrx_word' id='word_1_467' title='bbox 271 4653 355 4704; x_wconf 76' lang='lat' dir='ltr'><strong>Paria.</strong></span> <span class='ocrx_word' id='word_1_468' title='bbox 367 4655 436 4705; x_wconf 74' lang='grc'><strong>6697</strong></span> <span class='ocrx_word' id='word_1_469' title='bbox 454 4649 614 4719; x_wconf 79' lang='lat' dir='ltr'><strong>praebetur,</strong></span> <span class='ocrx_word' id='word_1_470' title='bbox 632 4647 686 4702; x_wconf 80' lang='lat' dir='ltr'><strong>nisi</strong></span> <span class='ocrx_word' id='word_1_471' title='bbox 705 4648 780 4716; x_wconf 90' lang='lat' dir='ltr'><strong>quod</strong></span> <span class='ocrx_word' id='word_1_472' title='bbox 797 4647 902 4702; x_wconf 88' lang='lat' dir='ltr'><strong>ibidem</strong></span> <span class='ocrx_word' id='word_1_473' title='bbox 920 4647 1014 4701; x_wconf 86' lang='lat' dir='ltr'><strong>littera</strong></span> <span class='ocrx_word' id='word_1_474' title='bbox 1027 4653 1056 4700; x_wconf 87' lang='lat' dir='ltr'><strong>P.</strong></span> <span class='ocrx_word' id='word_1_475' title='bbox 1071 4646 1181 4712; x_wconf 86' lang='lat' dir='ltr'><strong>omissa,</strong></span> <span class='ocrx_word' id='word_1_476' title='bbox 1199 4664 1271 4715; x_wconf 84' lang='lat' dir='ltr'><strong>quac</strong></span> <span class='ocrx_word' id='word_1_477' title='bbox 1284 4650 1382 4702; x_wconf 81' lang='lat' dir='ltr'><strong>contra</strong></span> 
     </span>
    </p>

    <p class='ocr_par' dir='ltr' id='par_1_11' title="bbox 143 4698 1379 4785">
     <span class='ocr_line' id='line_1_49' title="bbox 143 4698 1379 4785; baseline 0 -15"><span class='ocrx_word' id='word_1_478' title='bbox 143 4698 307 4781; x_wconf 38' lang='lat' dir='ltr'><strong>&amp;bamam</strong></span> <span class='ocrx_word' id='word_1_479' title='bbox 324 4717 353 4771; x_wconf 84' lang='lat' dir='ltr'><strong>ln</strong></span> <span class='ocrx_word' id='word_1_480' title='bbox 366 4722 403 4773; x_wconf 76' lang='lat' dir='ltr'><strong>lle</strong></span> <span class='ocrx_word' id='word_1_481' title='bbox 422 4723 525 4774; x_wconf 60' lang='lat' dir='ltr'><strong>diarii.</strong></span> <span class='ocrx_word' id='word_1_482' title='bbox 535 4723 602 4772; x_wconf 77' lang='lat'><strong>3849</strong></span> <span class='ocrx_word' id='word_1_483' title='bbox 613 4717 735 4780; x_wconf 83' lang='lat' dir='ltr'><strong>notatur,</strong></span> <span class='ocrx_word' id='word_1_484' title='bbox 754 4716 802 4769; x_wconf 88' lang='lat' dir='ltr'><strong>ubi</strong></span> <span class='ocrx_word' id='word_1_485' title='bbox 821 4719 914 4770; x_wconf 80' lang='lat' dir='ltr'><strong>airtcm</strong></span> <span class='ocrx_word' id='word_1_486' title='bbox 932 4715 1076 4785; x_wconf 81' lang='lat' dir='ltr'><strong>inscriptio</strong></span> <span class='ocrx_word' id='word_1_487' title='bbox 1088 4715 1137 4769; x_wconf 89' lang='lat' dir='ltr'><strong>illa</strong></span> <span class='ocrx_word' id='word_1_488' title='bbox 1148 4721 1315 4770; x_wconf 82' lang='lat' dir='ltr'><strong>Dilectissimo</strong></span> <span class='ocrx_word' id='word_1_489' title='bbox 1328 4718 1379 4770; x_wconf 83' lang='lat' dir='ltr'><strong>etc.</strong></span> 
     </span>
    </p>

    <p class='ocr_par' dir='ltr' id='par_1_12' title="bbox 150 4738 1381 4863">
     <span class='ocr_line' id='line_1_50' title="bbox 150 4738 1381 4863; baseline -0.001 -26"><span class='ocrx_word' id='word_1_490' title='bbox 150 4761 297 4838; x_wconf 37' lang='lat' dir='ltr'><strong>&amp;lembis</strong></span> <span class='ocrx_word' id='word_1_491' title='bbox 332 4738 468 4841; x_wconf 61' lang='lat' dir='ltr'><strong>Simibtor</strong></span> <span class='ocrx_word' id='word_1_492' title='bbox 490 4784 575 4840; x_wconf 80' lang='lat' dir='ltr'><strong>etiam</strong></span> <span class='ocrx_word' id='word_1_493' title='bbox 597 4784 659 4839; x_wconf 85' lang='lat' dir='ltr'><strong>aliis</strong></span> <span class='ocrx_word' id='word_1_494' title='bbox 677 4783 744 4838; x_wconf 86' lang='lat' dir='ltr'><strong>locis</strong></span> <span class='ocrx_word' id='word_1_495' title='bbox 762 4784 843 4863; x_wconf 76' lang='lat' dir='ltr'><strong>lmjus</strong></span> <span class='ocrx_word' id='word_1_496' title='bbox 862 4783 996 4853; x_wconf 69' lang='lat' dir='ltr'><strong>epistolae</strong></span> <span class='ocrx_word' id='word_1_497' title='bbox 1015 4785 1058 4851; x_wconf 72' lang='lat' dir='ltr'><strong>ies.</strong></span> <span class='ocrx_word' id='word_1_498' title='bbox 1079 4786 1135 4836; x_wconf 89' lang='lat' dir='ltr'><strong>not.</strong></span> <span class='ocrx_word' id='word_1_499' title='bbox 1150 4788 1178 4852; x_wconf 81' lang='lat' dir='ltr'><strong>et)</strong></span> <span class='ocrx_word' id='word_1_500' title='bbox 1202 4783 1381 4861; x_wconf 74' lang='lat' dir='ltr'><strong>deprolreudi·</strong></span> 
     </span>
    </p>

    <p class='ocr_par' dir='ltr' id='par_1_13' title="bbox 158 4845 1381 4931">
     <span class='ocr_line' id='line_1_51' title="bbox 158 4845 1381 4931; baseline -0.002 -25"><span class='ocrx_word' id='word_1_501' title='bbox 158 4845 207 4906; x_wconf 69' lang='lat' dir='ltr'><strong>unq</strong></span> <span class='ocrx_word' id='word_1_502' title='bbox 219 4853 377 4909; x_wconf 79' lang='lat' dir='ltr'><strong>Arelatensein</strong></span> <span class='ocrx_word' id='word_1_503' title='bbox 391 4858 560 4910; x_wconf 72' lang='lat' dir='ltr'><strong>colbertinum</strong></span> <span class='ocrx_word' id='word_1_504' title='bbox 577 4870 637 4909; x_wconf 85' lang='lat' dir='ltr'><strong>csse</strong></span> <span class='ocrx_word' id='word_1_505' title='bbox 654 4853 724 4921; x_wconf 78' lang='lat' dir='ltr'><strong>Reg.</strong></span> <span class='ocrx_word' id='word_1_506' title='bbox 738 4852 825 4906; x_wconf 79' lang='lat' dir='ltr'><strong>Paris.</strong></span> <span class='ocrx_word' id='word_1_507' title='bbox 839 4859 914 4916; x_wconf 76' lang='lat'><strong>5537,</strong></span> <span class='ocrx_word' id='word_1_508' title='bbox 935 4858 1036 4931; x_wconf 82' lang='lat' dir='ltr'><strong>iirpinn</strong></span> <span class='ocrx_word' id='word_1_509' title='bbox 1053 4868 1119 4905; x_wconf 82' lang='lat' dir='ltr'><strong>vero</strong></span> <span class='ocrx_word' id='word_1_510' title='bbox 1128 4853 1197 4921; x_wconf 79' lang='lat' dir='ltr'><strong>lieg.</strong></span> <span class='ocrx_word' id='word_1_511' title='bbox 1209 4852 1295 4906; x_wconf 78' lang='lat' dir='ltr'><strong>Picus.</strong></span> <span class='ocrx_word' id='word_1_512' title='bbox 1307 4857 1381 4916; x_wconf 72' lang='lat'><strong>3849,</strong></span> 
     </span>
    </p>

    <p class='ocr_par' dir='ltr' id='par_1_14' title="bbox 161 4912 1381 5044">
     <span class='ocr_line' id='line_1_52' title="bbox 161 4912 1381 4990; baseline -0.002 -18"><span class='ocrx_word' id='word_1_513' title='bbox 161 4912 286 4982; x_wconf 63' lang='lat' dir='ltr'><strong>‘inaquam</strong></span> <span class='ocrx_word' id='word_1_514' title='bbox 301 4923 328 4976; x_wconf 88' lang='lat' dir='ltr'><strong>in</strong></span> <span class='ocrx_word' id='word_1_515' title='bbox 345 4923 381 4977; x_wconf 82' lang='lat' dir='ltr'><strong>ils</strong></span> <span class='ocrx_word' id='word_1_516' title='bbox 393 4922 572 4978; x_wconf 59' lang='lat' dir='ltr'><strong>&amp;namatius</strong></span> <span class='ocrx_word' id='word_1_517' title='bbox 590 4921 643 4976; x_wconf 82' lang='lat' dir='ltr'><strong>sibi</strong></span> <span class='ocrx_word' id='word_1_518' title='bbox 660 4939 717 4976; x_wconf 88' lang='lat' dir='ltr'><strong>uon</strong></span> <span class='ocrx_word' id='word_1_519' title='bbox 734 4937 848 4990; x_wconf 83' lang='lat' dir='ltr'><strong>prorsus</strong></span> <span class='ocrx_word' id='word_1_520' title='bbox 867 4921 1024 4976; x_wconf 78' lang='lat' dir='ltr'><strong>constitisse</strong></span> <span class='ocrx_word' id='word_1_521' title='bbox 1038 4921 1147 4976; x_wconf 84' lang='lat' dir='ltr'><strong>videtur</strong></span> <span class='ocrx_word' id='word_1_522' title='bbox 1159 4923 1203 4989; x_wconf 85' lang='lat' dir='ltr'><strong>(cf.</strong></span> <span class='ocrx_word' id='word_1_523' title='bbox 1218 4922 1274 4974; x_wconf 81' lang='lat' dir='ltr'><strong>not.</strong></span> <span class='ocrx_word' id='word_1_524' title='bbox 1287 4921 1341 4987; x_wconf 79' lang='lat' dir='ltr'><strong>fot</strong></span> <span class='ocrx_word' id='word_1_525' title='bbox 1352 4924 1381 4986; x_wconf 89' lang='lat' dir='ltr'><strong>i).</strong></span> 
     </span>
     <span class='ocr_line' id='line_1_53' title="bbox 1138 5006 1318 5044; baseline -0.028 0"><span class='ocrx_word' id='word_1_526' title='bbox 1138 5006 1182 5044; x_wconf 76' lang='lat' dir='ltr'><strong>ns</strong></span> <span class='ocrx_word' id='word_1_527' title='bbox 1315 5030 1318 5039; x_wconf 85' lang='lat'><em>.</em></span> 
     </span>
    </p>
   </div>
   <div class='ocr_carea' id='block_1_6' title="bbox 0 0 1638 5506">
    <p class='ocr_par' dir='ltr' id='par_1_15' title="bbox 0 0 1638 5506">
     <span class='ocr_line' id='line_1_54' title="bbox 0 0 1638 5506; baseline 0 0"><span class='ocrx_word' id='word_1_528' title='bbox 0 0 1638 5506; x_wconf 95' lang='lat' dir='ltr'><strong> </strong></span> 
     </span>
    </p>
   </div>
  </div>
 </body>
</html>
