3204 5506
647 357 677 409 S.
692 356 899 406 Herculanea
921 357 1036 404 Paean

708 545 891 649 Epistola
917 545 976 629 56.

355 698 566 766 Hormisdae
589 714 699 781 papae
721 696 765 764 ad
788 696 1013 764 Anastasiam
1035 698 1074 764 et
1095 696 1320 763 Palmattam.

276 840 365 890 Missis
381 841 473 904 tepetis
491 847 518 889 ut
533 855 583 905 pro
601 839 792 890 ecclesiasticae
809 839 1028 903 redintegratione
1047 839 1202 888 concordiae
1220 837 1326 888 lotorem
1340 853 1394 887 mn

694 924 848 988 impendant,
865 926 986 987 postulat.

360 1055 573 1122 Hormisda
595 1056 873 1141 Anastasiae¹)
903 1059 941 1120 et
961 1054 1188 1121 Palmatiae
1210 1077 1230 1120 a
1251 1055 1344 1141 pari.

292 1175 402 1241 Bonae
426 1176 600 1240 voluntatis
621 1176 761 1240 studium
776 1175 904 1240 divinae
919 1197 1045 1259 semper
1060 1176 1233 1244 comitatur
1254 1173 1444 1260 prosperitatis

146 1265 151 1272 ⁷
208 1279 350 1345 effectus.
380 1279 440 1343 Dei
463 1278 565 1342 nostri
587 1278 789 1361 providentia
811 1278 964 1362 temporis
985 1278 1123 1342 facultas
1145 1277 1255 1342 oblata
1276 1277 1448 1361 ostiaque

144 1383 148 1391 “
208 1404 266 1467 pro
288 1381 362 1445 fidei
385 1384 509 1445 vestrae
531 1381 673 1465 praemio
696 1380 839 1444 debeatis
862 1381 977 1445 anniti.
1015 1380 1064 1446 De
1087 1401 1230 1464 superna
1250 1378 1390 1465 primitus
1406 1376 1451 1441 mi·

208 1483 394 1565 sericordia,
424 1483 574 1565 deinceps
602 1482 641 1546 de
672 1481 870 1547 conscientia
897 1483 1137 1548 clementissimi
1165 1482 1323 1566 principis
1347 1501 1454 1566 praesu·

207 1589 347 1668 mentes,
370 1584 494 1669 legatos
516 1605 574 1667 pro
597 1582 763 1669 religionis
786 1583 963 1649 catholicae
986 1607 1083 1649 causa
1105 1584 1297 1668 direximus,
1320 1605 1375 1669 per
1393 1603 1459 1668 quos

209 1687 452 1771 amplitudinem
473 1690 613 1750 vestram
635 1686 762 1751 debitae
789 1687 987 1751 reverentiae
1010 1686 1188 1751 salutamus
1211 1685 1337 1770 officio,
1370 1688 1462 1770 posu-

207 1788 324 1873 lantes,
348 1793 384 1853 ut
405 1811 463 1873 pro
479 1788 714 1853 ecclesiasticae
731 1789 1006 1874 redintegratione
1022 1789 1212 1854 concordiae
1228 1791 1371 1853 restrum
1390 1786 1468 1851 labo-

187 1913 276 1956 rem
298 1895 394 1976 atque
416 1912 547 1974 operam
568 1911 634 1955 non
656 1892 798 1976 uegetis:
825 1895 983 1975 quatenus
1005 1913 1104 1976 quum
1125 1890 1264 1976 repulsis
1286 1891 1470 1975 remotisque

208 1993 257 2075 iis,
282 2015 360 2078 quos
383 1992 682 2076 apostolicaesedis
706 1993 871 2057 damnarit
893 1993 1076 2076 auctoritem,
1101 1992 1265 2056 adunam
1288 2015 1373 2078 quae
1392 1996 1477 2057 recta

209 2098 258 2159 est
282 2094 536 2159 communionem
558 2094 649 2178 plebs
673 2093 856 2159 Christiana
878 2095 1019 2179 redierit,
1042 2095 1172 2158 beatum
1195 2094 1333 2159 Petrum
1356 2100 1476 2180 aposto

208 2197 290 2280 lum,
320 2219 378 2282 pro
401 2198 490 2282 cujus
512 2197 574 2261 fide
597 2197 747 2279 nitimur,
776 2197 811 2261 in
833 2197 948 2261 restris
976 2197 1108 2281 possitis
1130 2196 1252 2262 habere
1277 2198 1410 2263 actibus
1432 2198 1482 2262 ad·

204 2299 355 2383 jutorem.

712 2451 893 2555 Epistola
919 2451 976 2536 57.

57 2602 199 2738 (qqffip
251 2603 462 2671 Hormisdae
484 2620 595 2688 papae
617 2602 661 2669 ad
683 2603 932 2672 iustinianum
953 2604 1233 2672 domesticorum
1257 2608 1449 2675 comitem.

242 2746 358 2794 Litteras
374 2746 441 2794 iltius
458 2760 544 2795 amore
557 2746 621 2806 fidei
637 2747 727 2809 plenos
750 2762 802 2794 cum
819 2744 961 2795 muneribus
976 2760 1005 2794 ee
1023 2747 1155 2810 accepisse
1176 2763 1210 2796 oc
1232 2749 1340 2813 repam
1357 2753 1459 2800 misisse
1497 2766 1514 2818 p

305 2832 442 2894 sipnqtcat,
463 2837 539 2894 atque
556 2846 657 2893 pacem,
677 2847 750 2894 quom
766 2838 868 2895 sperat,
887 2833 922 2880 ad
938 2832 1052 2895 effectum
1068 2832 1178 2895 perduci
1194 2840 1284 2891 curet.
1305 2836 1397 2884 instat.

360 2961 570 3027 Hormisda
591 2960 829 3026 Justiniano
856 2963 940 3027 viro
963 2963 1129 3028 illustri.

296 3084 323 3145 1.
369 3080 604 3166 Magnitudinis
639 3083 762 3146 vestrae
795 3081 920 3146 litteras
952 3085 1084 3147 sanctae
1114 3082 1189 3148 fidei
1221 3083 1343 3169 plenas
1381 3108 1487 3152 amore

209 3183 415 3268 suscepimus,
439 3184 553 3268 quibus
576 3183 616 3247 ad
639 3184 847 3248 exercendam
871 3184 955 3267 apud
977 3206 1033 3248 vos
1055 3184 1311 3268 praedicationis
1334 3188 1487 3272 apostoli·

210 3308 265 3350 cae
287 3285 472 3349 firmitatem
494 3285 768 3369 opportunitatem
791 3285 883 3349 nobis
905 3286 1090 3370 provenisse
1112 3287 1270 3353 divinitus
1293 3290 1484 3355 nuntiastis.

208 3387 302 3453 Unde
324 3388 542 3452 indesinenter
557 3387 694 3451 Domino
717 3391 826 3451 nostro
849 3387 975 3472 agimus
997 3388 1136 3473 gratias,
1153 3389 1209 3473 qui
1233 3389 1277 3454 ad
1300 3394 1373 3456 tam
1395 3414 1483 3476 prae

209 3490 296 3554 clara
323 3489 462 3554 remedia
491 3494 524 3553 et
552 3491 677 3573 tempus
705 3489 794 3552 vobis
823 3493 856 3553 et
878 3490 1019 3554 animum
1047 3490 1144 3555 dedit.
1189 3490 1235 3555 Et
1263 3514 1326 3557 nos
1356 3494 1482 3579 quidem

210 3593 344 3676 desuper
365 3593 429 3657 ista
451 3591 653 3676 agnoscimus
676 3590 832 3674 ordinari,
860 3596 1030 3676 postquam
1057 3592 1086 3656 ei
1111 3591 1227 3657 detulit
1251 3594 1366 3659 divina
1387 3594 1509 3679 maje.

209 3698 276 3758 stas
298 3695 484 3778 imperium,
514 3693 568 3778 qui
591 3715 625 3756 se
648 3692 688 3756 ad
711 3694 962 3777 componendam
991 3693 1198 3758 ecclesiarum
1219 3717 1338 3780 pacem
1360 3696 1477 3761 indicat

206 3796 402 3860 ordinatum.
433 3795 521 3880 Ergo
543 3798 653 3878 restat,
677 3798 715 3858 ut
736 3795 876 3859 universi
899 3795 1040 3880 episcopi
1062 3797 1164 3880 partis
1186 3797 1369 3864 Orientalis
1385 3799 1473 3883 juxta

209 3898 309 3962 libelli
332 3897 445 3962 seriem
460 3897 501 3961 ad
524 3897 728 3966 correctionis
751 3897 933 3981 pervenisse
955 3919 990 3961 se
1009 3900 1170 3963 testentur
1192 3900 1354 3965 effectum.
1383 3900 1470 3965 Patet

209 4001 409 4065 venerandae
437 4000 489 4064 via
512 3998 716 4082 concordiae,
747 4003 824 4062 nota
834 4000 857 4085 ¹)
886 4003 961 4063 sunt
988 4003 1118 4084 optatae
1144 4001 1288 4066 remedia
1316 4002 1464 4067 sanitatis

210 4102 413 4186 Sacerdotes,
436 4103 490 4187 qui
514 4101 704 4166 catholicam
726 4122 839 4185 pacem
861 4100 1060 4185 desiderant,
1089 4103 1323 4188 professionem
1344 4102 1460 4169 catholi-

211 4227 281 4269 cam
302 4227 368 4269 non
389 4208 553 4288 recusent3
582 4225 648 4267 non
677 4203 763 4267 enim
791 4225 870 4287 opus
893 4208 941 4267 est
968 4203 1147 4289 partibus²)
1176 4226 1318 4270 errorem
1346 4204 1457 4289 comp,

209 4308 264 4370 sod
286 4307 440 4372 radicitus
463 4307 633 4390 amputari.
679 4305 823 4369 insistite
845 4306 961 4390 igitur,
991 4307 1074 4371 siout
1097 4307 1266 4392 coepistis,
1295 4311 1332 4372 ut
1351 4325 1454 4371 merces

210 4440 298 4448 v———o
324 4442 337 4445 --
359 4442 480 4447 -—----

210 4499 241 4547 tt
278 4497 296 4563 ¹)
316 4494 480 4549 Theodorae
498 4493 591 4548 uxoris
610 4492 757 4547 iustiniani
776 4508 867 4560 soror,
886 4495 957 4548 teste
976 4492 1111 4565 Procopio
1129 4493 1193 4548 hist.
1208 4511 1263 4550 arc.
1283 4511 1305 4550 c.
1318 4500 1342 4559 9,
1359 4498 1450 4547 Amo·

209 4585 248 4632 sio
266 4581 485 4650 nuncupabatur.
1359 4642 1362 4647 ¹

210 4670 241 4717 tt
278 4668 297 4732 ¹)
317 4665 349 4719 G¹
364 4668 389 4718 a¹
405 4678 505 4726 notato,
526 4666 627 4719 rectius
644 4665 663 4717 b
683 4675 751 4719 nota.
788 4663 922 4728 Quocirca
940 4665 969 4719 et
986 4663 1021 4718 ad
1039 4664 1189 4736 ipsummet
1205 4663 1356 4720 iohannem
1371 4657 1447 4729 inopi

210 4750 281 4803 stola
300 4751 427 4818 sequenti
446 4750 586 4804 scribitur:
605 4757 664 4804 licet
681 4770 745 4819 quoe
762 4769 811 4818 pro
826 4756 889 4817 fidei
905 4756 1001 4803 sinitote
1018 4755 1141 4818 faciendo
1158 4762 1217 4804 arnt
1234 4752 1447 4806 succentore

210 4839 289 4887 titiam
307 4842 387 4888 latere
407 4856 455 4889 non
472 4841 578 4903 possint.

276 4920 297 4988 ²)
316 4919 349 4970 H.
369 4935 392 4972 e.
411 4939 446 4974 ere
463 4931 546 4988 porte.
