3204 5506
660 403 831 451 nrisronn
856 392 905 449 15.
1354 386 1416 453 725

700 555 782 621 Osa.
805 555 864 620 ΙΠ.

232 659 263 721 4.
295 658 344 721 De
366 658 456 721 laicis
479 660 623 741 personis
646 659 856 740 decernimus,
880 680 921 722 ne
935 658 1030 722 facile
1052 660 1093 722 ad
1108 660 1322 724 sacerdotium
1344 682 1415 743 per·

145 760 320 824 mittantur
335 760 495 842 accedere,
520 760 591 845 dei)
607 761 721 845 quibus
744 764 777 824 et
790 764 936 843 tempora
956 763 988 824 et
1003 761 1121 845 gradus
1137 763 1304 826 constituti
1327 767 1414 846 sunt,

144 885 205 946 per
231 883 310 947 quos
338 863 378 926 ad
406 861 490 925 hanc
522 862 714 946 dignitatem
747 862 886 927 debeant
919 861 1098 946 adspirare:
1133 863 1207 947 quia
1234 863 1415 949 quicunque

143 964 265 1048 sine¹⁰)
287 964 437 1028 instituto
459 968 673 1048 promovetur,
697 987 763 1029 non
784 964 879 1029 facile
902 968 990 1028 caret
1004 963 1136 1047 offensa,
1160 967 1194 1028 et
1207 965 1278 1030 sine
1293 967 1415 1049 experi-

142 1069 256 1130 mento
278 1088 343 1130 non
366 1069 473 1151 potest
494 1067 565 1150 quis
587 1066 752 1131 electionis
775 1067 920 1130 obtinere
942 1066 1147 1130 sententiam.

700 1219 783 1285 Cas.
806 1219 863 1284 IV.

230 1322 261 1386 5.
299 1321 459 1405 Raptores
487 1321 588 1405 igitur
614 1321 780 1385 viduarum
806 1321 904 1407 vel¹¹)
938 1320 1100 1405 virginum
1128 1344 1186 1405 pro
1213 1322 1415 1386 immanitate

141 1424 230 1486 tanti
254 1423 407 1487 facinoris
430 1424 642 1506 detestamur,
671 1423 742 1486 illos
764 1422 984 1488 vehementius
1007 1424 1240 1507 persequendo,
1269 1424 1324 1510 qui
1346 1423 1415 1489 Deo

141 1529 290 1589 sacratas
312 1525 454 1610 virgines
482 1524 532 1589 vel
554 1524 696 1588 volentes
727 1524 777 1588 vel
799 1526 917 1588 invitas
939 1525 1144 1588 matrimonio
1167 1526 1271 1609 suo¹²)
1294 1526 1415 1589 sociare

140 1627 360 1691 tentaverint:
388 1649 466 1711 quos
494 1649 551 1710 pro
580 1629 646 1690 tam
675 1626 896 1690 nefandissimi
930 1626 1073 1691 criminis
1096 1629 1267 1691 atrocitate
1290 1650 1309 1691 a
1332 1649 1414 1713 com,-

141 1728 298 1793 munione
320 1729 470 1811 suspendi
493 1729 718 1812 praecipimus.

708 1880 790 1946 Osa.
814 1880 854 1945 V.

230 1983 260 2047 6.
299 1982 408 2067 Neque
418 1983 456 2068 13)
479 1983 590 2047 viduas
613 1983 652 2047 ad
674 1983 804 2066 nuptias
826 1984 965 2047 transire
988 1983 1146 2066 patimur,
1176 2005 1258 2066 quae
1286 1985 1320 2048 in
1343 1985 1415 2048 reli-

142 2240 233 2306 quitur
251 2248 277 2291 ei
293 2242 390 2303 prades
408 2249 434 2290 er
452 2248 566 2305 tempora
584 2244 721 2290 constituta
737 2250 804 2304 sant,
819 2258 870 2306 per
882 2258 962 2306 quae:
984 2237 1170 2292 resarciuntur
1190 2254 1222 2290 ex
1235 2238 1332 2291 iisdem
1350 2256 1413 2293 mss.

1426 583 1451 619 a.
1463 531 1519 620 513.

141 2323 185 2375 Ex
203 2322 305 2390 quibus
323 2320 499 2375 manifestum
519 2323 572 2387 cst,
595 2322 649 2375 duo
668 2322 780 2376 diversa
797 2323 910 2377 decreta
932 2339 980 2377 seu
999 2323 1133 2391 capitula,
1157 2339 1229 2391 quae
1253 2321 1415 2377 Sirmondns
1487 2345 1491 2355 ·

141 2407 252 2477 primus
270 2410 345 2460 recte
364 2405 501 2472 distinxit,
524 2425 609 2460 unum
627 2407 731 2460 sedicet
750 2408 784 2461 de
803 2407 960 2462 simoniaca
982 2407 1170 2472 ordinatione,
1194 2409 1223 2461 et
1241 2407 1360 2460 altemm
1379 2407 1413 2462 de

140 2491 222 2546 laicis
240 2491 277 2545 ad
295 2491 398 2545 clerum
415 2508 471 2544 non
488 2490 569 2545 facile
586 2492 796 2561 promovendis,
819 2492 855 2546 ab
874 2492 1014 2561 Hispanae
1039 2492 1208 2546 collectionis
1231 2493 1414 2561 compilatore

140 2579 172 2631 et
190 2577 228 2630 ab
247 2575 297 2642 his,
316 2575 363 2642 qui
379 2575 457 2628 illum
475 2576 563 2630 secuti
581 2579 652 2641 sunt,
671 2576 709 2630 sic
727 2576 811 2631 fuisse
830 2580 952 2631 confusa.
970 2607 1004 2616 —
1020 2576 1137 2630 1101ιῖἀ
1155 2583 1195 2631 De
1212 2584 1337 2632 reclazais
1354 2599 1414 2646 per-

136 2681 223 2716 sonis.

210 2748 233 2814 ⁹)
252 2745 386 2799 Addimus
403 2751 435 2800 de
453 2762 516 2799 cum
532 2745 568 2798 Fi
580 2745 612 2799 L¹
626 2746 659 2799 L³
673 2746 727 2800 11¹³.
758 2746 823 2800 Mox
835 2746 899 2817 Ire
917 2752 1063 2815 adspicere.
1093 2746 1135 2800 Dc
1152 2746 1328 2816 temporibus
1351 2766 1413 2817 gra-
1502 2821 1509 2828 “

134 2831 280 2900 (libusque
298 2830 448 2900 praedictis
466 2830 579 2885 decreta
596 2830 736 2885 habentur
749 2830 839 2885 Siricii
857 2831 936 2901 epist.
952 2839 965 2885 1
983 2850 1010 2885 n.
1026 2838 1057 2884 14
1075 2833 1105 2884 et
1123 2830 1203 2900 epist.
1218 2840 1233 2885 5
1250 2850 1277 2885 u.
1290 2839 1315 2897 4,
1334 2834 1414 2886 Iuno-

133 2915 229 2972 centii
247 2915 327 2984 epist.
340 2922 372 2970 37
394 2934 420 2969 n.
435 2922 464 2982 6,
493 2915 595 2970 Zosimi
613 2915 722 2984 epistt
749 2923 815 2982 nt,
845 2914 992 2970 Coelestini
1011 2916 1120 2985 epistt
1141 2923 1209 2983 nt,
1240 2915 1414 2985 aliorumque

131 3000 320 3074 pontificum,
339 3016 407 3067 quos
425 3000 516 3054 mitto.

212 3089 244 3153 ¹⁰)
263 3086 307 3139 lta
318 3085 511 3154 castigatiores
528 3085 593 3139 libri
606 3087 649 3153 (Α1
663 3086 698 3138 F⁴¹
710 3086 757 3138 Κ13
769 3085 801 3137 L¹
813 3087 846 3138 L²
859 3086 891 3139 L³
904 3086 955 3153 L4).
984 3086 1038 3138 Alii
1055 3102 1121 3140 vero
1139 3092 1194 3140 sine
1211 3098 1316 3149 statura,
1334 3105 1413 3156 prae·

128 3177 181 3228 ter
201 3170 371 3224 sententiam
383 3169 550 3239 Symmachi,
568 3171 612 3224 cui
628 3177 684 3224 sine
702 3176 815 3225 instituto
832 3171 927 3236 idest,
946 3171 1021 3240 quod
1038 3169 1220 3224 institutionis
1238 3170 1350 3226 debitae
1369 3189 1413 3226 ex-

124 3259 247 3330 pertes.
267 3284 300 3295 -
317 3255 381 3309 Mox
398 3255 432 3309 L³
442 3255 477 3308 L⁴
495 3260 650 3323 provehitur.

213 3344 244 3408 ¹¹)
262 3340 297 3393 ps
310 3340 357 3393 Κ13
374 3350 411 3400 et,
434 3357 554 3407 moxque
573 3344 595 3394 0Ι
612 3344 637 3394 o’
650 3344 676 3395 a¹
696 3346 857 3410 quiramus,
887 3341 904 3393 J
923 3346 991 3410 quod
1011 3361 1115 3404 saeros,
1142 3340 1190 3394 ubi
1208 3340 1275 3395 illud
1294 3348 1362 3410 quod
1380 3360 1413 3396 ex

124 3425 237 3485 verbis
258 3431 300 3494 qni
317 3430 371 3479 Deo
390 3425 546 3480 conflatum.
583 3427 614 3478 ln
632 3425 792 3479 melioribus
811 3427 905 3480 autom
922 3444 985 3480 mss.
1005 3433 1048 3495 qni
1065 3432 1121 3480 Deo
1138 3437 1265 3479 samaras.
1308 3427 1414 3482 Notan-
1456 3499 1460 3504 r

125 3515 218 3577 dum,
237 3528 293 3578 quo
310 3512 393 3579 pacto
407 3509 586 3579 Symmachus
603 3509 633 3563 in
644 3511 697 3565 hoc
710 3512 822 3565 decreto
834 3511 1040 3581 progrediatur.
1067 3512 1160 3567 Primo
1173 3511 1319 3565 viduarum
1331 3513 1413 3566 simul

123 3602 163 3656 et
184 3596 331 3665 virginum
347 3597 473 3664 raptores
491 3595 626 3649 detestari
645 3613 674 3649 se
693 3597 825 3650 declarat.
871 3597 941 3650 Tum
965 3612 1012 3649 eos
1035 3601 1201 3650 vehementius
1221 3605 1413 3666 persequendos

122 3687 192 3740 hoc
215 3682 259 3734 est
276 3679 407 3734 severiori
425 3695 516 3749 poena
532 3680 695 3749 plectendos
714 3683 816 3746 censet,
835 3681 881 3748 qui
899 3680 1021 3749 virgines
1039 3682 1098 3735 Deo
1117 3684 1241 3735 sacratas
1259 3683 1303 3736 vel
1320 3684 1412 3737 volen-

125 3773 178 3824 tes
201 3765 248 3819 vel
265 3765 365 3818 invitas
383 3765 559 3819 matrimonio
578 3764 630 3818 sibi
649 3765 763 3818 socient.
797 3767 838 3819 Ac
856 3765 967 3819 demum
985 3766 1035 3820 hos
1053 3784 1070 3820 a
1088 3766 1280 3821 communione
1300 3784 1412 3836 snspen-

124 3850 251 3909 dendos
268 3849 399 3904 decernit.
436 3850 498 3904 Non
516 3850 602 3918 igitur
624 3851 694 3904 haec
715 3867 807 3919 poena
828 3850 856 3903 in
878 3851 1025 3904 viduarum
1048 3853 1176 3921 raptores
1198 3851 1305 3919 pariter
1327 3853 1410 3906 cadit.

124 3939 204 4004 Qua
221 3935 252 3987 in
271 3951 299 3988 rc
313 3933 493 4003 Symmachus
512 3952 574 3988 cum
587 3935 691 3989 Gelasii
709 3935 828 3990 decretis
846 3934 925 4004 epist.
935 3942 966 3987 14
985 3953 1006 3989 c.
1018 3942 1051 3989 20
1064 3937 1092 3989 et
1104 3941 1135 3988 21
1156 3936 1314 3990 concordat.
1341 3936 1412 4001 Quo-

126 4024 218 4080 circa
235 4019 375 4090 Hispanae
394 4019 563 4074 collectionis
581 4018 746 4088 compilator
763 4021 876 4089 praeter
889 4019 1048 4088 Symmachi
1065 4021 1188 4074 mentem
1206 4021 1328 4089 capitulo
1347 4022 1412 4076 huic

123 4104 274 4181 praefixit
290 4104 362 4159 hanc
379 4121 526 4158 summam:
552 4109 585 4158 Ul
603 4117 724 4172 raptores
747 4112 876 4158 viduarum
897 4111 936 4159 vei
953 4111 1074 4173 oirpinnm
1092 4126 1108 4157 a
1126 4111 1293 4159 communione
1312 4113 1409 4174 pellan·

124 4208 187 4249 tur.
227 4189 362 4243 Eamdem
382 4191 479 4244 tamen
501 4207 557 4243 non
579 4189 663 4243 modo
681 4189 803 4243 Isidorus
825 4190 875 4244 sed
897 4192 926 4244 et
947 4190 1068 4244 editores
1092 4206 1187 4244 omnes
1209 4206 1244 4244 ne
1263 4189 1410 4245 Sirmondo

124 4274 259 4350 quidem
277 4280 393 4343 excepto
410 4274 591 4328 retinuerunt.
694 4317 696 4321 .

210 4361 244 4426 ¹²)
262 4360 294 4413 In
312 4362 336 4413 0¹
350 4362 415 4413 c²a¹
434 4360 607 4413 desideratur
624 4380 677 4414 siro.
718 4359 783 4412 Mox
800 4361 834 4413 A¹
848 4360 881 4413 L²
900 4371 950 4412 tam
972 4366 1079 4427 nefandi
1099 4365 1213 4421 seminis,
1238 4360 1287 4413 ubi
1303 4360 1332 4414 in
1350 4360 1411 4415 aliis

123 4463 186 4505 um
201 4445 336 4513 (Ferant)
349 4450 524 4509 nefandissimi
541 4451 660 4497 criminis.
688 4444 729 4496 Ex
746 4444 886 4512 prioribus
904 4446 998 4499 autem
1017 4450 1042 4499 0⁵
1061 4444 1202 4499 revocavit
1214 4450 1326 4510 nefandi,
1345 4445 1411 4500 licet

122 4551 191 4589 vox
209 4535 314 4584 seminis
338 4545 409 4596 quae
431 4529 459 4582 iu
480 4529 524 4583 his
542 4529 679 4597 sequitur,
706 4528 823 4582 aliorum
845 4528 994 4584 lectionem
1017 4532 1168 4584 confirmet.
1205 4529 1284 4583 Hanc
1305 4529 1409 4599 quippe

122 4633 239 4677 vocem
257 4631 292 4669 ex
309 4614 444 4669 vocabulo
464 4619 638 4682 nefandissimi
655 4630 802 4682 perperam
821 4613 908 4666 diviso
927 4616 1017 4668 ortam
1035 4632 1095 4669 esse
1113 4618 1240 4683 apparet.

205 4704 241 4769 ¹³)
260 4699 374 4753 Ironem
392 4701 464 4769 part.
479 4705 493 4752 '1
513 4716 534 4753 c.
550 4704 583 4751 64
601 4704 711 4751 secutus
724 4697 874 4752 Gratianus
892 4707 944 4753 c.3
963 4699 991 4753 O.
1005 4705 1037 4752 27
1057 4717 1102 4766 qu.
1119 4709 1131 4752 l
1149 4700 1219 4754 haec
1236 4701 1323 4754 verba
1334 4701 1411 4754 velut

120 4813 165 4849 ex
185 4790 307 4844 decretis
327 4788 422 4838 Gelasii
436 4804 523 4853 papae
541 4789 576 4836 nd
593 4786 737 4836 Sicilienses
756 4791 890 4851 episcopos
908 4791 958 4838 ss
977 4783 1052 4837 citat.
1084 4783 1139 4837 Sed
1150 4801 1202 4838 nec
1214 4784 1268 4838 sibi
1280 4787 1409 4839 constans

119 4880 178 4934 Iso
197 4875 233 4927 in
252 4868 353 4924 eadem
371 4871 452 4937 parte
470 4876 485 4922 7
504 4874 590 4922 0144
607 4867 659 4920 hoc
676 4867 768 4936 ipsum
786 4869 929 4923 decretum
949 4871 980 4923 ut
1000 4875 1096 4923 Gelasii
1113 4891 1198 4937 papae
1216 4874 1339 4924 Caesario
1358 4877 1409 4923 c.4

117 4958 254 5037 profert.
293 4954 382 5008 Porro
401 4953 527 5008 Gelasius
544 4969 613 5021 erga
630 4951 790 5021 hujusmodi
807 4953 905 5008 viduas
928 4951 1117 5023 indulgentior
1139 4952 1203 5008 fuit:
1233 4956 1338 5025 quippe
1362 4954 1409 5022 qui
