3204 5506
183 361 246 429 428
656 377 685 427 s.
702 374 843 426 casaur
862 372 977 423 esraa

55 543 89 610 (a.
100 545 172 612 495.)
183 532 360 600 asseritur?
380 531 466 597 Eece
479 531 611 598 interim
632 531 667 595 in
688 531 739 595 his
762 531 905 618 causam)
927 532 1035 594 vestra
1048 530 1145 594 nutat
1159 532 1193 594 et
1213 527 1301 595 labit

183 636 263 702 haec
285 635 353 700 sola
374 634 451 717 sint,
477 656 606 719 prorsus
627 635 698 697 tota
719 632 890 698 subruitur.

267 739 298 803 6.
343 737 405 802 Sed
433 735 649 822 adducitur⁴¹)
683 735 786 800 adhuc
820 736 922 820 aliud,
956 735 1038 821 quod
1066 734 1107 800 ad
1136 733 1298 800 cumulum

185 840 393 906 convictionis
416 837 557 904 accedat.
602 836 684 914 Quid
707 837 793 902 enirn
814 837 842 902 si
863 838 1025 923 doceatur,
1052 859 1120 903 non
1141 837 1244 903 solum
1264 859 1301 923 pr

183 944 218 1008 in
238 944 306 1028 ejus
329 941 583 1008 communionem
597 940 750 1012 veneritis
757 941 808 1029 ⁴²),
832 963 935 1026 neque
956 940 1178 1006 tantummodo
1199 962 1298 1026 quum

185 1045 438 1111 communionem
459 1043 603 1127 venistis,
627 1042 682 1108 sed
697 1043 795 1108 etiam
816 1047 928 1127 postea
942 1044 978 1109 in
992 1043 1226 1109 haereticorum
1239 1041 1301 1108 nih

184 1170 255 1213 eum
278 1147 500 1214 communione
521 1145 669 1211 durasse:
691 1166 800 1212 nonne
822 1149 879 1211 aut
899 1167 957 1231 per
978 1146 1069 1211 illum
1089 1146 1175 1232 apud
1197 1167 1254 1211 ros
1270 1167 1301 1212 ct

183 1249 390 1335 perveniebat
416 1249 596 1333 haeretica,
631 1251 687 1313 aut
720 1249 756 1313 in
788 1249 985 1314 haereticam
1012 1249 1270 1314 communionem
1297 1272 1301 1284 ¹

184 1353 372 1417 commercio
407 1350 622 1417 transibatis?
664 1349 784 1416 Docete
818 1352 934 1437 igitur,
963 1351 1094 1417 Petram
1122 1350 1301 1416 Alexandri

183 1455 380 1520 Antiocheni
406 1454 494 1519 Petri
521 1476 661 1539 unquam
689 1455 912 1520 communione
940 1455 1088 1539 desiisse,
1125 1458 1158 1518 et
1185 1474 1252 1519 non
1281 1477 1301 1519 u

183 1558 277 1642 diem,
301 1556 445 1643 quum⁴³)
468 1556 691 1621 Antiochenus
711 1557 826 1623 Petrus
848 1558 883 1622 in
904 1558 967 1622 hac
987 1558 1059 1622 luce
1081 1559 1227 1622 versatus
1249 1559 1301 1622 est

184 1661 279 1726 duum
299 1660 441 1745 utrisque
461 1659 561 1724 fuisse
583 1660 788 1726 consortium.
827 1661 879 1725 An
901 1661 1018 1725 dicturi
1039 1661 1127 1744 estis,
1154 1662 1188 1723 et
1208 1659 1301 1723 Anti(

182 1763 313 1828 Petrum
340 1762 439 1826 fuisse
462 1762 662 1827 correctum?
689 1763 801 1848 Our⁴⁴)
828 1763 984 1847 usquein
1005 1762 1102 1827 finem
1130 1784 1164 1826 se
1186 1784 1253 1827 non
1276 1783 1301 1826 ct

183 1886 272 1931 casse
293 1863 492 1949 gloriabatur
514 1865 676 1930 Aeacius?
717 1863 778 1930 Sed
800 1865 876 1950 qnid
897 1866 1028 1950 profuit,
1055 1864 1137 1950 quod
1159 1864 1208 1929 illi
1229 1884 1289 1948 per

183 1967 417 2033 communicare
438 1989 505 2032 non
526 1968 636 2051 voluit,
661 1989 757 2052 quum
772 1967 875 2033 eidem
889 1988 948 2052 per
962 1966 1217 2033 Alexandrinum
1231 1965 1301 2031 Pet]

181 2071 247 2136 ulla
269 2091 303 2135 se
326 2070 559 2135 communicare
580 2073 710 2155 putaret
731 2068 875 2135 invidia?
896 2069 978 2146 Quid
999 2069 1136 2134 facimus
1158 2069 1197 2133 de
1218 2071 1301 2133 tott

182 2173 374 2257 civitatibus,
398 2196 436 2238 ex
459 2172 573 2258 quibus
595 2172 746 2238 catholici
767 2172 934 2257 pontifices
963 2175 1038 2236 sunt
1059 2171 1201 2256 repulsi?
1237 2171 1272 2238 Si
1297 2201 1301 2231 r

182 2276 346 2361 subrogati
368 2278 454 2357 sunt,
479 2297 534 2340 cur
556 2274 707 2340 catholici
728 2278 804 2339 sunt
825 2275 937 2360 rejecti
944 2275 1011 2362 ⁴⁵)?
1032 2273 1094 2340 Sed
1116 2273 1281 2340 evidenter

181 2377 256 2462 quia
278 2399 374 2462 quum
397 2375 548 2442 catholici
569 2381 646 2442 sunt
667 2377 795 2462 rejecti,
829 2399 895 2442 non
929 2376 1079 2442 catholici
1104 2377 1237 2441 fuerunt
1270 2399 1301 2442 su

181 2479 307 2563 Restat,
334 2483 372 2544 ut
400 2479 566 2544 cathohcis
588 2479 742 2545 haeretici
764 2480 942 2565 quicunque
970 2480 1190 2545 successerint.
1237 2477 1301 2544 our

181 2602 267 2646 mere
291 2582 572 2646 communicastis?
600 2581 664 2648 our
685 2605 761 2666 non,
792 2586 829 2648 ut
850 2583 913 2647 ista
934 2601 1029 2647 nova·
1044 2581 1145 2647 facies
1172 2602 1280 2646 rerum

181 2682 348 2769 tragoedia
374 2683 413 2748 de
440 2684 627 2769 pontificum
650 2685 847 2751 successione
875 2684 1051 2749 viventium
1079 2685 1145 2772 a⁴⁶)
1167 2683 1290 2769 synodo

247 2907 281 2975 ⁴⁰)
299 2905 334 2961 0¹
347 2906 382 2961 Ο1
394 2908 419 2961 0¹
437 2912 521 2962 cassu
592 2910 686 2962 labitur
703 2913 843 2963 auctoritas
866 2917 891 2962 et
908 2913 932 2962 si
948 2911 1012 2962 liaec
1029 2913 1086 2961 sota
1101 2912 1165 2969 sint,
1188 2923 1299 2976 prorsus

180 2997 270 3046 mitur.
307 2990 455 3062 Sequimur
471 2991 508 3046 D*
519 2992 556 3046 D·
568 2991 602 3045 Fd
614 2992 655 3050 i*m
667 2992 704 3048 N·
716 2994 745 3047 d¹
759 2993 788 3047 d*
801 2994 827 3048 ,s
843 3009 930 3062 seqq,
947 2992 1000 3046 nisi
1017 2992 1092 3062 quod
1110 2991 1138 3046 d¹
1156 2999 1214 3047 sata
1231 3001 1301 3058 sust,

179 3082 236 3131 sola
251 3080 310 3144 suit.

247 3164 280 3230 ⁴¹)
298 3163 342 3217 Ita
358 3162 394 3217 Ν8
408 3161 443 3216 0²
454 3161 503 3229 K⁸3
520 3162 557 3216 D⁴
568 3162 604 3216 Fi
615 3162 656 3216 F¹⁰
674 3169 785 3226 adducit,
804 3162 838 3217 0¹
852 3165 875 3217 0¹
889 3168 1015 3227 adducite,
1035 3163 1062 3217 d¹
1076 3163 1105 3217 d¹
1117 3167 1252 3232 adjicitur,
1271 3167 1297 3217 0⁵

179 3245 299 3316 Moxque
317 3247 403 3317 aliqui
420 3266 483 3302 mss.
503 3249 598 3316 (etiarn
615 3247 650 3302 ps
663 3248 714 3316 Fe)
732 3253 920 3303 connectionis.

246 3333 279 3400 ⁴⁸)
296 3332 338 3387 Al.
353 3332 396 3390 ed.
410 3339 537 3389 veniretis.
569 3332 603 3387 0²
621 3332 725 3388 omittit
742 3340 861 3389 ueneritis
879 3354 1002 3403 nsque-
1014 3339 1051 3388 ad
1067 3339 1125 3400 ejus
1141 3339 1301 3389 communion

182 3430 235 3482 que
254 3415 339 3484 aliqui
357 3435 419 3471 mss.
440 3417 535 3485 (etium
552 3416 588 3470 F<¹
599 3418 652 3487 Fe)
671 3424 848 3479 transiebant,
867 3419 896 3473 et
912 3418 950 3472 Κ8
966 3425 1086 3473 descisse.

247 3503 280 3568 ⁴³)
299 3501 328 3554 d¹
346 3502 426 3557 addit
442 3508 541 3564 mortu,
565 3503 593 3558 et
610 3518 675 3556 mox
693 3524 743 3559 noa
762 3506 836 3571 (ante
855 3508 938 3572 faisse
955 3506 1130 3572 consortitos),
1151 3505 1301 3576 refraganti

179 3583 252 3639 Illud
263 3604 341 3655 nsque
353 3592 389 3640 ad
399 3593 463 3641 diem
472 3608 544 3657 quan
556 3587 712 3657 elegantius
723 3604 778 3642 uno
790 3589 876 3643 verbo
887 3595 1003 3660 quantita
1015 3589 1186 3645 redderetur.
1205 3589 1248 3644 Ex
1259 3589 1301 3645 ho«

180 3668 285 3724 Gelasii
305 3669 366 3724 loco
387 3671 522 3727 Henricus
538 3671 664 3726 Valesius
684 3672 714 3726 in
731 3674 832 3742 Evagr.
851 3674 877 3727 h.
892 3691 915 3728 e.
934 3675 986 3740 III,
1004 3681 1036 3729 23
1054 3675 1197 3741 observat,
1220 3675 1281 3730 falli

180 3770 244 3809 nem
262 3755 291 3808 et
309 3753 475 3823 Cedrenum,
499 3758 547 3826 qui
564 3758 679 3812 Petrum
696 3758 841 3813 Fullonem
858 3761 924 3829 post
941 3760 1054 3814 Petrum
1071 3759 1205 3829 Mergum
1224 3775 1240 3813 e
1257 3758 1301 3814 vir

179 3839 312 3895 scribunt.
347 3840 469 3896 Fullonia
486 3845 607 3896 mortem
624 3842 721 3897 Victor
734 3843 906 3898 Tunonensis
925 3845 960 3899 ad
979 3862 1084 3900 annum
1095 3850 1145 3902 488
1163 3845 1259 3900 refert.
1289 3845 1301 3899 l

179 3925 274 3980 autem
296 3942 357 3980 curn
375 3927 458 3982 Petro
475 3926 591 3998 Mongo,
614 3930 699 3997 atque
717 3929 798 3998 hujus
818 3947 880 3984 cum
897 3931 981 3985 Petro
998 3930 1114 3985 Fullone
1135 3931 1301 3985 communior

180 4010 232 4065 dus
249 4010 386 4081 Euagrius
402 4011 430 4065 h.
449 4029 473 4066 e.
492 4013 545 4080 ΠΙ,
565 4018 604 4067 16.

245 4098 278 4167 ⁴⁴)
296 4097 333 4151 D⁸
343 4097 380 4152 D·
393 4101 420 4152 (ιὅ
431 4113 507 4167 seqq.
527 4104 568 4152 cui
584 4118 674 4170 usqae,
692 4100 728 4153 Ι)ι
740 4100 777 4154 D⁴
787 4099 823 4153 1⁴¹d
834 4101 875 4155 Fm
886 4101 924 4156 N³
936 4101 966 4155 d²
982 4121 1029 4155 cur
1039 4120 1131 4171 usqae,
1149 4099 1179 4154 d¹
1190 4121 1237 4155 cerr
1248 4120 1301 4170 erpi

179 4184 214 4239 0¹
227 4184 262 4239 02
274 4186 298 4238 c¹
316 4204 363 4239 cur
379 4189 424 4238 isti
439 4203 525 4254 usqae.
556 4184 675 4254 Moxque
697 4187 735 4239 c¹⁰
753 4192 821 4256 qaod
835 4190 944 4256 masat.
975 4185 1043 4241 uum
1055 4186 1139 4241 Petro
1155 4184 1301 4241 Antioche

178 4269 250 4324 blics
269 4268 494 4336 communicaret,
512 4269 628 4325 Aeacius
645 4271 755 4326 Zenone
768 4271 851 4326 etiam
866 4272 984 4341 jubente
1002 4270 1103 4327 adduci
1114 4287 1171 4326 non
1181 4269 1282 4340 potuit

179 4353 303 4409 Gelasius
330 4353 360 4408 in
383 4353 503 4424 epistola
526 4357 667 4425 superiore
689 4375 715 4411 n.
735 4364 751 4413 8
773 4357 825 4412 ait:
857 4362 964 4419 Zenoni,
989 4363 1048 4428 qnia
1068 4364 1155 4426 patara
1177 4360 1301 4412 Antioche

179 4445 257 4493 notuit
274 4445 467 4507 communicare,
483 4461 554 4495 sitam
572 4461 621 4496 non
638 4446 750 4497 subdidit
766 4449 930 4503 volantatem,-
947 4443 977 4497 et
993 4461 1067 4497 num.
1082 4447 1126 4497 13:
1144 4445 1204 4511 Ipsi
1223 4446 1301 4499 ΖΜ

179 4530 228 4577 tarn
238 4530 318 4581 Petro
331 4529 504 4589 Antiocheno,
523 4532 634 4595 qamvis
651 4535 761 4582 latenter
778 4532 825 4583 isc
835 4533 942 4596 fecerit,
961 4533 1142 4583 communicare
1153 4532 1300 4594 sidensw,

179 4614 288 4664 nudant
305 4629 440 4668 assensum.

246 4697 280 4762 45)
298 4695 325 4748 d*
345 4702 423 4764 ejecti
439 4697 598 4767 utrobique3
617 4714 680 4752 mox
693 4701 719 4753 c⁵
730 4715 808 4767 seqq.
826 4710 885 4754 snat
901 4702 1043 4770 subrepsti,
1061 4714 1181 4769 moxque
1193 4698 1222 4753 d¹
1235 4699 1267 4756 d'
1278 4721 1301 4756 sa

180 4779 214 4834 0¹
226 4779 261 4832 X¹
273 4790 355 4834 restat
365 4786 454 4849 igitur,
473 4782 508 4836 Fi
520 4783 561 4836 Fm
572 4783 610 4837 N’
623 4784 657 4838 0²
670 4787 693 4838 o'
708 4789 734 4837 οὗ
751 4801 826 4853 seqq.
847 4794 927 4839 restat
950 4796 987 4847 ut,
1011 4802 1044 4839 ac
1062 4784 1161 4839 deinde
1179 4785 1213 4840 θ’
1228 4784 1301 4843 O‘X

179 4869 265 4920 tiottci
279 4885 329 4920 son
345 4871 397 4919 sint
412 4872 461 4922 sed
476 4873 609 4932 tanesia,
628 4876 767 4940 quicunque
783 4881 967 4926 sacenses-unt.
996 4870 1067 4926 Vide
1079 4868 1159 4940 epist.
1173 4875 1207 4925 26
1224 4888 1253 4927 n.
1266 4875 1298 4941 8,

247 4950 278 5019 ⁴⁸)
296 4949 333 5003 D’
355 4949 461 5006 omittit
481 4972 506 5007 a.
553 4952 617 5008 Mox
640 4954 673 5009 0¹
688 4954 771 5009 0²1(¹
783 4959 807 5010 οί
831 4961 925 5011 dotent.
968 4953 1132 5026 Elegantius
1164 4957 1266 5027 ceteri,
