3204 5506
173 313 237 378 344
645 328 830 378 accursu
855 329 969 377 rainu

44 493 161 560 (asos)
175 483 295 550 Contra
316 505 395 568 ques
429 483 489 548 hoc
516 482 586 568 ipso
615 483 723 546 venire
751 505 784 546 se
806 483 958 567 produnt,
995 483 1079 570 quod
1110 484 1236 569 primae
1272 483 1348 550 sedi
1382 507 1464 550 sana

174 592 326 671 rectaque
349 585 498 650 suadenti
520 608 633 669 parere
656 586 833 672 refugiunt.
867 587 935 671 Ipsi
957 590 1033 653 sunt
1056 607 1205 671 canones,
1231 587 1290 673 qui
1315 586 1462 672 appella·

174 690 278 754 tiones
306 688 405 753 totins
434 687 597 752 Ecclesiae
625 689 664 752 ad
697 689 792 774 hujus
815 689 898 753 sedis
921 711 1055 754 examen
1088 688 1216 754 voluere
1246 688 1389 772 deferri,
1422 689 1463 755 ab

173 793 245 877 ipsa
267 812 341 855 vero
363 813 521 874 nusquam
543 812 673 874 prorsus
697 790 852 875 appellari
874 791 989 857 debere
1012 795 1198 857 sanxerunt.
1239 792 1293 856 Ac
1318 813 1382 877 per
1402 791 1463 858 hoo

172 894 263 958 illam
285 893 323 957 de
346 897 416 957 tota
432 892 577 957 Ecclesia
588 893 745 977 judicare,
768 894 870 977 ipsam
893 893 932 959 ad
948 894 1068 960 nullius
1084 915 1265 960 commeare
1283 893 1462 979 judicium,

174 1099 259 1164 illius
283 1099 521 1165 eonst'tuerunt
542 1120 609 1161 non
631 1102 777 1182 oportere
800 1098 940 1181 dissolvi,
970 1099 1061 1183 eujus
1082 1099 1191 1183 potius
1213 1098 1390 1184 sequenda
1411 1099 1462 1165 de·

175 1205 263 1266 creta
290 1201 494 1265 mandarunt.
539 1199 579 1264 In
608 1199 669 1264 hac
701 1201 771 1284 ipsa
805 1222 901 1264 causa
933 1200 1119 1265 Timotheus
1148 1200 1404 1267 Alexandrinus
1430 1205 1464 1269 et

174 1303 288 1368 Petrns
319 1303 557 1386 Antiochenus,
586 1301 768 1388 Petrusffl),
803 1301 937 1386 Paulus,
972 1301 1138 1368 Johannes
1167 1307 1200 1368 et
1223 1303 1358 1387 ceteri,
1395 1327 1463 1370 non

174 1406 277 1470 solum
299 1428 396 1489 unua,
431 1404 486 1469 scd
508 1404 614 1488 plures
635 1405 745 1489 utiquc
774 1426 892 1469 nomen
919 1405 1087 1470 sacerdotii
1109 1404 1358 1490 praeferentes,
1394 1405 1463 1472 sola

175 1508 258 1573 sedis
282 1507 475 1592 apostolicae
498 1509 574 1571 sunt
597 1506 788 1571 auctoritate
809 1507 941 1591 dejecti3
965 1508 1054 1592 cujus
1076 1509 1123 1572 rei
1146 1508 1239 1573 testis
1262 1508 1371 1574 etiam
1393 1509 1464 1594 ipse

176 1611 307 1674 docetur
335 1609 484 1693 Aeacius,
515 1609 568 1694 qui
595 1609 833 1693 praeceptionis
860 1609 956 1695 hujus
985 1609 1108 1674 exstitit
1135 1615 1323 1676 exsecutor.
1371 1610 1463 1688 Quod

176 1712 285 1797 utique
308 1711 391 1776 sieut
412 1710 621 1797 apostolicam
643 1711 750 1775 sedem
768 1711 863 1795 juxta
884 1711 1021 1777 formam
1042 1712 1230 1797 synodicam
1251 1713 1377 1779 fecisse
1394 1737 1463 1780 ma·

176 1814 330 1879 nifestum
352 1818 410 1898 est,
435 1814 482 1878 sic
504 1812 665 1878 neminem
688 1814 843 1878 resultare
866 1815 1007 1898 potuisse
1031 1814 1257 1881 certissimum.
1301 1815 1380 1882 Hoc
1402 1816 1463 1904 igi·

176 1921 229 1980 tur
250 1917 343 1981 modo
366 1917 511 1981 recidens
526 1917 561 1980 in
583 1916 778 1981 consortium
793 1916 1017 1981 damnatorum
1040 1919 1088 1981 est
1108 1917 1285 1983 damnatus
1303 1919 1462 2003 Aeacius,

129 2046 133 2051 ·
176 2041 238 2104 quo
262 2041 371 2084 eorum
393 2019 641 2103 damnationem,
672 2022 844 2103 antequam
866 2020 1104 2103 praevaricator
1131 2019 1322 2105 exsisteret,
1354 2021 1466 2089 fuerat

177 2125 353 2186 exsecutus.

261 2224 291 2288 6.
336 2223 438 2288 Nobis
466 2224 534 2288 ausi
562 2226 639 2287 sunt
668 2245 827 2288 canonum
853 2225 961 2289 facere
988 2225 1201 2310 mentionem,
1233 2230 1357 2292 eontm
1384 2251 1466 2315 quos

177 2348 302 2411 semper
312 2327 352 2412 ²⁰)
375 2326 614 2409 ambitionibus,
648 2348 773 2410 semper
795 2326 917 2391 illicitis
940 2327 1095 2393 studendo
1122 2327 1184 2393 isse
1217 2332 1464 2397 monstrantur.

177 2427 246 2504 Qua
268 2428 329 2512 ipsi
353 2428 473 2512 synodo
503 2427 552 2491 vel
574 2428 749 2492 seeundrnn
773 2429 862 2512 cujus
888 2429 1002 2513 synodi
1030 2429 1167 2494 formam
1193 2430 1466 2500 Alexandrinum

177 2530 407 2621 Johannem²¹)
424 2530 624 2614 deecclesia,
650 2530 699 2594 cui
717 2529 883 2595 ordinatus
898 2526 1015 2616 iuerat,
1039 2532 1258 2616 expulerunt?
1281 2532 1349 2610 Qui
1365 2536 1466 2601 nullis

178 2631 283 2696 causis
306 2631 505 2695 evidentibus
528 2654 588 2696 nec
604 2635 679 2696 ante
696 2632 842 2697 convinci
850 2632 902 2719 ²²),
926 2655 986 2698 nec
1008 2638 1121 2719 postca
1142 2656 1341 2721 provocans,
1365 2639 1466 2705 etiam

177 2734 212 2798 in
233 2733 356 2818 judicio
386 2734 580 2816 competenti
608 2735 715 2819 potuit
744 2736 897 2799 accusari.
944 2736 1034 2811 Quod
1068 2736 1094 2800 si
1124 2736 1253 2802 dieunt:
1289 2746 1467 2823 imperator

178 2842 235 2901 boe
252 2839 345 2918 sceil3
374 2835 434 2899 hoc
461 2836 566 2919 ipsum
594 2838 708 2920 quibus
738 2837 924 2919 canonibus,
954 2838 1069 2923 quibus
1099 2839 1220 2924 regulis
1249 2843 1304 2906 est
1332 2864 1466 2927 praeoe-

178 2938 293 3025 ptum‘?
316 2936 379 3004 Gur
401 2937 476 3001 huie
498 2940 566 3002 tam
588 2960 688 3021 pravo
710 2939 798 3004 facto
814 2941 978 3004 consensit
995 2939 1142 3024 Aeacius,
1166 2964 1266 3025 quum
1284 2938 1467 3013 auctoritas

248 3196 279 3261 ¹⁸)
298 3193 403 3262 ‘llilD'
415 3193 490 3260 D¹¹?)
509 3204 671 3261 receperunt.
710 3192 835 3248 calasius
857 3195 911 3248 hoc
932 3194 994 3249 loco
1017 3194 1187 3250 Sardieensis
1213 3198 1320 3266 synodi
1343 3217 1467 3257 canones

180 3286 196 3331 l
214 3280 243 3331 et
260 3284 276 3332 5
293 3279 439 3332 memorat.

251 3366 280 3430 ¹⁹)
299 3363 327 3415 d¹
346 3363 410 3416 hinc
428 3362 547 3415 reurovit
565 3380 647 3417 voces
666 3368 759 3416 Petras
771 3369 878 3425 lautus,
898 3364 1024 3432 quamvis
1043 3365 1178 3419 exsistant
1194 3365 1224 3420 in
1243 3369 1383 3426 omnibns
1400 3389 1466 3427 msa

179 3448 231 3502 Hie
250 3447 370 3501 maxime
389 3443 525 3516 respicere
544 3448 655 3502 videtur
673 3447 798 3502 (talasius
811 3435 853 3501 'ad
871 3447 1006 3518 Simplicii
1028 3449 1107 3520 epist.
1127 3456 1141 3503 l
1160 3468 1186 3504 n.
1206 3457 1235 3518 2,
1258 3452 1313 3508 ubi
1336 3456 1467 3525 pontifex

178 3530 281 3586 Acacio
299 3531 412 3585 nomina
430 3547 526 3585 eorum
544 3534 682 3597 recenset,
705 3550 773 3600 quos
792 3533 970 3602 suggestione
989 3533 1075 3603 ipsius
1092 3533 1187 3589 Aeacii
1204 3534 1235 3589 in
1253 3538 1393 3595 exsilium
1409 3540 1467 3612 pol·

179 3617 278 3672 leudos
286 3615 447 3685 judicabat,
466 3616 539 3671 inter
551 3635 620 3685 quos
631 3621 804 3672 memoratur
816 3617 918 3672 Paulus
930 3618 1055 3688 Ephesiis
1068 3618 1225 3685 ordimtus,
1243 3620 1322 3677 sicut
1334 3625 1367 3679 et
1378 3626 1467 3682 ested

179 3703 225 3756 hic
243 3700 381 3756 nominati
397 3703 511 3770 praeter
529 3703 648 3756 alterum
660 3702 787 3766 Petrum;
806 3703 879 3757 hunc
897 3705 991 3757 autem
1008 3702 1189 3773 intelligimus
1206 3703 1357 3762 Timothei
1369 3708 1468 3765 Aeluti

180 3786 285 3843 socimn
304 3802 337 3840 ac
354 3803 555 3853 successorem,
578 3804 660 3855 quem
683 3787 746 3841 ideo
766 3787 865 3841 ceteris
888 3787 1075 3857 adjiciendum
1098 3788 1208 3843 duxerit
1225 3789 1376 3861 Gelanos,
1399 3794 1467 3865 quia

181 3875 210 3926 ct
228 3871 320 3942 ipsum
338 3872 437 3942 postea
454 3872 571 3927 Aeacius
585 3871 720 3941 Simplicii
734 3872 818 3941 jussis
831 3873 980 3927 obsecutus
993 3873 1160 3941 ejiciendum
1173 3874 1293 3932 curavit.
1307 3903 1343 3918 —
1354 3878 1466 3937 Deinde

180 3957 214 4010 Fi
227 3957 248 4010 F
251 3968 268 3991 '¹¹
280 3956 314 4009 V'
329 3961 357 4010 al
376 3978 436 4026 quo,
456 3956 503 4010 ulii
522 3963 565 4025 qui
582 3979 666 4011 corum
685 3963 876 4013 dernrnalioncm.

247 4044 280 4110 ²⁰)
298 4041 374 4095 Editi
396 4061 496 4110 semper·
518 4046 693 4097 cruditionibus
716 4048 810 4097 illicitis
830 4048 925 4109 secisse
948 4043 994 4108 (1)ι
1007 4043 1034 4096 d¹
1049 4043 1079 4097 d¹
1102 4048 1251 4113 telendisse)
1274 4060 1468 4107 mennonium

179 4127 215 4180 Ι)9
228 4128 263 4181 Fe
276 4127 316 4179 ΡΜ
329 4127 367 4181 N³
385 4144 447 4180 cum
466 4135 482 4181 5
500 4127 615 4181 vetustis
633 4146 696 4181 nise.
710 4148 810 4195 semper
822 4132 996 4183 cruditionibus
1007 4148 1106 4198 semper
1124 4131 1235 4199 (semper
1252 4131 1340 4188 deest
1358 4136 1390 4191 iu
1401 4138 1421 4206 β
1432 4136 1469 4193 0¹

181 4212 229 4275 N³l
241 4219 336 4267 illicitis
355 4219 458 4266 tenendi
475 4233 531 4267 esse
548 4225 728 4268 monsirentur.
756 4214 790 4266 V'
805 4216 935 4284 corrupte
947 4233 1046 4282 semper
1057 4220 1231 4270 illicislinendi
1247 4218 1284 4285 (l)
1297 4219 1339 4284 eb,
1352 4220 1391 4276 0¹
1403 4240 1469 4279 sn·

178 4317 227 4365 per
245 4304 346 4353 inlicitis
365 4304 469 4353 terrendi
480 4318 543 4353 csse.
575 4301 619 4352 0¹¹
638 4319 739 4367 semper
757 4303 932 4353 arsibilionr'lms
943 4319 1044 4368 semper
1062 4304 1303 4384 illicilisosludendo
1321 4324 1384 4362 esse
1396 4327 1466 4364 aas·

179 4393 304 4438 serentur.
347 4381 436 4448 Quam
458 4383 607 4438 lectionem
628 4383 721 4454 prima
743 4386 852 4438 tantum
875 4384 954 4438 verbi
976 4404 1032 4440 erse
1050 4384 1159 4440 mutata
1180 4383 1281 4443 littera
1305 4391 1468 4449 censuimu

181 4466 366 4523 sinceriorem.
404 4468 549 4534 Quomodo
568 4469 642 4523 enim
660 4469 786 4524 Gelasius
805 4468 884 4522 initio
903 4487 977 4523 num.
997 4475 1013 4524 δ
1031 4468 1114 4523 dixit:
1137 4474 1210 4526 notis
1228 4488 1370 4542 opponant
1386 4496 1467 4534 m.

181 4571 233 4615 πει,
254 4564 344 4607 contra
363 4574 425 4624 qnos
441 4559 489 4608 boe
501 4561 557 4621 ipsc
570 4561 655 4608 venire
667 4575 695 4608 se
706 4561 831 4624 produnt,
851 4553 891 4609 ita
908 4572 981 4608 nunc
998 4555 1073 4609 idem
1090 4555 1195 4625 repetit
1212 4556 1257 4612 his
1277 4559 1344 4617 aliis
1355 4562 1467 4621 verbine

182 4647 273 4690 contra
291 4658 353 4706 quos
371 4644 420 4693 isse
438 4651 617 4694 monstrantur.

255 4723 288 4787 ¹¹)
306 4719 359 4786 Qui
370 4723 470 4794 Talaja
487 4724 698 4793 cognominatus
716 4726 770 4790 est,
790 4724 837 4792 qui
856 4724 997 4792 videlicet,
1015 4722 1185 4783 Alexandria
1197 4730 1350 4801 exprrlsus,
1369 4734 1467 4792 ιοὰω

185 4804 368 4875 apostolicam
386 4809 528 4879 appelavit
546 4827 579 4863 ae
596 4809 681 4864 Felici
699 4810 824 4865 libellum
842 4810 974 4865 adversus
992 4811 1123 4867 Acacium
1141 4812 1255 4870 obtulit

251 4893 283 4961 ²²)
302 4890 335 4945 ΟΙ
351 4891 385 4949 0Ι
399 4895 422 4948 0¹
441 4906 575 4949 conuentus
594 4915 640 4949 nec
655 4907 748 4964 postea
765 4907 925 4964 prouocatus.
1269 4919 1272 4924 ’
