3224 5506
127 343 190 408 282
567 358 595 407 s.
612 357 748 407 runicis
771 359 798 405 11
821 357 934 405 aaran

128 520 250 577 rumdam
265 521 488 576 monasteriorum
512 519 657 581 ntouaclris
677 520 723 594 qni
745 522 858 591 decepti
879 521 918 574 ad
932 522 1059 576 inimicos
1074 520 1131 575 Dei
1144 523 1325 591 transierant,

127 607 268 680 scripsisse
289 614 380 680 putem
403 603 454 676 (et.
478 603 533 660 Fel.
556 621 599 677 ep.
625 604 662 659 12
685 621 711 660 n.
737 602 776 676 2),
797 604 848 659 nisi
870 606 931 677 quia
951 605 1026 678 prius
1047 605 1075 660 iu
1096 604 1192 660 iisdem
1213 604 1317 668 litteris,

128 693 231 748 ratione
246 690 296 747 sibi
310 699 356 746 aut
372 690 405 746 dc
421 691 452 745 iis
469 690 602 764 agendum
618 697 698 751 esset,
714 689 790 746 illum
806 689 1015 746 consuluissent.
1043 688 1101 746 lloc
1123 697 1213 745 autern
1228 689 1268 746 illi
1282 707 1324 748 scr

126 784 198 839 runt,
221 784 364 849 postquam
387 775 472 831 'lutus
494 776 655 831 sententiam
677 774 703 830 d.
725 775 764 832 28
787 774 840 830 lul.
864 774 927 832 484
943 774 1070 831 adversus
1087 775 1212 832 Acacium
1234 775 1312 832 latam

126 861 330 935 stantiuopolim
353 860 524 934 pertulisset,
555 868 582 915 et
609 861 793 932 satisfactum
815 861 856 915 bis
880 864 1039 917 constitutis
1069 868 1153 917 esset.
1200 858 1324 935 Quumqu

126 946 221 1003 Felicis
244 945 358 1020 epistola
369 945 418 1001 ·11
441 945 564 1019 synodali
586 946 639 1002 ΙΙΙ
652 947 752 1003 Nonas
769 945 908 1003 Octobres
928 946 988 1002 anni
1009 945 1071 1003 485
1086 947 1194 1021 signatu
1217 944 1325 1002 Tutus:

127 1032 230 1103 adiecta
246 1040 310 1087 nota
332 1031 462 1087 defensor
477 1039 656 1104 nuncupetur,
681 1039 745 1086 tunc
760 1029 819 1101 ejus
835 1031 940 1105 lapsum
963 1031 1082 1087 nondum
1109 1031 1252 1105 cognitum
1274 1028 1325 1102 diju

128 1127 240 1192 tumque
267 1133 326 1172 esse
347 1117 416 1172 haud
444 1125 544 1173 temere
571 1111 781 1188 coniecerimus.'
820 1115 991 1191 Quapropter
1017 1124 1123 1173 nostras
1149 1115 1254 1172 litteras
1279 1117 1315 1172 ita

128 1207 280 1276 Augustum
300 1201 438 1258 anni-184
457 1218 575 1258 mensem
593 1204 685 1257 missas
707 1219 848 1275 ponemus,
872 1210 902 1257 ut
923 1201 1003 1259 dieV
1024 1201 1148 1258 Octobris
1170 1203 1312 1275 sequentis

128 1288 237 1344 llomam
254 1287 373 1344 nondum
389 1288 570 1361 pervenerint.
602 1285 669 1361 lpsls
686 1286 760 1343 Felix
776 1287 917 1362 respondit
932 1289 1011 1362 epist.
1031 1286 1079 1343 12.

723 1449 811 1514 XlV.

127 1566 176 1618 int.
193 1580 261 1618 ann.
278 1561 339 1618 486
357 1569 383 1618 et
398 1561 470 1618 489.
498 1563 709 1634 Episcoporum
733 1560 921 1618 Orientalium
943 1562 982 1616 ad
1000 1561 1128 1617 Felicem
1146 1577 1202 1632 pro
1219 1560 1325 1617 absolu

290 1648 379 1703 Vitate
395 1654 421 1702 ct
437 1647 548 1702 Miseno
563 1651 739 1703 intercessio.

212 1748 422 1805 Procedentibus
444 1751 472 1804 in
487 1765 567 1804 causa
582 1749 709 1804 Aeaciana
724 1749 842 1822 negotiis
858 1747 1008 1804 Orientales
1024 1745 1180 1821 pontiiicem
1196 1746 1295 1803 adiisse
1310 1765 1324 1800 v

128 1844 185 1895 tur,
208 1842 237 1889 ut
258 1834 370 1890 Vitalern
390 1843 417 1891 et
442 1834 570 1889 blisenum
591 1832 751 1891 absolveret.
781 1835 875 1890 Dicite
903 1834 983 1891 nobis
1009 1837 1151 1906 inquiunt,
1174 1831 1270 1888 Felicis
1291 1849 1325 1888 no

128 1918 247 1976 Gelasius
270 1921 349 1994 epist.
375 1920 391 1975 1
415 1938 441 1976 u.
463 1920 502 1976 35
518 1918 618 1981 scribit,
641 1926 736 1975 ulmam
766 1920 885 1976 Vitalem
906 1926 933 1975 et
948 1917 1089 1975 Misenum
1105 1919 1268 1975 absoluturi
1282 1920 1325 1973 siti

128 2009 206 2062 non?
233 2006 270 2061 dc
285 2004 398 2062 subinde
414 2003 569 2079 pontificem
581 2004 607 2059 id
623 2006 778 2078 promisisse
801 2003 940 2074 objiciunt.
965 2002 1014 2072 Qui
1031 2020 1114 2077 quum
1129 2001 1310 2076 respondeat:

126 2096 252 2164 promisi,
268 2094 389 2167 tepitur5
409 2098 440 2147 ut
455 2092 520 2146 baec
535 2091 689 2163 promissio,
712 2092 748 2145 lta
762 2089 807 2145 illa
823 2090 982 2146 intercessio
998 2090 1108 2164 scriptis
1123 2089 1192 2145 lacta
1208 2105 1270 2145 esse
1284 2087 1325 2144 vid

725 2251 797 2317 XV.

128 2366 188 2421 eod.
207 2370 290 2437 temp.
322 2366 429 2421 Felicis
444 2366 483 2420 ud
499 2363 686 2421 Orientalium
703 2381 760 2436 pro
781 2365 960 2421 absolvendis
985 2364 1075 2420 Vitale
1091 2367 1118 2419 et
1132 2361 1246 2420 Miseno
1260 2365 1325 2419 inter

280 2454 387 2507 sionem
401 2453 558 2522 responsio.

213 2551 272 2608 Non
289 2551 418 2607 dubitavit
439 2551 561 2625 pontifex
583 2552 757 2609 Orientalium
782 2553 970 2608 intercessioni
993 2549 1193 2625 quodammodo
1217 2566 1325 2606 annuere

128 2654 233 2693 calisam
249 2636 342 2693 Vitalis
358 2644 386 2692 et
400 2636 492 2692 bliseni
508 2637 597 2693 derruo
613 2655 642 2693 se
659 2636 869 2694 deliberaturum
886 2655 947 2693 esse
963 2637 1144 2711 promitteret.
1177 2636 1260 2704 Quod
1268 2653 1325 2708 pra

127 2725 240 2796 lepttur,
258 2721 367 2778 illorum
390 2721 536 2793 objectioni
557 2723 704 2797 respondet
728 2722 826 2795 (Gelas.
848 2723 928 2796 epist.
952 2722 1011 2777 ln.
1030 2719 1096 2793 35);
1118 2723 1173 2779 ltoc
1187 2723 1325 2792 nunciam

129 2810 285 2865 contende.-
298 2811 418 2880 promisi
432 2811 505 2863 enim
520 2810 754 2879 deliberaturum,
772 2809 908 2882 quomoda
917 2811 1002 2881 jaaste
1013 2809 1166 2864 uideantur
1180 2802 1325 2872 absoluid

128 2900 218 2949 autem
239 2894 412 2949 haecomnia
433 2894 579 2949 etiamtunc
603 2896 661 2949 nivo
684 2894 778 2950 dcaclo
805 2901 916 2949 tractata
939 2900 1091 2966 appareant,
1113 2893 1149 2948 ita
1172 2899 1236 2966 post
1258 2889 1325 2946 11111

128 2977 258 3035 Octobres
279 2980 340 3034 anni
362 2977 423 3036 485
446 2986 590 3053 utrumque
612 2981 741 3052 scriptum
763 2986 924 3053 conceptum
945 2984 1001 3040 est,
1024 2984 1054 3033 ut
1074 2994 1173 3033 anuum
1195 2975 1256 3035 489
1278 2992 1325 3032 nun

127 3066 248 3120 cesserit.

717 3174 805 3240 XVI.

213 3304 290 3343 anne
312 3285 383 3344 490.
406 3304 432 3343 c.
454 3290 514 3343 init.
546 3289 681 3344 Ftaaitae
703 3287 1011 3357 Constantinopolitani
1030 3287 1070 3342 ad
1088 3287 1217 3342 Felicem
1234 3301 1325 3358 pupae

282 3374 463 3428 destinatione
478 3389 532 3429 sua
547 3376 661 3446 tapetio.

213 3474 308 3529 Aeaeio
331 3475 400 3529 circa
421 3476 522 3530 exitum
543 3475 603 3530 arnni
625 3473 686 3531 489
709 3473 837 3530 defuncto
861 3473 1033 3529 veliementer
1048 3473 1159 3547 expetiit
1174 3472 1255 3534 Zeno,
1278 3472 1325 3527 uti

129 3556 309 3620 sufficeretur,
323 3575 414 3631 ,quem
435 3559 504 3614 bens
524 3562 582 3633 ipse
603 3558 760 3634 delegisset.
790 3558 841 3613 Sed
864 3558 927 3613 dum
948 3557 993 3614 bei
1015 3559 1176 3614 electionem
1201 3555 1325 3613 miraculo

129 3643 296 3699 manifestam
319 3641 376 3699 lieri
399 3643 491 3707 volarit,
513 3645 635 3718 permisit
657 3644 735 3707 lteris,
760 3652 790 3700 ut
813 3661 874 3699 eurn
895 3642 1009 3698 Flavitas
1035 3641 1185 3699 deluderet.
1219 3641 1303 3714 liujus

129 3745 227 3784 nomeu
243 3729 269 3783 in
285 3729 378 3784 charta
392 3745 466 3802 paura,
489 3728 569 3802 quarn
586 3731 613 3785 in
629 3747 705 3786 sacro
721 3729 796 3785 altari
817 3735 976 3802 reposuerat
996 3729 1151 3802 imperator,
1172 3744 1228 3784 non
1251 3725 1325 3801 angel

128 3815 151 3869 ie
171 3812 290 3886 putabat,
311 3813 360 3869 sed
381 3814 502 3870 custodis
524 3814 616 3889 templi
632 3815 717 3871 multo
734 3816 817 3888 ipsius
839 3813 954 3869 Flaritae
977 3830 1043 3869 auro
1064 3814 1186 3886 corrupti
1209 3809 1325 3868 manuel

128 3908 204 3972 ptum
220 3906 271 3954 est.
303 3898 356 3954 Hac
371 3908 428 3955 ante
445 3899 609 3963 factumest,
632 3910 662 3956 ut
683 3916 743 3954 cum
765 3913 868 3954 sumnia
882 3899 997 3953 Zenonis
1013 3898 1112 3954 laetitia
1130 3894 1325 3953 ordinareturl

128 3994 178 4038 tas.
202 3982 250 4049 Oui
268 3983 375 4056 quidem
391 3984 416 4038 id
433 3986 458 4038 in
475 3985 567 4057 primis
583 3984 663 4040 studii
680 3986 775 4058 gessit.
793 3992 822 4039 ut
837 3983 997 4038 clericorum
1013 3983 1141 4039 ecelesiae
1157 3999 1222 4061 smae
1237 3982 1325 4057 legatis

128 4085 188 4124 curn
204 4068 302 4124 litteris
319 4067 495 4124 ordinationis
516 4086 581 4125 suae
602 4068 733 4125 indicibus
755 4068 787 4123 ad
808 4067 900 4125 sedem
922 4068 1097 4143 apostolicam
1118 4070 1325 4142 reputaritere

127 4162 221 4210 naret.
253 4154 338 4209 Porro
366 4153 470 4209 litterae
491 4155 551 4209 illae
568 4157 763 4224 apostotorum
784 4171 921 4210 summram
938 4160 1111 4226 petramque
1131 4155 1202 4225 fidei
1221 4158 1249 4210 et
1270 4156 1325 4208 caet

127 4241 355 4310 dispensatorem
382 4243 511 4311 mysterii
538 4241 655 4295 creditis
680 4240 735 4296 sibi
755 4240 885 4296 clavibus
912 4240 1025 4296 beatum
1047 4239 1164 4294 Petrum
1190 4236 1323 4294 conliteba

128 4323 194 4380 ltem
210 4327 237 4379 in
253 4325 294 4380 bis
312 4322 460 4380 testabatur
481 4323 604 4387 Flentes,
627 4340 701 4386 sese.
728 4332 759 4381 ut
786 4328 909 4397 amptius
928 4328 991 4396 ipse
1006 4325 1150 4398 Felisque
1166 4326 1316 4380 unanimes

125 4413 246 4480 possint,
264 4427 329 4467 cum
344 4412 392 4466 illo
412 4411 481 4481 fidei
501 4410 681 4467 orthodoxae
700 4411 810 4467 babere
832 4412 903 4467 ectte
924 4426 1083 4477 assensum,
1105 4412 1257 4482 ipsumque
1275 4408 1325 4465 Fet

128 4497 220 4551 zetum
230 4513 289 4566 pro
305 4496 467 4552 orthodoxo
482 4496 539 4567 fide
556 4497 706 4552 ostendere
722 4497 826 4552 debere
841 4493 1009 4569 significabat
1025 4494 1071 4566 (cl.
1088 4492 1170 4550 Felic.
1188 4510 1232 4567 ep.
1248 4491 1286 4551 14
1297 4509 1325 4549 n.

129 4578 156 4641 3,
175 4578 212 4636 15
226 4595 253 4636 u.
267 4573 305 4652 1).
329 4578 438 4635 Oemum
455 4597 484 4635 se
500 4596 560 4635 carm
575 4579 656 4637 Petri
669 4583 794 4652 apostati
802 4582 860 4653 fide
875 4598 932 4636 non
948 4596 1033 4637 secus
1048 4596 1086 4636 ac
1097 4580 1224 4636 Felicem
1239 4592 1325 4636 conce

127 4665 266 4736 pluriores,
283 4666 400 4738 ajebat.-
420 4669 491 4738 „qui
505 4682 570 4722 curn
586 4682 619 4722 eo
634 4663 683 4738 (sc.
700 4663 836 4739 apostolo)
856 4669 930 4722 sicut
946 4681 995 4722 aas
1014 4665 1168 4734 credimus,
1191 4680 1315 4721 consum

127 4749 286 4821 ptoriantes
301 4751 433 4821 dispersa
450 4753 586 4823 cottipere
602 4754 770 4809 eatearnus“
787 4749 879 4821 (Felic.
897 4767 939 4824 ep.
959 4749 997 4806 14
1013 4766 1040 4805 n.
1057 4748 1098 4821 4).
1115 4748 1219 4805 Primae
1233 4744 1325 4823 quldet

129 4840 247 4889 terarum
263 4834 367 4890 illarum
382 4834 499 4891 lectione
514 4843 652 4892 recreatus
674 4844 715 4893 est
730 4835 812 4897 Felix,
831 4834 879 4891 sed
900 4835 934 4890 de
955 4835 1111 4891 sinceritate
1126 4850 1230 4897 eorum,
1251 4846 1322 4907 auae

129 4918 196 4975 vitas
211 4919 240 4976 iu
255 4918 308 4976 illis
323 4916 511 4993 profitebatur,
528 4936 590 4976 mon
605 4921 780 4996 interrogatis
796 4919 854 4992 ejus
870 4920 966 4995 legatis
981 4918 1106 4977 dubitare
1120 4919 1220 4994 coepit.
1250 4914 1306 4986 Oua
1322 4940 1325 4960 ι
