3204 5506
552 359 748 412 umsrorar
771 351 919 412 46-48.
1315 346 1376 414 837

104 537 241 582 numero
265 515 398 601 adjungi
421 515 614 599 desiderans,
638 515 742 580 sancti
764 538 867 601 papae
882 515 998 581 Leonis
1019 516 1054 582 in
1076 508 1237 603 diptychis
1258 539 1377 583 nomen
1390 530 1425 598 (a.
1437 533 1506 603 619.)

104 640 272 685 asseveras
295 620 459 705 scriptum.
504 619 572 683 lsta
593 617 754 683 laudanda
775 623 862 703 sunt,
886 619 913 683 si
935 619 1143 704 perfectionis
1166 619 1378 705 subsequatur

104 722 258 788 effectus:
280 721 355 807 quia
377 721 519 805 recipere
535 719 792 786 Calchedonense
816 721 986 786 concilium
1009 724 1042 786 et
1063 723 1150 807 sequi
1174 724 1280 787 sancti
1301 722 1377 788 Leo-

104 825 158 889 nis
188 823 357 908 epistolas,
391 826 424 888 et
451 823 554 888 adhuc
575 844 693 887 nomen
716 823 827 888 Aeacii
855 824 1042 907 defendere,
1072 827 1132 889 hoc
1161 828 1211 890 est
1236 825 1322 890 iuter
1343 846 1377 890 se

104 926 328 1011 discrepantia
349 926 523 991 vindicare.
555 924 632 1001 Quis
647 924 835 990 Dioscorum
858 929 891 991 et
911 925 1124 1010 Eutychetem
1147 927 1375 1012 condemnaris,

103 1030 315 1094 innocentem
337 1029 504 1093 ostendere
526 1029 629 1112 possit
651 1028 829 1093 Acacium?
866 1027 943 1104 Quis
966 1027 1169 1094 Timotheum
1192 1032 1224 1094 et
1246 1029 1377 1095 Petrum

104 1131 365 1196 Alexandrinum
398 1134 431 1195 et
464 1130 562 1195 alium
588 1129 720 1196 Petrum
748 1131 989 1196 Antiochenam
1022 1134 1054 1196 et
1086 1153 1238 1217 sequaces
1268 1154 1377 1197 eorum

104 1233 285 1322 declinans,
310 1233 393 1299 sicut
413 1233 560 1318 diximus,
584 1254 648 1298 non
672 1232 873 1298 abominetur
894 1232 1061 1319 Acacium,
1085 1234 1139 1319 qui
1161 1256 1270 1299 eorum
1294 1256 1377 1300 conr-

103 1336 294 1402 munionem
318 1338 443 1400 secutus
466 1336 537 1400 est?

194 1438 224 1503 3.
258 1436 308 1502 Dc
331 1437 497 1523 caritatel)
525 1438 681 1522 siquidem
702 1440 759 1502 tua
781 1438 912 1502 meliora
933 1436 995 1503 Dei
1017 1438 1245 1525 omnipotentis
1268 1461 1376 1524 exspe-

104 1545 234 1607 ctamus
263 1540 396 1624 auxilio,
425 1539 581 1604 habentes
603 1540 742 1625 optimae
764 1539 984 1625 promissionis
1012 1562 1117 1626 spem,
1146 1541 1229 1606 sicut
1256 1542 1296 1605 ad
1318 1564 1377 1606 nos

104 1665 191 1729 quae
218 1642 363 1707 &rexisti
397 1643 499 1726 tua⁴),
536 1654 633 1708 tecum
662 1648 692 1706 tn
722 1649 851 1708 veritate
876 1650 1022 1721 sentiens,
1047 1655 1077 1708 et
1105 1651 1171 1724 apso
1199 1647 1374 1723 defendens,

103 1766 238 1827 speruus
268 1751 297 1808 in
321 1751 374 1808 illo
390 1750 512 1823 judicio
530 1766 590 1825 per
612 1751 679 1824 ipsa
701 1756 729 1809 te
745 1765 834 1825 posse
855 1751 982 1809 salvari.
1025 1744 1103 1809 Post
1130 1744 1210 1810 haec
1233 1745 1308 1830 quid
1329 1768 1378 1810 re·

103 1851 191 1931 stat,
220 1848 283 1911 nisi
311 1850 347 1910 ut
375 1845 692 1930 sedisapostolicae,
723 1847 812 1929 cujus
840 1847 935 1911 fidem
963 1850 995 1910 te
1023 1848 1104 1911 dicis
1132 1847 1299 1932 amplecti,
1330 1871 1377 1913 se-

104 1950 219 2036 quaris
242 1949 341 2014 etiam
363 1948 432 2012 sine
453 1948 668 2032 trepidatione
687 1946 833 2031 judicia?
862 1948 968 2033 Igitur
989 1949 1135 2034 partibus
1158 1949 1377 2015 Orientalibus

106 2051 244 2117 ostende
265 2072 323 2135 per
344 2054 378 2114 te
400 2050 482 2135 quod
505 2053 678 2134 sequantur
700 2049 890 2134 exemplum,
914 2053 951 2113 ut
966 2051 1108 2114 omniurn
1130 2052 1209 2135 laus,
1234 2051 1288 2136 qui
1311 2074 1377 2116 cor-

103 2154 191 2219 recti
212 2153 344 2236 fuerint,
367 2153 432 2217 tuis
455 2152 617 2216 laboribus
641 2151 828 2235 applicetur.
873 2152 962 2238 Ergo
984 2175 1081 2237 quum
1108 2175 1227 2238 magna
1256 2154 1377 2219 denun-

102 2257 169 2321 ties
193 2258 225 2319 et
246 2255 340 2319 fidem
362 2254 448 2318 beati
464 2254 599 2339 apostoli
615 2253 702 2318 Petri
718 2256 750 2318 te
766 2253 915 2338 amplecti
938 2254 1111 2339 significes,
1135 2259 1222 2321 recte
1244 2257 1376 2321 credens

102 2359 142 2423 in
167 2379 204 2421 ea
227 2358 362 2421 salutern
383 2359 526 2420 nostram
548 2378 641 2440 posse
664 2356 836 2420 subsistere
844 2357 886 2442 ⁵),
909 2355 1081 2440 libellum,
1095 2357 1184 2441 cujus
1208 2359 1376 2424 continen-

104 2461 155 2525 tia
177 2459 287 2524 subter
309 2480 437 2523 annexa
459 2461 517 2542 est,
542 2480 560 2522 a
584 2459 718 2523 caritate
739 2461 796 2522 tua
819 2458 1034 2543 subscriptum
1058 2459 1097 2522 ad
1119 2482 1177 2524 uos
1201 2461 1314 2546 dirige,
1339 2466 1375 2526 ut

104 2563 180 2628 sine
202 2561 416 2626 conscientiae
437 2559 608 2625 formidine
630 2583 729 2625 unam
751 2562 1025 2646 communionem,
1049 2561 1132 2626 sicut
1154 2584 1297 2648 oramus,
1321 2566 1376 2628 ha-

103 2666 183 2730 bere
204 2663 372 2749 possimus.

192 2767 224 2831 4.
265 2765 327 2830 Pro
359 2787 497 2850 persona
526 2786 649 2849 quoque
677 2766 735 2829 filii
763 2765 865 2830 nostri
894 2765 987 2830 Grati
1015 2765 1074 2829 viri
1105 2766 1273 2831 clarissimi
1307 2767 1376 2833 Deo

105 2872 218 2936 nostro
242 2868 365 2953 gratias
388 2868 457 2932 sine
481 2867 657 2932 cessatione
680 2867 906 2953 persolvimus,
931 2867 1020 2952 cujus
1042 2869 1120 2933 fides
1143 2873 1176 2932 et
1197 2873 1287 2934 recta
1311 2891 1375 2933 cre-

105 2971 226 3037 dulitas
253 2973 397 3034 nostrum
427 2954 511 3034 circa
539 2991 573 3033 se
602 2969 754 3034 excitavit
789 2970 954 3034 affectum:
992 2968 1108 3054 dignus
1139 2993 1173 3034 re
1201 2992 1291 3053 vera,
1320 2972 1375 3055 qui

105 3076 220 3141 tantae
249 3094 357 3136 curam
384 3072 561 3157 susciperet
588 3072 724 3135 actionis
747 3074 779 3134 et
800 3071 931 3136 maximi
959 3072 1116 3155 principis
1140 3073 1181 3136 ad
1203 3093 1261 3136 nos
1285 3095 1374 3136 man-

105 3177 184 3243 data
207 3175 377 3261 perferret.

607 3358 789 3462 Epistola
813 3358 873 3444 48.

303 3512 514 3580 Hormisdue
538 3529 648 3597 papae
670 3511 714 3577 ud
737 3512 984 3579 iustinianurn
1007 3513 1185 3580 comitem.
1386 3520 1525 3655 (affin.

138 3657 262 3708 Laudato
282 3655 347 3704 illius
364 3654 444 3704 bonae
463 3654 597 3703 uoluntatic
615 3654 791 3717 mitteremur,
809 3661 836 3702 ut
854 3653 946 3702 Aeacii
963 3669 1016 3702 eum
1033 3653 1182 3718 sequacibus
1200 3669 1287 3704 nomen
1302 3670 1341 3704 re·

387 3746 523 3791 moveatur.
560 3740 675 3803 Denique
692 3740 780 3788 mirrea
797 3753 814 3786 a
831 3752 859 3787 sc
877 3739 974 3802 lepatcc
991 3739 1096 3790 indicat.

261 3870 472 3936 Hormisda
494 3870 708 3955 episcopus
731 3869 1008 3957 Justinian0¹).

192 3993 389 4057 Litterarum
415 3994 593 4055 vestrarum
620 3990 701 4054 serie
733 3989 898 4075 religionis
931 4011 991 4074 ope
1023 3990 1164 4075 pollente
1198 3989 1376 4055 devotionis

104 4121 211 4129 -..‚.-—›

174 4168 196 4234 ³)
214 4163 233 4218 b
251 4167 364 4228 aerae,
381 4160 485 4229 rejecto
503 4159 540 4214 ad
558 4176 636 4214 oram
654 4165 685 4214 de
704 4165 824 4221 caritate,
843 4159 919 4228 quod
936 4175 1003 4214 sane
1020 4159 1241 4229 praeferendum.

175 4252 197 4318 ⁴)
215 4250 283 4303 bec
300 4246 407 4302 addunt
423 4252 520 4313 scripta
539 4250 687 4305 ostendum
708 4244 758 4299 sed
779 4260 830 4299 uec
852 4242 891 4299 sic
908 4261 958 4299 sua
976 4242 1095 4299 orationi
1117 4244 1243 4300 redditur
1263 4243 1377 4314 integri·

103 4337 158 4391 tar.
197 4331 274 4388 Nihil
291 4332 317 4388 ei
335 4331 436 4398 deerit,
454 4330 476 4384 si
494 4330 617 4400 legatur:
639 4336 704 4385 sicut
721 4336 757 4383 ad
775 4335 892 4398 accipre
910 4335 1036 4383 direxisti
1048 4350 1098 4384 aaa
1116 4350 1208 4383 mecum
1225 4337 1250 4383 tu
1270 4336 1376 4384 veritate

103 4426 219 4477 cenaene
237 4422 290 4473 etc.
325 4416 434 4472 Recolit
452 4415 555 4486 quippe
572 4415 722 4470 Hormisda
739 4413 807 4468 illud
824 4413 958 4468 iohannis
976 4413 1056 4484 epist.
1074 4420 1108 4469 43
1125 4432 1154 4470 n.
1174 4420 1200 4469 l:
1230 4436 1280 4469 una
1298 4428 1376 4470 tecum

104 4511 259 4560 inveritate
277 4509 401 4568 sentiens,
419 4515 444 4556 et
462 4523 512 4556 uno
530 4514 608 4555 tecum
625 4521 735 4569 sperono
753 4506 778 4554 in
796 4507 839 4555 illo
856 4506 897 4554 die
914 4520 963 4568 per
980 4504 1046 4553 lunc
1060 4506 1136 4567 fidem
1153 4506 1256 4555 salomi.

175 4592 195 4660 ⁵)
215 4589 258 4644 Ita
277 4587 310 4643 G¹
325 4592 350 4642 ο6
369 4605 440 4656 seq,
464 4605 549 4656 quum
571 4589 598 4641 a¹
611 4590 640 4640 a³
657 4592 791 4642 sustinere.
831 4583 950 4642 Indubie
973 4583 1122 4639 Hormisda
1143 4584 1188 4639 hic
1208 4585 1318 4655 spectat
1339 4584 1376 4639 ad

105 4691 171 4730 mox
189 4674 277 4730 allata
293 4672 428 4727 Johanuis
444 4673 543 4728 verba:
561 4690 670 4740 sperans
688 4683 735 4725 etc.
770 4670 908 4725 Libellum
926 4669 1028 4738 autem,
1047 4668 1094 4737 qui
1113 4671 1141 4724 et
1158 4669 1222 4724 huic
1240 4669 1375 4740 epistolae

106 4760 322 4826 annectebatur,
341 4759 469 4828 repetere
486 4757 553 4812 licet
570 4773 604 4812 ex
622 4755 746 4827 epistolis
765 4762 780 4809 7
799 4758 828 4811 et
844 4762 885 4810 26.

105 4853 139 4903 48
175 4848 195 4915 ¹)
214 4844 321 4900 ItaG1.
356 4843 406 4899 Ed.
426 4843 490 4900 edd.
511 4848 632 4912 depacto.
666 4844 707 4899 Ao
725 4818 790 4898 reio
808 4840 927 4914 Augusti
948 4856 1050 4896 nornen
1065 4840 1221 4898 Jrutiniauo
1240 4841 1301 4898 tum
1318 4857 1375 4896 nou

107 4929 288 5009 congruebat.
