3204 5506
265 349 325 412 180
721 363 749 410 s.
767 362 934 411 sruaarcu
956 362 1069 409 sanus

151 557 175 594 a,
188 545 247 594 470,
262 518 345 582 ratio
368 518 445 581 mihi
470 517 592 601 negotii
616 516 747 599 potioris
770 516 938 599 incumbit,
968 519 1003 579 ut
1025 515 1119 580 simul
1142 514 1425 579 honorificentiam
1448 512 1544 577 vobis

259 642 362 704 prona
384 623 491 683 mente
513 619 702 702 persolvam,
727 621 760 681 et
775 618 920 703 causas²)
944 618 1017 682 fidei
1033 618 1170 682 fidenter
1190 617 1369 683 insinuem:
1394 617 1476 702 quis
1491 637 1544 680 me
1570 700 1575 713 ,

260 722 300 785 ad
331 726 500 805 utramque
528 720 577 785 vel
607 721 714 783 dicata
741 719 843 783 trahit
871 720 1059 785 clementiae
1076 714 1212 784 ‘vestrae
1239 741 1366 803 semper
1395 717 1542 801 affectio,

205 888 211 911 Ι
259 825 309 888 rel
352 827 516 908 respectus
552 822 674 887 ordinis
707 822 769 886 mei
808 826 840 886 et
875 822 1042 906 apostolici
1084 821 1310 887 moderaminis
1349 819 1543 886 sollicitudo

260 927 432 1012 compellit.

342 1031 374 1094 2.
413 1028 554 1093 Functus
577 1028 687 1113 igitur,
711 1028 938 1113 gloriosissime
961 1049 998 1092 ac
1022 1026 1267 1092 clementissime
1289 1026 1337 1090 fili
1356 1026 1542 1110 imperator
1592 1042 1596 1053 ’

260 1133 416 1216 Auguste,
439 1152 572 1195 munere
593 1129 766 1211 salutandi,
789 1151 869 1213 quae
891 1130 926 1193 in
948 1128 1091 1193 ecclesiis
1114 1128 1256 1194 Orientis
1277 1149 1335 1212 per
1357 1126 1541 1192 haeretico-

258 1256 329 1296 rum
352 1233 519 1297 latrocinia
542 1231 681 1295 recidiva
704 1253 811 1295 rursus
832 1230 983 1295 dicumtur
998 1231 1151 1295 scandala
1167 1231 1331 1314 concitari,
1356 1251 1419 1294 nes
1435 1228 1541 1295 debeo

258 1335 351 1399 silere
374 1357 434 1399 nec
455 1356 595 1418 possum.
634 1332 719 1397 Nam
742 1334 824 1397 sicut
846 1333 880 1397 in
903 1355 1007 1397 meam
1022 1333 1172 1398 notitiam
1187 1332 1382 1397 ferventium
1397 1352 1461 1416 pro
1476 1330 1540 1396 lide

259 1435 417 1501 catholica
439 1437 622 1501 detulerunt
648 1436 769 1520 scripta
797 1434 1036 1519 monachorum,
1061 1436 1210 1520 comperi,
1235 1433 1443 1500 'timotheum
1465 1454 1540 1518 par·

175 1546 243 1600 Gon.
258 1538 400 1621 ricidam,
425 1540 479 1622 qui
500 1537 682 1622 Aegyptiae
704 1536 828 1620 pridem
843 1539 985 1600 vastator
1007 1536 1160 1601 ecclesiae
1181 1537 1217 1601 in
1237 1557 1357 1602 morem
1379 1535 1479 1620 Cain,
1502 1539 1542 1601 ut

172 1620 243 1681 ⁴‘¹⁴‘
258 1641 353 1705 lectio
375 1640 484 1704 divina
505 1643 654 1722 testatur,
678 1640 799 1723 ejectus
822 1661 841 1702 a
863 1640 946 1703 facie
963 1638 1033 1722 Dei,
1055 1640 1115 1703 hoc
1130 1643 1179 1703 est
1195 1640 1236 1704 ab
1250 1637 1417 1704 Ecclesiae
1428 1637 1540 1725 digni·

258 1747 326 1806 tate
348 1743 499 1825 seclusus,
524 1743 589 1828 et3)
608 1742 677 1824 jam
692 1763 750 1825 per
765 1741 890 1805 deserta
912 1763 1024 1825 vagus,
1048 1740 1222 1806 sceleratae
1246 1739 1468 1806 eonscientiae
1482 1739 1541 1805 diu

258 1846 420 1909 tormenta
441 1865 603 1929 passurus,
627 1844 661 1907 in
677 1842 823 1907 exsilium
838 1842 959 1926 proprii
975 1843 1090 1907 erroris
1106 1843 1262 1908 abductus
1276 1845 1335 1926 est,
1360 1841 1541 1927 resumptis

258 1946 387 2030 pristini
415 1946 532 2011 suroris
559 1944 717 2011 incendiis
751 1944 906 2008 conflasse
934 1944 1142 2009 nihilominus
1175 1945 1306 2030 agmina
1332 1942 1540 2028 perditorum

258 2051 290 2111 et
313 2049 552 2113 Alexandrinae
580 2047 668 2111 urbis
701 2046 885 2129 ecclesiam,
914 2068 1010 2130 quam
1037 2046 1227 2112 sacerdotali
1253 2046 1341 2131 prius
1370 2046 1540 2132 sanguine
1566 2102 1571 2107 .

259 2151 453 2234 cruentavit,
493 2152 598 2234 ipsum
631 2150 734 2213 denuo
769 2171 854 2212 nunc
887 2151 1054 2212 cruentum
1080 2148 1266 2234 depulsione
1293 2148 1435 2233 legitimi
1464 2170 1539 2234 per-

258 2252 377 2317 vasisse
400 2252 578 2337 pontificis:
602 2256 637 2315 ut
660 2251 710 2315 cui
733 2251 789 2315 illa
811 2250 1018 2336 relegationis
1041 2251 1206 2315 humilitas
1228 2250 1362 2336 injicere
1383 2249 1541 2316 debuerit

258 2354 368 2437 exiis,
399 2375 480 2439 quae
502 2354 600 2438 impie
628 2356 782 2438 gesserat,
812 2353 957 2416 aculeum
983 2352 1539 2438 poeniteudi,·nut1iendaepotius

258 2455 324 2518 otia
357 2456 507 2520 tribuisse
535 2455 681 2519 videatur
709 2454 874 2519 atrocioris
902 2455 1059 2519 insaniae.
1094 2454 1163 2531 Quo
1184 2455 1294 2540 procul
1320 2454 1422 2518 dubio
1452 2452 1540 2522 cain

258 2556 328 2640 ipso
351 2557 448 2644 longe
470 2557 688 2621 detestabilior
711 2557 915 2641 approbatur.
947 2558 1004 2622 llle
1026 2557 1181 2643 siquidem
1196 2580 1216 2622 a
1231 2559 1420 2642 perpetrato
1436 2558 1540 2623 semel

257 2657 401 2722 facinore
429 2658 600 2723 damnatus
628 2658 799 2742 abstinuit,
828 2658 881 2723 hic
909 2660 1045 2743 profecit
1073 2660 1113 2724 ad
1142 2659 1276 2725 crimina
1304 2659 1435 2745 majora
1463 2664 1541 2746 post

257 2781 405 2844 poenam.
1434 2814 1439 2821 .

343 2863 371 2928 3.
409 2861 477 2928 Nec
500 2885 537 2927 eo
559 2866 669 2928 tamen
684 2864 839 2928 scelerum
854 2863 918 2927 fine
934 2867 1114 2948 contentus,
1139 2862 1439 2949 constantinopolit

258 2964 389 3049 iusuper
415 2965 535 3050 urbem,
564 2965 644 3029 recti
673 2986 797 3049 semper
824 2965 984 3050 dogmatis
1014 2987 1120 3030 amore
1147 2965 1357 3051 flagrantem,
1387 2988 1434 3033 ne
1460 2967 1539 3053 quid

258 3067 482 3131 intemeratum
511 3068 680 3151 populator
707 3067 866 3130 humanae
896 3068 1008 3131 salutis
1036 3068 1214 3151 omitteret,
1247 3068 1351 3132 fertur
1378 3069 1539 3135 audacter

258 3169 437 3253 ingressus,
472 3173 505 3232 et
537 3193 556 3234 a
586 3191 661 3234 suae
697 3168 897 3233 consortibus
931 3169 1100 3253 pravitatis
1135 3169 1274 3233 libenter
1306 3170 1439 3237 audisse
1475 3172 1538 3238 soli

258 3269 388 3334 Christo
410 3270 551 3336 debitam
573 3293 693 3354 vocem,
717 3293 780 3355 qua
802 3271 928 3356 plane⁴)
951 3293 1016 3335 non
1039 3278 1071 3336 ia
1088 3278 1207 3336 nomine
1220 3275 1345 3336 Domini
1364 3279 1539 3340 uenirebe·

256 3378 401 3444 nedictus,
425 3373 480 3436 sed
502 3373 603 3437 diuini
626 3373 774 3437 culminis
797 3377 966 3457 usurpator
981 3373 1145 3437 evidenter
1160 3376 1209 3437 est
1223 3376 1427 3440 monstratus
1439 3375 1538 3442 Anti·

258 3474 409 3538 christus:
438 3474 492 3560 qui
520 3497 617 3558 quum
645 3474 743 3538 etism
769 3497 788 3537 a
811 3476 1031 3539 communione
1055 3475 1213 3541 catholica
1235 3480 1301 3539 tam
1323 3475 1539 3545 laudabiliter

257 3580 341 3640 esset
368 3576 528 3658 exclusus,
564 3597 622 3659 per
650 3576 857 3660 quommdam
889 3577 1032 3662 privatas
1060 3577 1169 3642 domos
1202 3576 1356 3661 respersis
1390 3577 1539 3646 humano

259 3734 499 3741 —.———.-—-·
516 3735 543 3740 -.
558 3735 563 3740 .

323 3814 345 3880 2)
364 3816 390 3866 0⁷
407 3833 498 3866 causas
512 3819 625 3881 fideliter
647 3819 775 3867 insinuem.
812 3813 871 3886 Hoc
888 3814 1031 3884 prooemio
1056 3815 1096 3869 ita
1117 3813 1291 3870 salutationis
1313 3814 1444 3871 officium
1461 3833 1538 3873 novo

256 3897 418 3966 imperatori
436 3897 581 3967 persolvit,
600 3898 631 3950 ut
648 3897 716 3952 satis
734 3890 918 3967 prudentibus
936 3899 1067 3967 insinuet,
1090 3917 1119 3955 se
1136 3899 1212 3955 haud
1229 3916 1279 3954 sua
1295 3902 1401 3969 sponte
1422 3918 1458 3959 eo
1476 3920 1538 3959 mu·

256 3998 326 4036 nare
343 3983 480 4053 perfungi.

324 4069 345 4134 ³)
364 4067 397 4121 G¹
412 4068 448 4120 G¹
466 4075 540 4122 eriam
558 4088 630 4137 quum
648 4088 704 4136 per.
740 4068 847 4123 Deinde
866 4068 934 4124 edili
953 4077 1088 4126 urrtriendi.

323 4154 344 4210 ⁴l
362 4155 388 4207 a¹
407 4159 490 4221 pleae.
526 4153 569 4206 Ad
587 4152 727 4221 integram
744 4153 826 4222 hujus
845 4155 897 4208 loci
915 4155 1130 4225 intelligentiam
1148 4154 1251 4210 addere
1265 4153 1375 4222 juverit
1387 4156 1537 4214 Theodori

249 4236 366 4291 'lectoris
383 4237 470 4292 verba
487 4238 537 4291 sub
557 4238 639 4291 finem
657 4237 721 4291 libri
735 4238 745 4290 l
763 4238 816 4305 (cd.
831 4237 921 4292 Voles.
935 4257 1001 4308 pag.
1015 4242 1087 4308 bbd):
1107 4245 1192 4294 Porro
1205 4244 1316 4294 Aetam
1333 4261 1412 4310 quum
1429 4249 1538 4300 seditio-

254 4342 307 4375 sam
325 4335 400 4392 arque
418 4328 608 4390 incompositum
624 4328 859 4378 Alexandrinorum
876 4328 974 4378 trurbom
992 4331 1141 4393 collegisset,
1161 4344 1211 4377 uno
1229 4344 1282 4378 cum
1299 4329 1351 4379 illis
1368 4345 1409 4381 es
1426 4332 1538 4385 um

255 4409 377 4460 Basilisci
392 4413 540 4476 supplicans
557 4411 594 4460 od
610 4413 740 4461 ecclesiam
757 4413 894 4476 processit,
918 4415 973 4478 ipsc
992 4394 1174 4468 asiuo'uectus.
1210 4409 1249 4463 Ut
1270 4409 1360 4479 igitur
1378 4410 1438 4467 hac
1455 4430 1537 4469 00oe-

255 4490 333 4544 sionc
350 4491 440 4560 ipsum
453 4490 564 4545 Domini
582 4491 753 4561 triumphum
770 4492 878 4562 plenius
896 4493 1061 4560 imitaretur,
1080 4494 1304 4548 acircumstante
1320 4495 1412 4550 turba
1424 4497 1537 4553 concini

251 4573 335 4642 jussit
352 4579 498 4630 benedictus
516 4581 559 4645 qui
575 4583 643 4631 seuit
660 4583 685 4630 iu
704 4584 800 4631 tremine
819 4583 926 4633 Domini.
963 4579 1021 4633 Nec
1039 4595 1105 4634 vero
1122 4579 1235 4649 impune
1254 4595 1338 4634 ausus
1357 4582 1404 4634 est
1421 4582 1537 4637 tantum

255 4660 332 4714 nclas
350 4660 496 4730 impudens
513 4662 668 4731 parricida,
690 4658 776 4730 iluunr
795 4663 918 4731 graviter
934 4670 1072 4732 prolapsus
1091 4683 1141 4719 uon
1163 4670 1219 4718 sine
1241 4666 1383 4731 ignominia
1406 4673 1538 4724 recedere

255 4747 367 4797 coactus
385 4743 428 4810 sit,
447 4748 478 4797 ut
495 4745 574 4799 addit
592 4745 762 4813 Theodorus,
781 4745 886 4802 Simoni
898 4747 982 4816 Mago
1001 4766 1086 4816 (piram
1099 4748 1206 4803 Christo
1225 4747 1351 4804 similior.
1386 4748 1473 4816 Quos
1491 4752 1538 4808 rel

254 4827 396 4895 ignoravit
413 4829 570 4899 Simplicius
591 4832 635 4884 vel
658 4830 886 4886 dissimulandum
910 4833 996 4887 duxit.
1033 4836 1069 4887 At
1093 4833 1341 4902 disertsnotavit,
1365 4835 1394 4888 ei
1417 4835 1537 4893 domum

254 4912 306 4966 Dei
324 4914 428 4968 intrare
446 4930 502 4967 non
520 4914 629 4968 licuisse
647 4921 775 4970 mortariis
793 4922 970 4972 obsistentibus
981 4919 1110 4988 ,lupistt
1128 4937 1153 4972 n.
1166 4922 1199 4987 3).
