3224 5506
641 351 811 424 sersaoni
835 343 863 400 8.
1327 336 1387 402 145

92 505 277 571 faciendis
304 505 426 572 clericis
460 508 572 570 contra
603 510 776 590 praecepta
809 506 984 590 apostolica
1011 506 1167 589 reperitur
1201 490 1385 591 admissarii,
1399 518 1493 567 a.462.
1587 573 1591 577 ,

92 614 165 672 aut
189 610 229 674 in
254 631 361 674 eorum
383 607 624 673 conversatione
646 608 809 692 quidpiam
832 608 1031 692 reprobatur,
1061 608 1221 673 commmri
1243 594 1387 673 onmium

93 712 309 776 anctoritate
330 714 490 776 resecetur
511 711 545 775 in
572 732 610 775 ea
632 710 804 795 praecipue
828 710 1013 774 celebritate
1035 712 1272 795 conventus¹³),
1303 733 1385 794 quae

94 814 321 897 praesidente
343 813 470 880 Christo
492 812 631 877 Domino
653 816 764 878 nostro
786 817 819 877 et
845 813 1028 877 veneranda
1050 813 1093 876 sit
1120 813 1242 877 sanctis
1269 816 1301 876 et
1323 812 1386 876 for-

95 916 270 981 midanda
284 917 451 1001 perversis.
483 913 553 981 Nec
569 916 716 1001 cuiquam
738 917 848 981 licebit
871 939 889 979 a
911 915 1030 1000 regulis
1053 917 1193 1000 evagari,
1224 936 1302 998 quas
1325 914 1387 979 sibi

90 1020 206 1102 juxta
230 1041 390 1085 canonum
411 1019 613 1084 definitiones
635 1018 727 1083 unita
749 1019 936 1083 fraternitas
957 1019 991 1081 iu
1008 1039 1173 1082 commune
1188 1015 1387 1100 praefixerit:
1477 1086 1482 1093 ,
1517 1071 1522 1081 ,

96 1143 213 1205 quum
237 1121 426 1187 imminente
449 1121 622 1207 quotannis
646 1122 791 1186 examine
814 1121 860 1184 ita
882 1120 1001 1204 singuli
1025 1123 1115 1183 actus
1138 1141 1210 1182 suos
1233 1119 1386 1202 dirigent,

96 1228 140 1285 ut
167 1223 224 1287 bis
248 1223 401 1287 discussio
425 1222 540 1307 judicii
565 1223 671 1307 optari
699 1225 803 1309 magis
831 1223 947 1287 debeat
973 1245 1069 1306 quam
1091 1221 1206 1284 timeri.
1251 1220 1290 1283 ln
1314 1219 1387 1282 diri-

97 1325 241 1389 mendis
265 1347 343 1391 sane
364 1326 565 1411 gravioribus
588 1326 691 1390 causis
714 1331 746 1389 et
771 1348 851 1410 quae
867 1324 933 1390 illic
948 1347 1014 1388 nou
1030 1324 1195 1407 potuerint
1208 1320 1386 1403 terminari,

98 1419 418 1511 apostolicaesedis
440 1428 603 1493 sententia
625 1428 818 1493 consulatur.

726 1615 786 1681 ΠΙ.

198 1735 233 1801 5.
272 1735 355 1800 lllud
377 1736 475 1801 ctiam
495 1757 563 1801 non
584 1758 750 1821 possumus
772 1735 958 1821 praeterire,
982 1735 1065 1819 quod
1088 1734 1302 1799 sollicitudine
1318 1734 1387 1799 dili·

100 1838 266 1923 gentiore
286 1839 460 1903 curandum
481 1839 534 1924 sit,
556 1860 597 1903 nc
619 1842 746 1923 praeter
774 1838 1093 1922 metropolitanorum
1114 1859 1242 1902 suorum
1263 1838 1388 1901 litteras

101 1941 215 2026 aliqui
225 1941 268 2025 ¹⁴)
291 1941 331 2005 ad
352 1941 528 2025 quamlibet
548 1941 746 2026 provinciam
768 1941 909 2006 audeant
930 1940 1105 2024 proficisci:
1129 1939 1212 2024 quod
1235 1940 1332 2002 etiam
1354 1940 1389 2003 in

102 2042 204 2108 omni
227 2063 348 2128 genere
376 2043 474 2109 officii
503 2044 658 2112 clericalis
686 2066 744 2128 per
766 2043 910 2129 singulas
934 2042 1028 2106 debet
1050 2041 1200 2105 ecclesias
1224 2040 1387 2105 custodiri.

102 2145 240 2222 Quibus
264 2166 282 2209 e
305 2146 463 2211 contrario
485 2146 546 2211 hac
568 2147 694 2211 ratione
716 2146 936 2230 prospicimus,
960 2147 996 2207 ut
1018 2143 1045 2207 si
1067 2143 1128 2207 boc
1144 2144 1317 2227 impetrare
1332 2165 1390 2227 per

103 2249 262 2332 aliquam
282 2269 349 2312 non
370 2249 547 2314 meruerint
568 2248 775 2331 simultatem,
800 2270 872 2312 cum
894 2247 1017 2311 duobus
1039 2245 1295 2330 metropolitanis
1317 2267 1389 2329 pro-

104 2350 310 2433 vinciarum,
332 2371 413 2434 qnae
435 2371 596 2436 congruae
618 2354 705 2435 sunt,
735 2349 936 2415 Arelatensis
959 2349 1125 2432 episcopus
1149 2352 1266 2412 cuncta
1288 2348 1389 2412 discu-

104 2454 213 2535 tiens,
244 2473 305 2538 pro
332 2473 445 2517 musae
471 2452 626 2537 qualitate
655 2452 854 2518 observanda
882 2451 1072 2516 constituat:
1100 2473 1160 2515 nec
1182 2451 1217 2514 in
1238 2451 1390 2534 injuriam

105 2553 253 2619 alterius
283 2553 423 2619 alienum
452 2555 602 2621 clericum
628 2554 747 2640 suscipi
772 2558 899 2641 praeter
920 2554 1141 2619 testimonium
1162 2553 1284 2639 proprii
1307 2553 1390 2619 anti·

184 2794 219 2859 ¹¹)
238 2791 285 2846 Ita
301 2809 366 2847 mss.
385 2793 428 2860 (a⁸
444 2793 517 2862 atu).
552 2795 591 2849 At
608 2793 672 2848 b⁴b
685 2795 799 2848 01070ω
816 2798 989 2848 cremantur.
1023 2791 1234 2847 Observandum
1251 2791 1305 2858 hic,
1322 2790 1392 2846 nihil

106 2893 235 2948 prorsus
255 2875 293 2930 ab
304 2875 400 2933 Hilaro
418 2877 528 2933 definiri
544 2879 580 2933 de
598 2878 730 2947 crrjusque
747 2877 907 2947 provinciae
926 2876 1056 2944 conciliis,
1074 2894 1107 2931 ac
1125 2876 1194 2930 nihil
1210 2877 1328 2946 proinde
1346 2877 1391 2931 de

108 2961 203 3029 cerni,
222 2960 302 3030 quod
318 2961 482 3017 adversetm
499 2964 549 3018 aut
565 2964 640 3017 certe
658 2961 748 3016 minus
766 2962 912 3017 conveniat
925 2962 1033 3017 concilii
1044 2962 1159 3016 Nicaeni
1177 2962 1276 3023 canoni
1289 2971 1313 3029 0,
1331 2961 1392 3017 Cal·

108 3046 198 3102 ched.
218 3052 301 3114 011,
321 3046 449 3116 Regiam.
470 3064 492 3103 c.
505 3053 530 3115 8,
551 3047 715 3103 arausicani
732 3048 744 3101 I
763 3054 837 3113 c.29,
862 3046 962 3102 Leonis
979 3047 1057 3116 epist.
1076 3054 1178 3102 14111
1201 3046 1392 3115 similibusque

108 3131 252 3199 decretis,
271 3130 371 3201 qulbus
385 3152 436 3201 per
451 3138 565 3202 duratos
586 3153 666 3188 anuos
688 3139 714 3186 in
731 3138 836 3200 siupulis
852 3137 991 3199 provinciis
1013 3139 1142 3186 concilium
1160 3138 1337 3200 episcoporum
1354 3136 1393 3185 tis

104 3200 174 3284 fieri
192 3214 377 3286 praecipitur.
414 3215 539 3288 Suspicio
557 3218 654 3273 tamen
672 3219 723 3285 est,
745 3217 798 3272 hoc
815 3216 905 3271 Hilari
922 3216 1064 3271 decretum
1082 3217 1174 3271 locum
1190 3216 1391 3285 posterioribus

108 3301 231 3357 dedisse
250 3300 373 3369 statutis,
391 3301 491 3376 quibus
508 3303 668 3374 provinciae
686 3302 836 3372 cuiuslibet
853 3300 999 3357 concilium
1021 3301 1136 3371 singulis
1157 3301 1236 3355 annis
1252 3307 1328 3356 semel
1346 3302 1394 3357 ha·

109 3386 248 3442 bendum
265 3385 409 3442 delinitam:
427 3405 470 3442 ex.
484 3405 525 3458 gr.
540 3406 598 3458 syn.
611 3388 752 3443 Aurelian.
765 3388 791 3441 11
809 3405 832 3442 0.
844 3394 868 3453 2,
886 3386 1139 3453 1110111031,
1158 3385 1217 3441 Vc.
1230 3393 1271 3453 23,
1289 3387 1392 3442 Turon.

111 3473 139 3526 11
159 3490 187 3526 c.
204 3479 228 3539 1,
249 3469 374 3526 (lebiton.
392 3471 561 3543 11101101,
579 3472 731 3538 Quinisext.
751 3490 774 3527 0.
787 3478 812 3538 8,
830 3471 920 3526 Tolet.
934 3470 972 3524 IV
985 3488 1006 3525 0.
1014 3480 1038 3537 3,
1056 3470 1288 3538 Ε1110111010.0.7,
1307 3471 1391 3542 Greg.

110 3558 153 3611 M.
174 3555 263 3626 epist.
280 3554 328 3623 IX,
340 3561 398 3623 1oo,
415 3559 448 3611 ut
464 3557 650 3625 Hormisdam‚
668 3558 716 3627 qui
732 3557 786 3612 hoo
803 3557 884 3627 epist.
899 3563 932 3611 25
949 3574 976 3609 n.
991 3562 1006 3610 1
1023 3555 1170 3626 permittit,
1188 3556 1311 3626 aliosque
1329 3557 1393 3611 mis·

111 3660 162 3698 sos
176 3640 302 3696 'faciam
336 3641 505 3710 Agathensis
525 3642 639 3711 quidem
661 3642 782 3712 synodus
804 3659 829 3696 a.
847 3648 897 3697 106
919 3640 1017 3696 habita
1040 3641 1093 3695 hoc
1115 3658 1220 3696 canone
1243 3642 1393 3697 clauditur:

113 3731 256 3796 synoda
272 3731 347 3780 eiiam
362 3731 497 3781 sectandam
518 3734 656 3783 constituta
677 3739 780 3797 patrm
800 3733 875 3781 annm
895 3732 1001 3793 stupetis
1023 3732 1118 3794 placuit
1141 3733 1302 3795 conyrepari.
1338 3726 1394 3781 Sed
1414 3746 1417 3750 ’

113 3813 193 3880 haec
204 3809 328 3880 synodus
340 3826 375 3866 ex
387 3809 504 3869 diversis
514 3812 687 3881 congregata
697 3811 847 3881 provinciis
866 3811 900 3865 de
919 3810 1054 3864 similibus
1072 3810 1185 3879 synodis
1203 3812 1244 3865 ibi
1260 3811 1391 3881 loquitur.

114 3895 204 3951 Unde
221 3893 329 3950 ibidem
344 3894 453 3964 gratias
470 3895 531 3965 agit
547 3895 617 3966 regi,
640 3897 717 3966 ouius
734 3896 871 3966 permissu
889 3895 1048 3950 convenisse
1066 3913 1094 3952 sc
1112 3895 1141 3948 in
1158 3896 1301 3965 prooemio
1320 3897 1406 3951 (1110·Ι

10 4016 19 4031 .
116 3983 176 4047 rat,
195 3981 227 4035 et
244 3980 328 4035 orant
344 3980 477 4051 episcopi,
495 3982 528 4035 ut
544 3986 607 4036 iaec
624 3987 712 4037 eadem
726 3986 817 4049 facere
830 3982 867 4050 (h.
879 3997 902 4035 0.
917 3997 979 4035 cum
991 3980 1241 4062 eodampermissu
1253 3998 1287 4037 ex
1298 3981 1393 4035 multis
1506 4015 1511 4031 .

115 4064 277 4137 provinciis
293 4063 451 4134 mnrenire)
468 4085 517 4135 per
534 4074 623 4122 multos
640 4086 721 4121 aanor
736 4072 845 4136 possint.

194 4153 227 4218 ¹⁴)
245 4148 329 4219 Apud
344 4149 526 4205 Hmcmarum
541 4150 591 4205 lib.
604 4157 637 4207 11
649 4150 733 4221 capit.
752 4169 774 4206 c.
788 4158 821 4207 31
839 4151 921 4222 (Opp.
935 4153 1040 4222 litat)
1057 4158 1136 4223 aliqui
1153 4157 1275 4220 episcopi.
1292 4151 1393 4220 quus-

116 4234 204 4291 modi
219 4233 330 4289 litteras
347 4234 468 4303 quidem,
486 4251 559 4305 quae
575 4237 713 4291 formatae
731 4235 786 4291 dici
804 4236 902 4304 solent,
920 4255 976 4292 non
994 4237 1067 4294 solos
1080 4236 1237 4292 Gallicanos
1249 4235 1395 4307 episcopos

118 4323 160 4376 ab
180 4319 341 4374 Arelatensi
362 4319 488 4374 antistite
510 4320 637 4390 accipere
659 4320 748 4377 voluit
769 4320 894 4376 Zosimus
913 4323 991 4391 epist.
1009 4329 1022 4377 1
1042 4340 1064 4376 c.
1080 4329 1106 4389 1,
1132 4321 1182 4376 sed
1203 4323 1233 4376 01
1255 4319 1396 4390 quoslibet

118 4404 252 4461 clericos.
273 4402 385 4460 Hilarus
397 4422 464 4461 vero
475 4407 542 4460 tunc
559 4406 669 4461 tantum
686 4405 765 4459 illum
782 4423 815 4461 ea
833 4406 868 4461 de
885 4423 916 4462 re
934 4405 1005 4460 adiri
1017 4406 1168 4473 constituit,
1186 4424 1272 4474 quum
1284 4405 1395 4462 litterae

119 4487 269 4561 ejusmodi
290 4506 309 4544 a
327 4491 441 4562 proprio
463 4490 593 4563 episcopo
615 4492 829 4563 denegarentur.
852 4521 887 4532 -
908 4491 995 4546 Porro
1022 4491 1098 4546 idern
1123 4490 1193 4544 illud
1218 4491 1395 4562 privilegium

120 4576 215 4632 enam
231 4573 264 4629 in
279 4573 474 4646 ffispmiem
491 4574 673 4647 Symmachus
689 4594 766 4648 papa
783 4576 864 4648 epist.
876 4582 907 4631 16
925 4576 1056 4632 Caesario
1073 4576 1181 4631 tribuit.
1205 4576 1269 4632 iam
1286 4576 1396 4647 pridem

119 4662 225 4717 autem
244 4658 375 4731 episcopi,
392 4678 477 4731 qaum
494 4661 531 4717 sd
548 4663 646 4718 urbem
663 4661 773 4730 regiam
794 4661 839 4716 vel
861 4661 897 4716 ad
921 4663 1083 4717 comitatum
1104 4660 1282 4733 imperatoris
1298 4678 1397 4733 perge

121 4747 209 4813 limi,
226 4761 247 4799 a
265 4744 539 4817 comprovincialibus
556 4749 584 4803 01
599 4746 753 4818 praecipue
773 4747 1027 4816 metropolitano,
1045 4745 1106 4799 Afri
1122 4763 1198 4814 vero,
1216 4765 1302 4818 quum
1318 4763 1396 4818 mare

119 4827 323 4899 trajiciebant,
338 4846 357 4885 a
371 4829 490 4901 primate
508 4849 556 4888 seu
573 4831 789 4904 metropolitano
807 4848 857 4887 suo
876 4832 1014 4901 ejusmodi
1030 4833 1166 4889 formatas
1183 4832 1309 4905 accipere
1321 4834 1397 4888 tene·

121 4915 238 4969 bantur
257 4914 304 4980 (et
321 4932 377 4983 syn
394 4916 528 4987 Antioch.¹
542 4934 564 4973 c.
578 4924 619 4988 11,
637 4917 769 4988 carthag.
788 4917 828 4973 111
845 4935 867 4973 0.
881 4920 933 4987 28).
1174 4985 1176 4987 ‚

159 5015 569 5061 usercensemrosrrr.
586 5007 609 5060 1.
804 5034 810 5040 -
1157 5016 1196 5071 10
