3224 5506
89 134 152 200 528
563 148 590 198 s.
607 147 748 197 asassrr
770 147 883 195 elesa

174 303 204 369 8.
250 301 312 368 Sed
338 301 480 387 quolibet
506 302 598 366 modo
621 301 748 366 dicatur
768 299 884 365 Petrus
906 320 975 365 esse
1002 301 1186 385 susceptus,
1216 321 1272 388 apl

89 410 199 470 tamen
226 427 297 470 eum
323 404 423 469 firisse
444 403 650 486 haereticum,
682 404 737 488 qui
759 401 954 488 poenituisse
982 422 1041 487 pro
1070 401 1272 486 perversitate

89 507 242 590 fenditur,
271 510 304 571 et
325 505 409 590 quod
436 527 553 589 pravus
576 507 609 569 et
630 504 769 569 infidelis
796 503 895 568 luerit
914 506 948 568 et
975 503 1015 570 de
1037 503 1187 570 Ecclesia
1206 504 1272 572 acal

90 610 171 675 atico
188 610 262 693 jure
285 608 456 692 projectus,
485 607 605 692 ambigi
634 606 836 691 dubitarique
858 627 924 672 non
946 609 1065 691 potest.
1111 604 1173 673 Sed
1202 628 1272 675 conr

90 734 160 776 mus
182 711 344 796 paulisper
366 709 560 794 poenituisse
588 732 671 791 eum,
700 708 783 792 quod
810 708 994 773 nullatenus
1016 730 1128 773 verum
1155 710 1218 795 est3
1244 710 1272 775 ri

91 813 166 878 dum
179 834 256 898 ergo
272 816 331 895 est,
353 811 520 897 quomodo,
543 811 641 875 idest
663 814 769 875 utrum
791 809 845 894 qui
866 809 978 875 ordine
1001 813 1197 896 competenti
1211 832 1272 898 regi

91 915 259 980 severitate
282 915 405 979 excisus
428 917 460 977 et
475 914 669 997 exstirpatus
693 916 752 995 cat,
776 913 945 997 poenitens
960 917 1048 979 recte
1071 916 1103 978 et
1126 935 1272 999 conseque

91 1020 235 1101 receptus
258 1017 310 1081 sit.
355 1015 416 1081 Sed
438 1037 603 1099 nunquam
625 1014 799 1097 docebitur,
824 1038 988 1100 nunquam
1006 1015 1272 1099 monstrabimus

90 1141 185 1203 quam
212 1119 343 1183 omnino
370 1118 558 1202 probabitur
586 1117 654 1199 ejus
676 1117 903 1202 purgationem
930 1118 1029 1183 fuisse
1051 1117 1241 1204 legitimam,
1263 1139 1272 1201 ι

90 1244 156 1286 non
179 1225 227 1286 cst
250 1221 502 1305 competentibus
524 1220 643 1304 regulis
667 1219 836 1285 celebrata.
871 1218 1036 1286 Secundae
1059 1221 1147 1286 enim
1167 1219 1272 1285 sedisn

91 1323 199 1388 etitem
220 1344 280 1386 nec
309 1322 465 1407 expellere
493 1321 660 1407 quisquam
687 1345 748 1386 nec
775 1344 924 1401 revocare
951 1322 1021 1388 sine
1049 1323 1173 1408 primae
1199 1321 1272 1386 sedis

91 1448 187 1490 sensu
208 1425 258 1490 vel
281 1424 386 1508 potuit
415 1423 465 1488 vel
493 1424 612 1488 debuit.
658 1423 729 1488 Nisi
751 1423 835 1489 forte
859 1423 992 1490 confuso
1016 1425 1087 1509 jam
1109 1425 1219 1491 ordine
1242 1446 1272 1489 re

92 1531 186 1612 atque
208 1527 348 1608 turbato,
371 1549 431 1591 ncc
458 1526 561 1610 prima
588 1549 648 1592 nec
671 1527 811 1592 secunda
833 1550 892 1592 nec
914 1527 1013 1592 tertia
1040 1527 1132 1592 sedes
1160 1526 1267 1592 debeat

91 1629 211 1695 servari
233 1628 282 1694 vel
304 1628 422 1719 suscipi
444 1629 617 1693 secundum
640 1630 773 1714 antiqua
796 1633 918 1694 statuta
939 1628 1098 1712 majorum
1106 1629 1144 1715 ἶ)
1174 1632 1206 1693 et
1228 1627 1272 1693 sol

92 1731 206 1816 capite,
230 1733 266 1795 ut
288 1731 438 1813 videmus,
462 1730 570 1794 omnia
591 1731 734 1797 membra
756 1731 843 1795 vario
864 1731 998 1795 interae
1019 1735 1237 1817 compugnent
1250 1753 1272 1796 cr

8 1821 76 1955 ¹¹¹g4
89 1835 186 1917 mine,
210 1834 328 1917 fiatque
350 1832 440 1913 illud,
464 1833 547 1916 quod
570 1833 608 1897 dc
630 1833 748 1918 populo
771 1833 872 1917 script
873 1855 926 1897 um
948 1835 998 1897 est
1018 1832 1136 1898 Israel:
1158 1839 1198 1898 In
1218 1840 1266 1899 a'llo

86 1958 165 2016 pore
185 1957 244 2001 non
266 1947 335 1999 erat
357 1940 458 1999 dua
445 1957 476 1998 m
499 1940 612 1998 Israel:
635 1942 836 2015 unnsquisque
856 1941 938 2015 quod
952 1941 1103 2016 placitum
1126 1948 1195 2000 erat
1213 1943 1272 2001 ino

90 2042 317 2115 satisfaciebat.
356 2035 425 2112 Qua
452 2036 537 2101 enim
566 2036 689 2101 ratione
711 2036 762 2101 vel
792 2037 1021 2122 consequentia
1049 2037 1121 2101 aliis
1149 2037 1272 2103 sedibus

90 2139 291 2226 ferendum⁸)
314 2143 372 2222 est,
403 2139 429 2202 si
452 2139 573 2223 primae
601 2139 778 2203 beatissimi
799 2137 887 2204 Petri
916 2139 984 2204 sedi
1006 2139 1141 2224 antiqua
1170 2142 1204 2204 et
1230 2142 1272 2205 vel

91 2241 269 2306 reverentia
298 2232 374 2306 non'
397 2241 552 2324 defertur,
587 2262 644 2325 per
679 2263 775 2325 quam
807 2242 949 2305 omnium
984 2241 1189 2306 sacerdotum
1214 2242 1272 2329 dip

91 2365 216 2427 semper
237 2347 287 2407 est
308 2342 457 2407 roborata
484 2348 578 2428 atquc
606 2343 749 2425 firmata,
782 2345 1060 2428 trecentorumque
1077 2343 1202 2415 ,decem
1229 2348 1261 2410 et

91 2449 219 2530 patrum
240 2445 361 2510 invicto
383 2448 416 2509 et
436 2444 592 2530 singulari
603 2444 830 2527 judicious
741 2448 830 2509 vetus
830 2445 973 2510 tissimus
983 2444 1150 2529 judicatus
1172 2451 1224 2512 est
1238 2446 1272 2513 hc

1 2536 66 2590 *tlh
90 2545 211 2631 Utpote
233 2547 287 2631 qui
310 2546 438 2610 Domini
461 2547 712 2611 recordabantur
733 2547 942 2612 sententiam:
980 2551 1026 2613 Tu
1057 2569 1089 2613 es
1111 2553 1267 2629 Petrus,

1 2611 49 2658 ¹⁸⁵
38 2621 147 2730 s'‘lper
168 2653 249 2713 dana
267 2662 387 2729 petram
406 2653 548 2726 fundabo
572 2654 736 2714 Ecclesiam
759 2670 864 2727 meam,
893 2662 923 2714 et
940 2663 1052 2730 portae
1073 2654 1177 2726 inseri
1198 2673 1260 2718 non

91 2757 229 2818 valebant
252 2758 397 2817 adamans
419 2773 493 2815 eam.
540 2757 579 2815 Er
607 2757 663 2816 tibi
687 2756 766 2816 dabo
792 2758 893 2817 claves
913 2760 1003 2830 ream·
1023 2757 1194 2837 coelorum,
1224 2766 1255 2820 et

90 2876 209 2934 cunque
229 2860 374 2932 licaveris
396 2861 442 2919 vel
462 2861 585 2918 solveris
607 2861 639 2918 ia
661 2865 752 2934 terra,
781 2867 869 2918 erunt
890 2860 988 2932 lipara
1014 2860 1061 2919 ael
1087 2861 1194 2920 solum
1217 2864 1249 2922 n’n

0 2951 76 3070 '⁰¹¹302·
90 2956 134 3021 Et
155 2978 264 3020 rursus
287 2956 326 3020 ad
349 2955 510 3020 eumdem:
542 2962 621 3021 Ecce
645 2978 701 3036 eqo
723 2964 831 3035 rocavi
848 2977 907 3036 pro
929 2968 971 3033 te,
1003 2969 1035 3021 ut
1057 2978 1120 3021 aon
1144 2963 1243 3036 defici

8 3053 41 3077 ”’
89 3071 206 3141 tumet
176 3072 260 3124 eta
282 3065 448 3138 alequando
470 3072 655 3137 convertere,
684 3070 713 3123 et
733 3065 880 3135 confirma
899 3063 1018 3136 fratrea
1039 3070 1125 3130 tuos·
1149 3064 1188 3124 et
1211 3061 1235 3125 il

16 3151 59 3204 ⁰¹²·
89 3183 173 3225 cimas
195 3182 250 3242 me,
278 3183 370 3240 pasce
393 3181 460 3224 coes
486 3181 578 3224 meas.
624 3159 728 3236 Quare
750 3160 850 3245 igitur
878 3161 919 3224 ad
946 3158 1078 3224 Petrum
1106 3164 1184 3227 tam
1219 3164 1232 3228 l

9 3226 75 3285 m
71 3261 221 3327 Domini
242 3284 345 3326 sermo
367 3261 478 3345 dirigit
464 3261 539 3325 tur?
562 3260 801 3346 Numquidnam
823 3262 936 3347 reliqui
945 3263 971 3347 l)
994 3262 1102 3326 sancti
1126 3267 1164 3328 et
1180 3265 1224 3331 be

156 3518 177 3586 7)
196 3514 380 3570 Nicaenorum
398 3515 527 3571 videlicet
543 3519 668 3586 patrum,
686 3516 734 3586 qui
745 3517 931 3572 Alexandrino
950 3517 1076 3585 antistiti,
1095 3537 1157 3575 non
1173 3520 1209 3577 C<

90 3600 224 3670 politano,
243 3602 394 3656 secundum
411 3600 440 3655 in
458 3602 582 3658 Ecclesia
599 3603 690 3657 locum
708 3601 911 3671 adjudicarunt.

157 3691 177 3755 ⁸)
196 3685 357 3740 Sirmondus
375 3693 572 3753 defendendum
590 3687 639 3740 sed
657 3693 820 3753 deserendum
832 3688 957 3743 subnexa
967 3687 1119 3745 manifeste
1131 3693 1199 3760 posi

88 3769 170 3841 spicit
187 3771 232 3826 hic
244 3771 370 3826 Gelasius
388 3771 423 3826 ad
441 3772 593 3827 Nicacnum
613 3789 747 3827 canonem
763 3779 792 3839 (i,
810 3790 893 3841 quern
910 3772 1029 3826 Romani
1045 3774 1193 3843 pontifice·

88 3855 206 3911 nuncin
224 3856 361 3911 nonnullis
378 3857 519 3911 veteribus
543 3857 621 3911 libris
638 3860 741 3923 exstat,
763 3857 857 3926 legere
880 3857 919 3914 sic
936 3858 1078 3912 solebant:
1110 3865 1187 3917 Ecca

87 3963 187 4012 semper
203 3946 290 3996 tabuit
306 3952 446 4009 primatum.
482 3946 578 3997 Teneat
596 3955 676 3997 aretem
695 3955 720 3997 et
735 3948 866 4013 Aeqpplus
886 3949 982 4012 Lr'bpae
999 3955 1024 3997 et
1042 3947 1183 4014 Pentapol

88 4033 125 4082 ila
142 4038 169 4080 nt
185 4033 321 4096 episcopas
339 4032 518 4082 Alexandriae
536 4033 621 4083 dorion
640 4035 743 4083 ananiam
761 4033 853 4083 tabeat
873 4041 1035 4098 parentalem.
1060 4038 1177 4098 quarian

88 4116 200 4167 Romana
217 4117 281 4166 haec
298 4123 336 4166 est
354 4120 515 4171 consuetudo.

156 4201 176 4265 ⁹)
195 4197 320 4252 Gelasius
340 4216 360 4251 s.
375 4197 544 4268 cyprianum
560 4197 698 4266 imitatur,
717 4197 765 4267 qui
782 4198 830 4253 lib.
845 4198 880 4254 de
893 4197 958 4252 unit.
973 4197 1115 4256 Ecclesiae
1135 4202 1165 4257 al

87 4276 197 4335 initium
214 4281 266 4335 ait:
297 4286 412 4348 Qrsamuia
430 4283 577 4352 (Christus)
595 4291 718 4353 apostolis
736 4289 846 4339 carnibus
867 4296 927 4353 post
949 4292 1161 4340 resurrectionen

88 4378 238 4434 potestatem
256 4371 362 4429 tribuat,
381 4380 462 4422 tannen
480 4381 507 4423 al
525 4376 644 4423 unitatem
662 4375 851 4437 raranifestareae,
870 4375 974 4424 unitatis
992 4375 1110 4436 ejusden
1129 4393 1156 4426 οι

87 4455 246 4518 incipientem
263 4473 309 4506 sira
327 4459 482 4508 asertor-iente
501 4459 632 4522 disposuit
663 4459 721 4508 Hoc
739 4467 813 4509 erari!
831 4463 915 4525 ulique
933 4466 958 4509 ee
976 4460 1058 4508 ceteri
1076 4476 1151 4525 aponi

88 4537 193 4596 Petras,
210 4535 271 4604 p‘ari
283 4543 411 4592 consortio
428 4545 543 4606 praediti
560 4552 585 4594 et
602 4544 706 4594 donaris
723 4554 747 4593 er
766 4550 916 4608 potestate:
933 4544 980 4594 sed
991 4547 1132 4596 eaordmsn

84 4623 221 4685 ficiscitur,
244 4634 271 4676 ut
287 4625 407 4678 Ecclesia
424 4627 520 4678 Ctrisli
541 4646 591 4680 una
609 4632 800 4680 deraonstretar.
833 4623 965 4679 Similiter
982 4641 1004 4678 s.
1024 4623 1141 4696 Hieron,⁸

87 4701 189 4760 vinias.
208 4704 229 4774 1,
243 4712 283 4762 14.
