3204 5506
265 356 329 420 912
706 370 735 418 s.
751 366 959 417 rronursnrs
981 366 1097 414 narra

159 552 184 589 a.
194 539 252 588 rto.
266 524 428 606 nuntiare,
453 522 576 587 scilieet
590 522 776 606 pontificem
792 519 1172 604 Constantinopolitanae
1188 519 1347 584 ecclesiae
1360 519 1520 586 Johannen

266 648 334 690 esse
357 625 577 709 superstitem,
607 627 639 688 ct
662 624 895 688 confessionem
916 622 1024 686 libello
1047 622 1185 706 editam,
1215 623 1307 706 cujus
1335 623 1446 687 merita
1468 647 1520 688 non

266 732 316 791 est
337 728 468 791 dubium
484 725 552 789 Deo
574 725 711 809 placere,
736 726 790 810 qui
812 725 898 789 inter
913 723 1088 789 catholicos
1103 728 1137 789 et
1153 725 1441 790 communicatores
1453 726 1521 790 sedis

266 828 461 913 apostolieae
484 827 601 891 meruit
622 827 663 890 ad
684 828 782 890 aliam
805 849 842 890 ex
865 827 925 891 hae
947 827 1015 890 rita
1037 826 1211 892 discedere.
1256 826 1299 891 In
1325 827 1416 910 cujus
1435 827 1522 892 locum

266 928 502 1015 Epiphanius²)
536 928 665 1013 quidam
696 929 863 1013 presbyter
891 928 1053 1013 quondam
1080 928 1242 1013 syncellus
1276 929 1345 1012 ejus
1378 931 1520 1012 successit,

268 1031 358 1114 cujus
380 1031 475 1094 initia
497 1030 582 1093 bona
604 1030 767 1114 videntur,
795 1053 872 1095 narn
899 1030 1106 1095 rationabilia
1132 1031 1292 1116 loquitur,
1322 1034 1357 1095 et
1382 1033 1522 1116 promittit

267 1136 394 1215 patrum
417 1153 450 1196 se
472 1131 600 1216 regulas
627 1135 840 1215 servaturum,
872 1154 985 1222 pacem
1011 1133 1234 1218 unitatemque
1262 1133 1444 1199 ordinatam
1468 1156 1520 1199 non

266 1233 422 1317 dissipare
444 1235 499 1297 sed
521 1234 626 1319 magis
648 1256 775 1319 augere.
819 1234 887 1298 Ista
910 1239 985 1299 sunt
1012 1255 1093 1319 quae
1120 1234 1300 1318 promittit;
1328 1237 1404 1319 quid
1429 1241 1520 1301 mmm

267 1356 362 1418 opere
384 1336 487 1418 possit
509 1336 652 1419 implere,
676 1336 780 1401 adhue
795 1337 991 1421 ignoramus.
1029 1335 1099 1400 Has
1114 1335 1274 1420 siquidem
1288 1336 1414 1402 litteras
1425 1341 1520 1422 quarta

267 1439 341 1520 post
361 1436 598 1502 ordinationem
620 1438 763 1521 ejusdem
784 1439 835 1502 die
857 1441 985 1522 reperta
1006 1438 1173 1502 occasione
1191 1439 1442 1523 transmisimus3
1461 1463 1519 1505 nec

267 1539 342 1601 dum
365 1561 436 1601 cum
459 1559 495 1602 eo
518 1540 830 1624 communicavimus,
854 1562 920 1605 non
942 1540 1032 1624 quasi
1052 1539 1251 1623 resistentes
1276 1540 1333 1604 sed
1348 1542 1421 1625 quia
1434 1542 1518 1606 adhuc

266 1640 307 1703 ab
330 1662 367 1704 eo
389 1662 454 1705 non
477 1663 585 1704 smnus
608 1641 746 1705 mvitati.
786 1641 947 1725 Superest,
970 1646 1008 1706 ut
1030 1641 1240 1706 beatitudinis
1263 1645 1388 1708 vestrae
1407 1644 1517 1708 insistat

267 1741 384 1825 oratic,
415 1746 573 1827 quatenus
596 1743 721 1808 divinae
744 1744 870 1828 gratiae
893 1744 1051 1827 adjutorio
1072 1744 1147 1808 talis
1170 1748 1336 1828 erumpat,
1366 1766 1517 1830 perquem

266 1845 305 1908 de
333 1844 476 1927 perfecta
503 1846 660 1928 possimus
686 1845 811 1909 unitate
841 1846 990 1929 gaudere.
1041 1848 1186 1929 Accepta
1213 1846 1279 1911 VII
1300 1847 1376 1910 ldus
1402 1847 1514 1931 Aprilis,

267 1945 399 2010 Rustico
421 1946 488 2009 viro
512 1945 687 2010 clarissimo
710 1947 848 2011 consule.

759 2134 941 2238 Epistola
967 2134 1041 2217 112.

128 2264 163 2326 (a.
174 2268 224 2317 bro
234 2280 256 2317 c.

121 2331 266 2399 ΜΝ)
554 2286 767 2353 Hormisdac
790 2302 900 2369 papae
922 2286 965 2351 ad
988 2286 1250 2353 iustinianum.

304 2424 375 2473 Illius
398 2441 460 2491 erpo
481 2442 509 2476 se
532 2429 700 2476 reverentiam
723 2428 818 2476 lmrdct.
855 2427 968 2490 Propter
985 2433 1093 2478 exortas
1114 2430 1289 2478 contentiones
1306 2430 1442 2493 myster-im
1456 2442 1485 2476 rr.
1516 2427 1554 2494 pll

305 2509 438 2560 Trinitatis
455 2512 543 2575 paucis
561 2513 688 2576 explieat,
707 2512 787 2562 donec
803 2519 923 2576 suscepto
940 2528 1013 2577 quom
1030 2519 1166 2577 exspectat
1183 2514 1309 2578 lequtione
1325 2513 1488 2578 plenissimi

834 2597 969 2648 edisserat.

418 2727 630 2792 Hormisda
651 2729 886 2792 Justiniano
908 2730 993 2793 viro
1015 2728 1180 2794 illustri.

157 2865 255 2930 epae.
353 2849 382 2911 1.
420 2847 511 2923 Quod
544 2847 697 2912 celsitudo
731 2850 837 2912 vestra
871 2848 971 2912 animi
994 2849 1079 2913 circa
1111 2871 1162 2913 me
1191 2851 1241 2914 sui
1278 2851 1511 2915 benevolentiam

266 2950 420 3034 dignatur
442 2950 624 3032 ostendere,
651 2949 758 3013 facitis
780 2971 847 3013 rem
869 2948 937 3013 Deo
960 2949 1113 3033 placitam
1135 2954 1168 3015 et
1189 2955 1296 3016 rectae
1319 2954 1512 3018 conscientiae

267 3056 512 3137 congruentem3
539 3050 682 3115 sednon
703 3073 802 3135 parva
824 3054 900 3115 sunt
921 3052 1010 3115 vobis
1021 3052 1045 3137 ¹)
1067 3051 1163 3135 hujus
1185 3055 1401 3119 emolumenta
1420 3075 1512 3139 propo

266 3153 331 3217 siti.
376 3153 481 3237 Major
502 3154 536 3216 in
559 3175 615 3217 vos
636 3153 760 3217 fructus
783 3153 821 3217 de
848 3153 906 3217 tali
935 3154 1078 3218 bonitate
1101 3156 1289 3238 revertitur,
1319 3179 1420 3242 neque
1445 3157 1512 3220 enin

266 3277 366 3319 vacua
388 3255 633 3320 honorificentia
656 3258 721 3338 est,
745 3277 826 3340 quae
849 3255 991 3320 defertur
1012 3256 1161 3320 antistiti.
1196 3256 1417 3323 indubitatum
1437 3257 1512 3343 siqui·

266 3357 338 3420 dem
360 3361 424 3441 est,
454 3358 528 3441 quia
555 3356 659 3420 honor
679 3357 819 3421 ministri
848 3357 951 3421 cultus
979 3361 1027 3422 est
1055 3358 1192 3442 domini,
1222 3364 1255 3424 et
1284 3362 1340 3446 qui
1367 3381 1512 3446 personam

266 3458 438 3522 sacerdotis
461 3460 573 3544 magni
595 3457 704 3540 habet,
728 3459 881 3541 majorem
903 3460 1192 3525 remunerationem
1211 3461 1305 3526 abeo
1321 3464 1373 3527 cui
1388 3461 1512 3527 sacerdos

150 3547 251 3613 Malth-
265 3559 439 3625 famulatur
455 3561 601 3646 accipiet,
626 3560 752 3624 dicente
767 3559 906 3625 Domino
927 3562 948 3626 J
951 3583 1006 3626 esu
1026 3563 1076 3644 iis,
1100 3563 1154 3647 qui
1168 3562 1346 3646 prophetas
1360 3565 1394 3629 in
1414 3564 1511 3628 honore

164 3631 250 3690 Μ·
266 3661 459 3746 suscipiunt,
488 3687 577 3727 suam
606 3663 782 3727 mercedem
806 3684 874 3727 esse
896 3663 1099 3728 reddendam.
1145 3663 1190 3728 Et
1217 3666 1303 3749 apud
1331 3688 1382 3730 ¹11⁰
1407 3665 1511 3751 ‘laidem

265 3763 375 3847 magni
399 3769 448 3829 est
470 3766 576 3850 gratia
598 3768 705 3830 vestra
731 3766 901 3848 momenti,
931 3787 967 3829 eo
994 3769 1103 3830 tamen
1131 3767 1316 3851 pretiosior,
1346 3769 1418 3854 qnia
1442 3764 1510 3852 quid-

265 3981 299 4036 rii
317 3989 350 4038 25
369 3982 413 4038 die
432 3984 590 4040 ordinatum
608 4003 669 4041 esse
687 3985 782 4040 tradit.
824 3985 972 4041 Dioscorus
989 4001 1055 4040 vero
1078 3987 1129 4040 has
1149 3985 1260 4042 litteras
1278 4000 1372 4058 quarta
1387 4000 1442 4058 post
1455 3990 1509 4042 aa·

265 4074 390 4122 nationem
409 4075 466 4135 ejus
478 4076 519 4124 dic
537 4071 648 4126 mittere
667 4088 695 4125 se
714 4069 860 4139 significat.
889 4070 930 4124 Ex
948 4086 1003 4140 quo
1022 4073 1262 4140 consequammi,
1279 4073 1508 4143 atejusdcmna

265 4151 314 4219 sis,
333 4153 381 4222 qui
398 4154 451 4208 hoc
470 4172 542 4208 anno
560 4155 695 4209 bisextilis
715 4157 784 4221 erat,
803 4162 835 4208 29
854 4154 898 4210 die
916 4156 1017 4210 missae
1035 4155 1098 4209 sint.

332 4241 353 4305 ²)
372 4237 413 4291 De
432 4238 587 4309 Epiphanio
611 4239 650 4293 sic
673 4240 802 4309 deinceps
819 4239 967 4295 Dioscorus
984 4240 1120 4308 loquitur,
1143 4243 1174 4294 ut
1196 4240 1263 4296 inde
1284 4243 1313 4297 in
1332 4241 1506 4297 dubilatiouen

264 4320 411 4377 inducatur
428 4323 528 4389 lector,
545 4343 611 4378 num
628 4325 674 4380 ille
691 4323 751 4395 ipse
769 4325 805 4378 sit
823 4324 1145 4397 Constantinopolitanae
1163 4326 1296 4382 ecclesiae
1313 4320 1505 4398 presbyterqa'

265 4407 343 4477 epist.
364 4414 413 4462 100
430 4425 455 4460 n.
477 4414 490 4461 1
511 4408 737 4464 Thessalonicam
759 4410 795 4464 ad
814 4411 965 4464 curandam
984 4410 1117 4465 ecclesiae
1139 4410 1221 4480 hujus
1240 4411 1390 4468 utilitatem
1406 4428 1459 4466 cim
1471 4407 1503 4460 Jr

263 4490 355 4547 henne
373 4492 542 4562 apostohcae
565 4493 638 4548 sedis
660 4494 754 4564 legato
779 4502 891 4550 directus
909 4516 944 4550 ea
961 4501 1082 4550 conmuni
1098 4501 1221 4550 electione
1245 4496 1354 4552 dicitnr.
1387 4496 1423 4551 Ut
1439 4492 1502 4548 ahu

263 4579 360 4633 tamen
382 4577 547 4647 cogitemus,
576 4596 632 4633 non
653 4579 719 4633 sinit
745 4580 935 4636 testimonium
957 4583 1113 4635 ceterorum
1135 4580 1301 4636 Hormisdae
1323 4582 1502 4653 legatorum}

265 4662 365 4731 quibus
383 4663 532 4718 Hormisda
548 4664 607 4734 ipse
626 4666 705 4735 epist.
727 4671 775 4720 113
793 4666 866 4720 hunc
877 4664 1064 4735 Epiphaniam
1082 4664 1156 4736 apud
1173 4681 1202 4719 se
1217 4685 1270 4734 pro
1287 4671 1501 4736 ὶηριιιίεὰκρ

263 4754 299 4803 tio
314 4755 519 4817 propupnondae
536 4756 640 4804 unitatis
659 4755 751 4817 officiis
768 4757 940 4820 multipliciter
956 4751 1100 4806 laudatum
1112 4748 1216 4805 scribit
1236 4781 1269 4789 -
1287 4749 1387 4806 Ibidem
1397 4749 1429 4805 G*
1444 4763 1501 4818 μ’

264 4844 313 4887 tum
330 4845 389 4902 post
407 4840 520 4888 ordinem
537 4841 651 4902 ejusdem
668 4847 774 4905 recepta
792 4842 934 4892 occasione.

265 4923 312 4971 112
349 4920 368 4986 ¹)
386 4918 436 4972 Ed.
456 4922 541 4985 nobis,
561 4922 589 4974 ct
606 4937 669 4975 mox
687 4927 771 4989 mnjor
788 4928 815 4976 in
831 4942 887 4978 nos.
