3204 5506
656 372 827 423 EPISTOLA
851 362 902 422 ta.

183 516 392 608 (lpuscula
414 525 605 591 Tertulliani
628 527 820 612 apocrypha.

196 624 392 710 (lpnscula
415 620 624 712 Laetantiitt)
648 630 840 714 apocrypha.

200 727 392 813 (lpuscula
414 730 563 794 Africani
586 731 780 816 apocrypha.

207 832 389 916 (lpuscnla
410 832 634 897 Posthnmiani
658 836 738 922 et⁷¹)
762 835 847 899 Galli
868 837 1061 921 apocrypha.

215 933 391 1017 (lpuscula
413 935 572 1018 Montani,
596 936 762 1001 Priscillae
785 941 818 1000 et
840 937 1037 1002 Maximillae
1059 939 1251 1023 apocrypha.

222 1037 391 1119 (lpuscnla
412 1037 567 1122 omniun)
590 1038 701 1103 Fausti
724 1039 907 1103 Manichaei
930 1041 1122 1125 apocrypha.

225 1138 390 1222 (lpuscula
413 1140 633 1204 Commodiani
656 1141 849 1225 apocrypha.

226 1242 391 1325 Opuscnla
409 1241 544 1322 alterius
567 1242 741 1307 Clementis
763 1244 974 1309 Alexandrini
998 1247 1192 1332 apocrypha.

229 1343 390 1428 Opuscula
413 1342 568 1429 Taseii⁷³)
592 1344 745 1427 Cypriani
768 1347 963 1431 apocrypha.

99 1621 315 1686 pocryptaan
332 1616 508 1697 pronuntiat,
531 1618 645 1671 minime
668 1634 795 1687 pugnare
813 1636 917 1683 secum,
940 1619 989 1673 sed
1012 1619 1085 1675 circa
1107 1622 1158 1675 hos
1177 1622 1301 1691 aliosque
1319 1621 1414 1691 hujus-

99 1700 216 1753 modi
237 1702 322 1755 libros
339 1701 414 1756 haud
431 1702 468 1755 ab
481 1718 515 1755 ea
526 1703 623 1756 abesse
637 1703 786 1769 sententia,
805 1720 889 1770 qnam
901 1704 1086 1774 Hieronymus
1099 1708 1176 1776 epist.
1189 1713 1222 1760 62
1241 1707 1294 1776 (ed.
1307 1707 1413 1777 Migne)

99 1783 150 1836 ud
179 1786 419 1855 Tranquillinnm
436 1789 531 1840 tencre
550 1804 579 1840 sc
596 1788 744 1857 profitetur
760 1789 803 1841 his
821 1789 927 1843 verbis:
956 1795 1012 1858 Epa
1026 1794 1157 1860 Oripencrn
1169 1803 1279 1860 propter
1291 1795 1413 1847 eruditio·

103 1888 185 1922 nen
212 1877 340 1926 interdurn
358 1877 488 1940 rependunt
505 1875 632 1935 arbitror,
651 1879 774 1943 mornado
796 1879 988 1941 Tertullianum,
1008 1880 1143 1940 Nouatum,
1163 1881 1314 1940 Amutrium,
1334 1882 1415 1948 Apol·

112 1958 261 2010 linarium
278 1967 303 2010 et
320 1965 452 2012 nonnullas
469 1964 655 2012 ecclesiasticos
672 1965 814 2027 scriptores
830 1979 939 2027 praeces
954 1966 1059 2029 pariter
1076 1971 1101 2015 et
1119 1968 1224 2025 latinos,
1244 1973 1272 2016 nt
1289 1967 1356 2017 bona
1373 1983 1415 2018 eo·

120 2057 195 2093 runs
226 2047 341 2110 elipantus
358 2048 509 2112 vitemusque
527 2049 659 2097 contraria
673 2050 756 2111 juxta
774 2052 914 2113 apostolum
936 2051 1072 2099 dicentem:
1096 2050 1203 2114 „Omnia
1220 2051 1330 2116 probate
1348 2054 1417 2117 quad

130 2126 237 2178 henim
253 2138 289 2181 est
306 2135 418 2186 tenetc“.
453 2126 483 2180 Si
500 2130 594 2182 autem
612 2128 779 2199 scriptorum
797 2128 956 2198 hujusmodi
975 2148 1061 2199 opera
1078 2132 1171 2200 legere
1189 2133 1218 2185 et
1237 2131 1312 2199 quod
1328 2133 1357 2184 in
1376 2131 1415 2185 eis

134 2205 251 2264 bonum
267 2213 309 2265 est
330 2211 462 2280 colligere
485 2229 518 2266 ac
539 2214 636 2267 tenere
658 2212 736 2280 licet,
758 2213 827 2286 nihil
850 2215 934 2277 soret,
959 2233 1006 2269 cur
1025 2215 1136 2270 Gelasio
1155 2217 1339 2285 abrogaretur
1361 2216 1415 2271 hoc

142 2291 300 2363 (lucretium,
322 2296 433 2351 etiamsi
456 2314 517 2351 cum
540 2297 573 2351 iis
594 2298 684 2361 libris,
708 2298 808 2368 quibus
830 2300 858 2353 in
877 2300 930 2354 hoe
948 2300 1060 2355 decreto
1080 2301 1205 2356 censoria
1226 2300 1345 2354 inuritur
1362 2301 1414 2354 vir-

147 2378 232 2447 gula,
247 2381 302 2451 ipse
320 2398 418 2436 censor
435 2381 464 2434 in
482 2382 619 2436 nonnullis
637 2383 791 2438 consentire
808 2386 985 2453 probaretur.
1021 2386 1147 2440 Alterum
1165 2386 1295 2452 observo,
1313 2401 1414 2455 nempe

148 2459 224 2517 banc
240 2483 377 2521 censuram
399 2467 427 2520 in
451 2483 519 2520 unos
541 2466 675 2521 historiae
697 2466 796 2534 libros,
820 2486 876 2522 non
897 2469 927 2523 in
949 2470 1074 2538 ejusdem
1093 2455 1306 2526 commentarioi
1324 2470 1369 2525 vel
1385 2470 1415 2524 in

152 2551 365 2619 praeparationis
383 2552 561 2621 evangelicae
579 2552 664 2606 libros
683 2553 794 2619 cadere3
819 2556 867 2607 ant
885 2554 909 2607 si
927 2555 1011 2608 etiam
1029 2555 1058 2608 hi
1081 2557 1198 2626 propter
1216 2555 1352 2611 rationem
1371 2574 1414 2610 sn-

153 2631 244 2695 perius
259 2637 369 2692 allatam
386 2655 442 2692 non
459 2639 565 2692 temere
583 2637 750 2706 suscipiendi
768 2641 843 2705 sunt,
867 2639 896 2692 in
914 2639 947 2692 iis
966 2640 1123 2708 dumtaxat,
1143 2659 1214 2708 qnae
1233 2641 1348 2710 Origeni
1366 2644 1414 2696 ant

154 2711 220 2770 Ario
238 2722 354 2789 lateant,
372 2739 420 2776 seu
437 2723 465 2776 in
485 2723 585 2793 quibus
603 2740 620 2776 a
638 2724 777 2777 communi
796 2724 995 2779 catholicorum
1018 2726 1157 2780 sententia
1173 2726 1309 2781 Eusebius
1328 2725 1415 2780 disce-

155 2793 204 2863 ffii·
226 2820 274 2861 non
291 2807 382 2874 iniis,
399 2808 429 2862 in
447 2808 547 2877 quibus
567 2825 628 2862 cnm
646 2808 688 2861 his
707 2808 857 2874 consentit,
875 2811 1018 2879 suspectos
1038 2827 1097 2864 esse
1116 2811 1226 2865 debere.
1258 2811 1339 2865 Unde
1352 2828 1414 2866 con-

154 2890 265 2949 uequens
281 2911 337 2948 non
356 2894 411 2959 est,
434 2895 466 2946 nt
488 2910 521 2946 cx
544 2910 589 2959 eo,
613 2893 689 2962 quod
710 2893 739 2946 in
761 2893 833 2948 libro
852 2891 955 2948 Gelasii
980 2895 1014 2948 de
1038 2895 1144 2949 duabus
1166 2895 1272 2950 naturis
1295 2896 1415 2949 uitentur

154 2958 260 3028 Ensebfi
276 2979 333 3031 tam
353 2977 544 3032 commentarii
561 2977 590 3031 in
607 2977 741 3047 psalmos,
764 2981 825 3032 tum
842 2978 1064 3048 praeparationis
1083 2980 1261 3048 evangelicae
1279 2981 1351 3046 libri,
1370 2980 1415 3034 de-

153 3051 256 3113 eretum
270 3062 323 3116 hoc
341 3063 384 3116 rel
402 3062 561 3132 praedictus
580 3062 615 3116 de
633 3063 741 3117 duabus
758 3063 865 3117 naturis
882 3063 954 3118 liber
972 3064 1082 3118 Gelasio
1101 3063 1257 3132 abjudicari
1275 3065 1385 3119 debeat.

219 3141 249 3210 τῦ)
265 3147 300 3200 Η8
317 3147 353 3201 F‘
369 3146 401 3200 F‘
416 3148 456 3203 ΕΝ
473 3147 512 3200 Xl‘
534 3153 667 3201 Laclantii
688 3156 739 3202 siue
762 3152 885 3213 Africani
907 3149 951 3216 (Εὖ
964 3149 1046 3202 Frpm
1059 3148 1097 3202 ΧΙῐ
1121 3149 1185 3203 add.
1209 3152 1271 3218 siue)
1292 3154 1417 3203 l'irrniani

144 3228 253 3298 mco,
271 3234 300 3287 et
317 3231 418 3288 deinde
436 3232 568 3288 omittunt
586 3236 750 3301 sequentem
766 3250 876 3287 versum
895 3233 929 3286 de
948 3238 1085 3304 Africana.

216 3309 247 3378 11)
264 3317 330 3371 1*Ηῦ
341 3317 474 3371 omittunt
486 3328 511 3371 et
525 3322 598 3379 Galli,
616 3317 697 3371 papa
711 3317 800 3371 omitt.
815 3330 853 3378 et,-
870 3318 908 3371 Η*
922 3322 976 3372 (lat.
1001 3318 1053 3371 Hic
1064 3319 1178 3372 notatur
1193 3318 1288 3375 Severi
1301 3317 1415 3389 Sulpicii

145 3372 345 3470 P‘Jssihumiano
363 3405 392 3456 et
410 3402 490 3456 Gallo
509 3401 758 3471 interloquentibus
777 3403 917 3471 dialogus,
939 3401 968 3455 in
991 3419 1046 3471 quo
1064 3402 1283 3459 Millenariorum
1306 3419 1415 3458 errores

143 3454 332 3556 ffieronymug
351 3486 557 3553 animadvertit,
576 3486 702 3555 quamvis
719 3504 792 3540 nnnc
810 3488 846 3541 ab
864 3487 897 3541 iis
908 3490 1044 3557 purgatus
1057 3492 1201 3558 appareat.
1225 3489 1267 3543 De
1278 3488 1415 3543 hoclibro

141 3539 245 3619 d‘istor
267 3572 315 3626 ille
332 3572 362 3626 in
378 3571 552 3627 Ezechielem
570 3571 616 3625 lib.
631 3572 670 3624 XI
688 3589 748 3641 cap.
763 3578 796 3625 36
813 3573 855 3626 ita
871 3573 1007 3640 loquitur:
1032 3577 1087 3628 Nec
1108 3578 1211 3629 sabbati
1231 3580 1283 3629 otia
1306 3579 1415 3628 dornic-

137 3642 208 3696 ¹⁸⁸²
228 3663 301 3724 quad
317 3667 344 3711 et
360 3663 430 3711 multi
448 3669 590 3711 nostrorum
609 3668 633 3710 et
649 3663 790 3726 praecipue
806 3662 958 3711 Tertulliani
974 3663 1045 3722 liber,
1069 3665 1112 3729 qui
1133 3655 1281 3719 inscribitur
1302 3665 1354 3721 „de
1371 3677 1417 3726 spe

130 3712 282 3806 Μήτ’,
300 3753 326 3796 el
343 3747 476 3796 lactantii
491 3749 672 3797 institutionum
690 3748 801 3796 volumen
818 3748 948 3811 septimum
958 3748 1101 3812 pollicetur,
1121 3756 1146 3798 et
1162 3749 1290 3799 Victorini
1301 3750 1418 3801 Petatrio·

132 3809 231 3890 Q
250 3832 358 3882 mirae
376 3833 564 3897 expositiones,
588 3839 614 3882 et
631 3847 713 3896 nuper
731 3832 840 3881 Seuerus
862 3838 950 3882 noster
971 3835 996 3883 in
1019 3835 1133 3898 dialogo,
1157 3837 1198 3882 cui
1216 3834 1306 3885 Gallo
1330 3851 1417 3885 nornen

126 3891 272 4009 :sponda
303 3914 363 3977 Quo
380 3911 542 3967 testimonio
553 3912 703 3978 Gelasium,
722 3928 805 3980 quem
817 3912 980 3981 Hieronymi
998 3914 1033 3967 de
1050 3914 1128 3968 libris
1143 3913 1249 3982 juditio
1267 3914 1417 3984 plurimum

144 3971 281 4053 “ulisse
304 3997 475 4068 esperimus,
501 3999 533 4051 nt
555 3998 628 4051 hunc
649 3996 791 4066 dialogum
814 3997 1005 4067 apocryphum
1023 3998 1157 4066 ediceret,
1183 3999 1336 4054 adductum
1359 4016 1417 4053 csse

102 4071 105 4082 '
124 4051 225 4126 mdo
246 4083 395 4155 probabile
413 4084 463 4137 ar.
481 4113 515 4122 -
532 4082 612 4137 nanc
628 4081 714 4151 igitur
733 4081 869 4152 opinionis
886 4082 969 4152 aaut
992 4083 1098 4137 nanum
1119 4083 1147 4136 n
1165 4082 1284 4152 noega
1303 4083 1417 4152 sapas

120 4138 306 4234 'ffib‘gm
334 4169 391 4222 Aut
407 4167 495 4237 igitur
512 4184 702 4234 amanuenses,
721 4166 796 4235 quod
811 4168 841 4220 in
853 4168 892 4221 eis
905 4168 1013 4237 legerat
1024 4168 1217 4236 Hieronymus,
1235 4166 1270 4219 de
1281 4166 1419 4220 industria

117 4222 410 4319 &temerant
428 4259 478 4306 aut
494 4252 679 4321 Hieronymus
696 4253 769 4322 ipse,
794 4253 869 4321 quod
887 4271 907 4306 s.
921 4252 1057 4307 Martinus
1076 4253 1111 4306 de
1127 4251 1298 4305 Antichristo
1315 4251 1343 4304 in
1362 4251 1417 4304 fine

116 4290 255 4407 &alogi
271 4339 298 4394 11
316 4337 418 4392 dixisse
436 4336 609 4407 perhibetur,
627 4337 845 4391 Millenariorum
864 4337 1023 4407 opinionem
1039 4337 1165 4391 redolere
1179 4335 1323 4404 judicavit.

202 4413 248 4492 ⁷²)
265 4424 299 4478 In
316 4423 440 4477 111111Η3
457 4423 489 4476 nt
505 4422 535 4476 in
552 4423 685 4492 exemplis
699 4423 863 4478 Hormisdae
882 4423 962 4478 deest
979 4429 1070 4479 onnia
1100 4421 1206 4474 Deinde
1220 4420 1282 4476 0¹1⁴
1292 4426 1417 4476 Faustini.

103 4548 105 4554 ι
190 4490 201 4502 ”
246 4508 253 4521 “
284 4526 316 4562 us
335 4510 378 4563 est
395 4507 447 4562 iste
465 4507 584 4561 Faustus
602 4508 680 4562 libris
699 4508 854 4578 Augustini.

109 4629 142 4680 ²·
203 4586 250 4663 ²⁸)
268 4594 312 4649 Ita
330 4609 392 4648 cum
404 4591 583 4646 1111111111ἰη
601 4595 684 4647 uret.
699 4592 843 4664 ll(C¹F¹?)
862 4596 891 4648 et
909 4590 1112 4664 exemplaribus
1128 4591 1302 4648 Hormisdae.
1332 4591 1419 4647 11111θ

137 4656 238 4742 ⁸⁸05,
252 4678 284 4733 Ο2
294 4683 377 4742 Tarsi,
396 4679 518 4746 a¹c²seq.
530 4682 605 4740 Tarii,
623 4678 702 4731 1180ῃ
718 4683 816 4739 Tlrarst.
836 4678 884 4732 ulii
896 4696 958 4732 cum
967 4679 1089 4731 F'Tarsl.
1113 4676 1203 4742 Quum
1215 4678 1342 4748 superius
1354 4681 1420 4748 post

102 4723 342 4856 &hunencus
361 4762 481 4833 synodos
506 4763 699 4832 approbentur
721 4764 853 4834 opuscula
871 4768 893 4815 la
909 4768 1012 4816 Cuculli
1030 4767 1155 4832 Cypriani
1175 4769 1297 4831 martyris
1309 4768 1418 4818 Curta·

132 4828 262 4907 J‘effl,
287 4855 413 4918 episcopi.
445 4849 474 4902 et
494 4848 523 4901 in
546 4848 710 4903 Hormisdae
733 4849 845 4916 quidem
868 4848 1000 4918 exemplis
1023 4847 1151 4902 dicuntur
1172 4855 1199 4902 tn
1219 4852 1332 4903 omnibus
1352 4853 1420 4902 recl·

101 4894 254 4998 mffida,
271 4937 368 5003 restat,
386 4935 418 4988 ut
435 4936 484 4988 aut
502 4933 615 4988 alterius
633 4932 773 5004 Cypriani,
792 4934 838 5004 qni
857 4934 964 5003 pariter
982 4933 1072 4987 dictus
1089 4933 1126 4986 sit
1144 4932 1267 5003 Tascius,
1289 4930 1339 4988 ant
1355 4933 1419 4987 hnic

1153 5020 1220 5090 30*
