3204 5506
425 377 597 427 urisroue
619 366 671 427 40.
1117 357 1181 425 825

106 527 169 615 τὴν
189 536 258 596 τῶν
273 528 386 596 ἄλλων
401 528 524 615 ὁμοίως
574 553 645 595 rum
681 552 803 618 qnoque
840 531 1068 595 correctionem
1103 551 1183 595 mer·
1195 559 1220 598 a.
1230 548 1288 598 518.

100 657 104 678 ν
139 636 184 720 τῷ
219 631 366 720 ὑμετέρῳ
400 637 523 720 μισθῷ,
576 635 644 700 cedi
672 636 810 717 vestrae,
849 633 877 697 si
903 656 923 697 a
950 632 1040 697 vobis
1068 632 1108 697 ad
1135 655 1183 698 re-

100 739 161 801 ιῶν
176 733 260 821 πρὸς
274 733 311 801 τὸ
328 734 426 812 addis
444 732 524 818 ὁδη-
576 741 662 802 ctum
677 735 885 819 deducantur,
902 735 1091 800 adscribere.
1121 733 1183 801 Sed

100 841 303 920 ῑογίσασδαι.
339 835 422 902 Ἀλλ’
445 837 525 904 ἑαυ-
575 841 609 904 in
637 842 740 903 totum
767 860 822 903 vos
845 861 864 902 a
886 859 1001 921 coeno,
1036 859 1099 922 quo
1125 837 1184 902 im·

100 939 170 1005 ίίον
185 938 250 1005 άπὸ
265 945 326 1006 τοῦ
341 940 523 1024 βορβόρου,
575 943 670 1006 mersi
710 940 863 1006 haeretici
894 943 1062 1024 tenentur,
1100 941 1183 1005 avel-

100 1042 249 1125 ιίρετικοὶ
278 1042 526 1119 καταποθέντες
575 1045 647 1127 lite,
672 1047 705 1109 et
726 1038 924 1109 excutientes
946 1041 1184 1107 immunditiam

100 1168 155 1227 ἀι,
198 1141 429 1228 άποσπάσατε,
469 1138 525 1209 καί
577 1146 717 1232 pulveris
744 1145 959 1228 inhaerentis,
990 1144 1184 1230 generaliter

100 1270 149 1324 τες
163 1245 224 1332 τὴν
239 1245 454 1330 ἀκαθαρσίαν
465 1251 526 1311 τοῦ
577 1250 741 1313 universos
772 1248 812 1311 ab
841 1247 1022 1331 apostolicis
1055 1247 1185 1331 dogma·

118 1353 179 1414 τοῦ
201 1349 440 1434 κοίληθὲντος,
469 1371 526 1431 με·
576 1351 662 1416 tibus
695 1350 910 1433 declinantes,
946 1349 1097 1433 religiosa
1133 1349 1184 1413 de-

100 1473 206 1528 ·αντας
240 1449 320 1527 τούς
355 1447 421 1516 άπὸ
456 1454 526 1516 τῶν
576 1452 749 1518 testatione
778 1452 937 1521 damnate.
988 1455 1080 1518 Nulla
1106 1462 1185 1516 tene·
1198 1429 1284 1551 {⁰12¹

102 1558 152 1618 ῶν
179 1552 355 1638 δογμάτων
385 1549 526 1618 άποκίί-
577 1563 639 1622 bris
660 1577 727 1621 cum
748 1563 816 1620 luce
836 1561 1019 1633 communio,
1051 1576 1111 1619 nec
1133 1554 1187 1638 qui
1222 1540 1227 1565 ’
1267 1540 1272 1550 ’

100 1658 193 1739 σεβεί
205 1653 408 1739 άποκηρύξει
424 1678 524 1718 κατα·
566 1680 634 1743 per
655 1661 743 1722 recta
765 1657 883 1721 itinera
905 1656 1112 1742 gradiuntur,
1135 1676 1187 1719 ve-

121 1756 297 1842 ,,οόδεμία
333 1760 378 1842 τῷ
414 1756 527 1821 σκότει
577 1761 675 1846 stigia
697 1781 754 1823 sua
777 1781 848 1823 eum
864 1759 1187 1830 deviantiumerrore

100 1865 157 1936 τοῖς
179 1861 377 1941 κοινωνία,“
401 1855 479 1924 οὔτε
495 1859 529 1921 οί
578 1863 789 1947 conjungunt.
834 1861 1023 1926 Tenendum
1045 1863 1095 1924 est
1113 1860 1187 1942 fidei

100 1959 322 2028 ltacdvddeiv
337 1962 527 2046 βαδίζοντες
576 1964 740 2028 vinculum
762 1965 794 2027 et
815 1963 983 2027 vitandum
1004 1963 1043 2026 dc
1064 1962 1186 2046 perfide

100 2091 111 2127 ι
140 2069 214 2148 ἴχνη
243 2060 324 2149 μετά
351 2068 420 2128 τῶν
442 2061 525 2127 άπο-
577 2067 729 2132 societate
752 2065 952 2149 contagium3
977 2065 1052 2148 quia
1075 2085 1186 2129 seeun-

100 2192 106 2220 ι
143 2166 272 2249 πλάνης
304 2165 524 2231 συνάπτουσι.
578 2170 652 2232 dum
668 2166 846 2252 apostolum
858 2166 1122 2251 quemadmodum
1137 2174 1191 2247 qui

100 2270 145 2346 εὀς
187 2269 257 2334 ἐστὶ
292 2273 351 2351 τῆς
386 2271 528 2344 πίστεως
577 2293 609 2336 se
631 2276 773 2352 adjrrncit
791 2273 928 2347 Domino,
958 2291 1037 2334 unus
1061 2275 1187 2349 spr'ritus

100 2397 105 2443 t
138 2371 194 2435 καί
221 2371 423 2454 παραιτητέα
445 2367 465 2454 ἡ
489 2370 527 2435 ἐκ
577 2385 634 2451 est,
673 2381 716 2437 ita
752 2379 805 2452 qui
840 2377 988 2435 adhaeret
1023 2377 1184 2450 meretrici,

100 2497 141 2539 ου
156 2475 334 2549 κοινωνίας
350 2473 451 2557 λύμη,
476 2470 527 2537 ὅτι
577 2497 667 2541 unum
709 2495 821 2554 corpus
861 2477 1005 2551 efficitur.
1063 2474 1187 2538 Amant

102 2573 290 2641 ἀπόστολον
314 2572 379 2658 „dv
398 2574 525 2658 τρόπον
576 2579 710 2643 virtutes
740 2576 874 2661 collegia
901 2598 975 2659 sua,
1010 2579 1043 2641 et
1071 2576 1185 2642 adhae-

102 2681 324 2760 προσκολλιόν
345 2682 391 2764 τῷ
407 2681 524 2762 Κυρίῳ
577 2683 684 2745 rentes
720 2678 782 2743 sibi
823 2701 932 2744 secum
966 2679 1115 2764 impietas
1150 2680 1186 2744 in

100 2780 110 2845 ί
133 2780 242 2862 ἐστιν,
273 2777 381 2857 οὕτως
403 2777 421 2845 ὁ
445 2784 525 2844 κοί·
576 2782 735 2867 profunda
750 2781 917 2866 demergit.
945 2780 985 2845 In
1001 2785 1184 2866 conspectu,

103 2886 144 2967 τῇ
182 2882 291 2968 πόρνῃ
326 2883 363 2947 ἓν
395 2885 524 2964 γίνεται
576 2886 611 2948 in
634 2885 748 2966 ocuIiS,
771 2884 898 2967 inore,
927 2883 963 2947 in
984 2883 1063 2967 ipsis
1085 2884 1185 2948 mani-

100 2988 271 3068 ίγαπτόσιν
287 2985 325 3048 αί
336 2982 452 3068 άρεταὶ
467 2983 526 3061 τὰς
576 2988 635 3051 bus
656 2989 734 3051 sunt
753 2988 882 3071 patrum
903 2985 1071 3070 dogmata,
1104 3007 1185 3070 quae

100 3091 275 3168 εοινωνίας,
288 3083 524 3162 καὶτοδςκολ-
577 3088 783 3154 custodienda
809 3087 1013 3151 mandamus:
1044 3086 1185 3171 quotidie

124 3186 209 3273 αὐτῇ
242 3186 320 3273 μεθ’
355 3187 474 3272 ἑαυτῆς
504 3186 524 3273 ἡ
577 3212 635 3254 nos
663 3190 701 3254 ad
734 3189 1006 3254 conservationem
1034 3188 1083 3252 sui
1112 3209 1184 3252 eon-

100 3294 180 3376 ντῷ
202 3293 300 3376 βυθῷ
323 3293 525 3355 καταποντί-
579 3291 652 3357 cilia
673 3292 856 3356 veneranda
878 3291 1116 3376 constringimt.

100 3390 295 3477 ίφθαλμοίς,
320 3393 426 3478 ἐντῷ
449 3392 525 3457 στό-

100 3492 213 3571 αόταῑς
234 3505 307 3571 ταίς
328 3498 444 3578 χερσίν
462 3495 527 3559 είσι

100 3620 161 3678 ρων
183 3594 223 3661 τά
239 3596 398 3681 δόγματα,
422 3594 526 3681 δίφυ-

100 3698 312 3783 ιτείλόμεδα·
343 3697 423 3764 καθ’
448 3698 525 3764 ἑκά-

100 3827 105 3872 ,·
132 3795 194 3884 τὴν
217 3799 374 3886 φυλακὴν
396 3800 525 3868 ἑαυτῶν

100 3928 151 3967 ιαι
179 3902 320 3969 σύνοδοι
345 3907 526 3989 περισφίγ-

1202 2147 1315 2212 mort,

1203 2222 1289 2270 16.st
1324 2224 1327 2228 ’

102 4109 242 4191 ρηγορία
266 4109 336 4174 ἐστὶ
351 4105 431 4173 καθ’
447 4102 548 4174 decc-⁸
619 4110 649 4173 6.
679 4108 824 4193 Longtun
840 4111 889 4174 est
903 4109 1094 4194 singillatim
1116 4109 1184 4174 uni-

100 4233 128 4273 :a
145 4214 332 4294 φανεροῦν
358 4208 398 4275 τά
414 4216 472 4294 τῆς
487 4211 525 4277 ἐν
577 4233 668 4275 versa
701 4215 859 4276 retexere:
893 4209 1186 4277 Calchedonensem

100 4312 292 4394 ισυνόδου,
317 4303 393 4397 εὐῇ
407 4318 525 4379 πασῶν
577 4313 748 4398 synodum,
787 4314 822 4377 in
860 4336 922 4397 qua
958 4313 1101 4377 omnium
1136 4336 1184 4378 re·

100 4412 287 4497 τεριίχεται,
312 4413 396 4479 α’ίίά
412 4416 468 4479 καί
485 4413 525 4480 τά
576 4416 720 4480 verentia
742 4416 941 4499 continetur,
964 4414 1020 4478 sed
1042 4418 1075 4479 et
1090 4436 1184 4480 vene·

100 4516 371 4600 σεβασμιωτάτου
380 4516 526 4594 Λέοντος
575 4516 668 4580 randi
698 4517 814 4582 Leonis
856 4516 982 4601 prolata
1024 4517 1063 4580 de
1104 4517 1184 4601 ipsis

100 4616 163 4682 ’ντα
187 4619 220 4694 ἐξ
241 4617 343 4702 αὐτῆς
357 4624 425 4684 τῶν
441 4618 524 4685 άτιο-
576 4619 791 4703 apostolorum
850 4618 1044 4702 praecordiis
1092 4618 1183 4682 insti-

102 4723 141 4803 ῆς
177 4721 317 4800 καρδίας
349 4716 523 4806 ὁρίσματα,
575 4724 645 4784 tute
678 4724 710 4785 et
747 4743 840 4786 nosse
877 4742 936 4785 nos
969 4720 1121 4784 convenit
1152 4723 1184 4783 et

100 4844 168 4887 κειν
190 4818 275 4906 ἡμᾶς
290 4822 452 4906 προσήκει
468 4823 523 4886 καί
574 4823 667 4888 tueri.
733 4823 774 4887 In
814 4823 864 4887 his
904 4821 1056 4886 vexillum
1096 4820 1181 4903 fidei,

100 4929 126 4988 ἰν
142 4923 273 5009 τούτοις
287 4921 324 4988 τό
341 4925 523 5009 σεβάσμιον
573 4925 608 4990 in
635 4923 685 4990 his
719 4924 996 5021 propugnaculum
1025 4923 1181 5009 veritatis,
