3224 5506
264 332 327 397 578
737 342 762 389 s.
781 343 920 389 sarissa
944 340 1057 387 caena

266 522 370 581 nosse,
395 521 475 583 (puae
497 497 559 579 ipsi
582 497 621 559 de
644 518 701 558 sua
724 495 964 558 conversatione
987 493 1098 556 sentiri
1122 492 1261 576 propriis
1279 486 1406 557 vocibus
1427 492 1483 558 edi·

267 606 352 683 runt,
377 623 457 685 quae
479 621 554 662 vero
576 599 676 661 tacita
699 597 839 661 suntab
862 598 918 677 eiS,
948 595 1038 658 nulla
1063 595 1155 658 nobis
1178 595 1377 680 relinquetur
1400 595 1483 659 licen

266 703 499 788 perscrutandi.
1414 692 1420 698 ⁴

351 806 380 868 6.
419 804 480 867 Sed
499 804 568 886 jam
591 803 777 887 diligentius
801 801 1005 885 vestigemus,
1031 823 1087 864 eur
1108 803 1182 884 post
1203 800 1438 884 reparationem
1456 822 1483 884 q·

267 929 327 993 que
349 907 476 991 generis
499 905 630 968 humani
654 904 955 986 renovationemque
981 907 1127 984 naturae,
1157 924 1239 986 quae
1267 903 1306 966 lit
1333 924 1390 986 per
1416 903 1483 987 bap·

268 1010 362 1072 matis
385 1010 632 1089 sacramentum,
663 1028 728 1069 uon
751 1005 853 1068 salum
875 1004 954 1068 haec
979 1006 1056 1069 vitia
1080 1005 1208 1068 sublata
1230 1026 1296 1068 non
1318 1004 1463 1087 fuerint·

267 1113 352 1194 ipsos
375 1110 472 1180 etiam
494 1110 528 1171 in
551 1130 689 1192 magnae
706 1107 924 1170 continentiae
947 1108 1109 1190 preposito
1132 1107 1325 1170 constitutos
1349 1106 1415 1168 sive
1432 1106 1483 1170 ru'n

267 1214 334 1276 sive
360 1211 514 1295 amplum,
549 1214 646 1293 prout
672 1209 815 1293 quisquis
843 1209 950 1293 gratia
978 1209 1086 1272 divina
1115 1209 1324 1292 dispensante
1353 1209 1483 1293 profece

267 1319 376 1377 tamen
405 1313 558 1376 infestare
586 1335 651 1374 neu
679 1311 839 1391 desinant,
872 1333 927 1373 eur
953 1310 1066 1374 relicta
1088 1311 1171 1391 sint,
1203 1314 1316 1374 contra
1344 1333 1425 1394 quae
1445 1332 1482 1373 m

125 1431 255 1500 Epuas
270 1417 418 1499 religiosa
441 1417 616 1498 pugnarem
640 1416 672 1476 et
693 1413 770 1476 licet
788 1414 857 1496 jam
879 1420 991 1477 solanti
1007 1434 1066 1492 per
1085 1420 1174 1490 fidem
1191 1434 1282 1496 spem
1306 1411 1483 1495 redempti(

175 1517 252 1617 R0p1·
268 1517 541 1600 acceperimusll),
567 1514 669 1577 adhuc
693 1518 801 1578 tamen
825 1526 1032 1596 exspectetur,
1057 1515 1140 1578 sicut
1162 1514 1209 1577 ait
1224 1513 1400 1597 apostolus
1423 1522 1483 1577 reri

182 1590 252 1647 Μ’
266 1628 330 1699 plin
352 1626 491 1698 eorporis
513 1624 619 1698 aesna,
645 1620 677 1680 et
692 1641 788 1700 quum
803 1618 963 1702 mysteriis
986 1617 1176 1680 coelestibus
1189 1616 1260 1699 jam
1275 1617 1397 1680 renatis
1419 1616 1483 1701 pig

271 1723 313 1785 sit
335 1720 516 1804 adoptionis
539 1718 738 1802 ingenitum,
767 1720 962 1803 perficienda
993 1720 1143 1802 deinceps
1172 1719 1371 1782 sustineatur
1393 1717 1483 1802 adop

267 1827 304 1887 ut
326 1822 448 1886 scilieet
470 1819 690 1883 deficientibus
713 1822 826 1885 iisdem
848 1823 945 1906 vitiis,
971 1826 1082 1885 contra
1105 1843 1185 1905 quae
1209 1820 1301 1884 uobis
1325 1819 1359 1883 in
1381 1821 1483 1884 hoct

267 1948 344 2009 pore
367 1924 519 1988 continua
541 1922 704 1986 dimicatio
727 1927 785 2007 est,
817 1925 857 1987 ab
879 1925 940 1988 hae
968 1924 1161 1987 necessitate
1188 1921 1336 2003 liberati,
1365 1921 1446 2006 duod

267 2026 472 2109 suscepimus,
497 2026 578 2108 quod
602 2046 658 2107 spe
681 2027 845 2108 proposita
867 2027 1077 2089 sustinuimus
1085 2075 1093 2108 ,
1123 2025 1267 2109 ipsarum
1289 2045 1393 2087 rerum
1415 2023 1483 2087 des

268 2129 346 2191 ratis
370 2127 534 2190 affectibus
559 2148 780 2210 assequamur:
804 2131 961 2211 quamenus
984 2126 1044 2190 hae
1061 2128 1281 2191 incursionum
1303 2129 1393 2209 peste
1407 2148 1483 2210 pro.

196 2240 202 2247 '
268 2230 366 2311 exuti,
391 2229 566 2311 tranquilla
589 2251 714 2312 semper
736 2229 991 2292 sanctificatione
1014 2231 1172 2293 vivamus:
1197 2229 1280 2312 quod
1295 2227 1331 2292 in
1352 2228 1407 2291 illa
1426 2228 1483 2291 lul

268 2331 466 2395 beatitudine
488 2332 687 2414 promittitur
709 2353 777 2394 esse
801 2331 1033 2415 complendum,
1057 2353 1165 2415 quum,
1190 2331 1275 2394 sicut
1296 2329 1344 2392 ait
1365 2333 1483 2413 aposto

169 2417 464 2539 {fss13eor·t·nptibile
491 2439 547 2496 bec
577 2439 709 2496 induerit
731 2439 999 2512 incorruptionem,
1029 2445 1058 2496 et
1085 2439 1214 2497 morlole
1241 2438 1299 2497 leue
1326 2438 1461 2496 induerit

186 2510 209 2550 '⁵'
232 2523 491 2616 ‘'ineertalilutem,
516 2538 611 2617 atque
634 2535 772 2597 animale
795 2557 909 2617 eorpus
932 2534 1131 2618 spiritualem
1147 2534 1319 2617 sumpserit
1334 2533 1483 2619 dignitate

353 2637 383 2699 7.
407 2636 512 2719 igitur
535 2636 665 2699 dubium
688 2658 751 2698 nen
776 2640 824 2699 est
846 2637 1027 2721 superbiam
1044 2659 1139 2719 super
1153 2659 1249 2699 omne
1271 2658 1341 2700 esse
1355 2636 1483 2719 peccatu

172 2725 254 2847 53:5¹¹
269 2738 386 2821 quippe
409 2738 447 2799 de
469 2761 531 2820 <pra
558 2739 801 2820 scriptumest:
832 2745 955 2802 Initium
985 2745 1079 2801 eman·
1101 2745 1226 2817 peccari
1251 2744 1401 2818 superbie.
1442 2734 1483 2809 (lt

202 2820 254 2856 '⁰'
269 2843 396 2902 tantum
419 2838 537 2902 malum
560 2843 618 2922 est,
649 2843 685 2903 ut
711 2841 840 2923 singula
863 2861 960 2923 prave
983 2840 1069 2903 sacta
1091 2840 1126 2902 in
1148 2839 1209 2903 hoc
1232 2840 1313 2924 ipso,
1343 2839 1414 2924 quia
1432 2855 1483 2921 pra

269 2945 354 3024 sunt,
392 2944 584 3004 censeantur
606 2964 675 3004 esse
697 2941 896 3024 damnanda,
930 2941 1060 3024 solaque
1087 2941 1130 3005 sit
1152 2941 1314 3026 superbia,
1342 2939 1463 3026 quaest

268 3044 396 3129 benell)
419 3043 515 3107 factis
538 3042 715 3126 periculosa
737 3044 898 3106 doceatur.
929 3043 1019 3107 Ilaec
1043 3046 1101 3126 est,
1126 3065 1208 3126 quae
1231 3065 1299 3108 non
1321 3046 1437 3107 tantum
1453 3060 1475 3101 a

267 3145 331 3208 mal
353 3145 511 3208 rationale
539 3146 573 3207 in
605 3145 700 3208 terris
728 3146 868 3227 positum
897 3148 1044 3208 constare
1066 3167 1132 3208 nen
1155 3145 1245 3227 sinit,
1275 3146 1331 3210 sed
1358 3141 1483 3229 angelica

267 3268 397 3330 <proque
419 3246 536 3328 dejecit
558 3246 677 3309 infesta
699 3252 860 3311 naturam.
892 3245 977 3309 Nam
1000 3268 1096 3329 quum
1119 3245 1206 3310 Deus
1229 3248 1436 3331 amnipotens,
1459 3258 1483 3299 ί

267 3348 345 3411 lecit
366 3348 474 3410 omnia
496 3348 581 3411 bona
605 3347 705 3431 valde,
731 3351 847 3411 cuneta
869 3348 934 3411 suis
957 3349 1058 3411 modis
1081 3352 1114 3412 et
1136 3349 1289 3433 congruis
1304 3349 1449 3413 ordinibus

268 3450 382 3512 stitutn
405 3449 592 3529 condiderit,
617 3472 716 3533 eaque
738 3451 876 3533 propriis
892 3451 1085 3514 concesserit
1100 3449 1150 3513 vel
1165 3472 1297 3515 manere
1320 3451 1368 3515 vel
1381 3446 1483 3534 profic-¹

268 3571 360 3631 posse
381 3552 554 3614 mensuris:
584 3552 635 3615 hic
659 3551 842 3615 rationabili
867 3555 1031 3615 creaturae
1053 3552 1215 3635 subrepsit
1238 3553 1378 3635 affectus,
1399 3548 1483 3635 qni]

268 3653 316 3733 id,
347 3653 429 3734 quod
457 3653 621 3716 decentius
648 3654 736 3718 facta
766 3654 971 3736 consisteret,
1000 3653 1072 3737 plus
1102 3653 1192 3717 eide
1219 3656 1350 3743 propria
1375 3647 1483 3736 digest-³

269 3753 436 3835 confidere,
466 3777 561 3838 quam
584 3756 667 3819 sicut
687 3756 799 3818 modus
822 3755 890 3837 ejus
913 3756 1074 3839 poscebat,
1107 3756 1144 3819 de
1166 3756 1238 3840 ipso
1261 3756 1404 3821 collatore
1420 3749 1483 3831 dig

268 3855 344 3918 tatis
372 3856 523 3939 ingessit,
555 3861 651 3941 atque
678 3858 725 3919 ita
753 3856 847 3920 aliter
875 3856 1056 3940 appetenda
1084 3857 1134 3921 sui
1163 3857 1313 3922 culminis
1338 3852 1483 3921 firmitate

268 3978 363 4039 quma
388 3962 570 4040 competens
593 3959 661 4041 ejus
684 3959 763 4044 et²⁵l
787 3958 903 4021 decens
926 3981 1038 4023 norma
1057 3958 1244 4043 requireret,
1268 3959 1483 4035 feeitempr·

267 4060 317 4119 ter
339 4059 482 4122 ordinem
504 4061 684 4124 naturalem
708 4061 864 4144 cupiendo
886 4060 1053 4145 fastigium
1075 4061 1182 4124 meriti
1205 4061 1338 4144 potioris
1357 4068 1483 4137 erum?e

267 4160 326 4234 eui
356 4183 502 4224 excessus
529 4164 639 4246 utique
674 4163 757 4227 sicut
789 4166 913 4226 reatum
939 4162 1052 4226 intulit
1086 4162 1265 4246 excedenti,
1299 4163 1345 4228 sic
1371 4148 1483 4245 juncia

334 4381 366 4447 ²³)
385 4381 418 4433 G¹
438 4387 593 4449 acceperint.
621 4381 740 4449 Moxque
754 4381 822 4436 editi
834 4389 953 4437 coritiana
965 4387 1125 4437 dimicatione
1137 4387 1182 4444 ab,
1202 4385 1301 4438 eontra
1312 4383 1344 4438 θ’
1357 4374 1438 4436 ellel
1460 4361 1483 4428 (ἓ

334 4467 366 4531 ²¹)
384 4465 492 4518 Eadem
509 4465 659 4530 sententia,
683 4482 754 4532 quae
777 4467 889 4535 quidem
911 4465 1067 4535 Augustino
1089 4466 1236 4522 familiaris
1259 4469 1311 4534 est,
1332 4467 1367 4521 sie
1385 4463 1469 4518 sb0⁰

268 4549 324 4600 nat.
343 4550 372 4601 et
389 4552 462 4617 grat.
483 4567 504 4602 e.
519 4556 550 4603 27
570 4550 742 4603 enuntiatur:
768 4557 859 4605 Cetera
877 4557 941 4604 enim
958 4557 1019 4604 sitin
1036 4562 1132 4605 tantum
1150 4557 1176 4606 r’n
1194 4561 1259 4608 male
1274 4559 1351 4621 saeris
1365 4553 1437 4607 wlede
1465 4545 1483 4580 ⁸

268 4641 349 4683 canens
365 4636 486 4700 sreperbr'a
504 4640 577 4685 etiam
594 4640 620 4686 in
639 4647 709 4688 reete
724 4641 803 4702 [iretis
821 4642 941 4689 canenda.
971 4635 1051 4689 Unde
1069 4635 1166 4704 liquet,
1184 4654 1255 4706 non,
1273 4639 1305 4692 ut
1321 4636 1390 4708 prins
1402 4625 1483 4693 WU'

269 4715 422 4784 serebatur,
440 4722 580 4784 benefactis
599 4720 664 4785 (uuo
682 4720 778 4789 verbe)
796 4721 841 4773 hie
858 4721 1007 4789 legendnm
1026 4738 1094 4775 esse.

334 4801 367 4867 ²⁵)
385 4800 459 4853 Editi
478 4801 567 4855 omitt.
587 4814 613 4855 ee
634 4806 662 4856 et
683 4805 781 4873 postea
798 4811 835 4857 sle
858 4806 934 4872 (riute
955 4811 1022 4872 facer·
1038 4807 1140 4873 esseut).
1178 4806 1289 4862 Deinde
1311 4800 1418 4862 scribunt
1432 4802 1483 4849 θ)

267 4895 377 4943 caretur,
1233 4886 1240 4899 ‘
