3204 5506
614 397 619 408 .
690 366 718 413 S.
735 364 942 412 noriculsnnn
964 363 1078 410 PAPAE

762 552 942 655 Epistola
967 553 1027 636 96.

120 692 252 829 &3⁵35
391 707 603 773 llorrntsdau
625 722 734 789 papae
757 705 799 770 ad
824 705 1042 773 (larinanurn
1064 707 1187 774 virum
1210 706 1403 772 illustrem.

296 850 349 899 Pro
367 850 458 912 officiis
477 848 609 898 Ecclesiae
625 849 758 911 praestitis
778 848 879 912 pruillas
895 863 985 912 opens,
1009 864 1111 897 cansam
1131 847 1218 906 Elius,
1247 847 1355 898 Thomas
1372 854 1396 897 el
1412 848 1475 899 roo
1506 848 1559 912 plu

704 933 782 982 strati
799 934 910 997 impense
928 935 1092 984 commendat.

413 1066 622 1130 Hormisda
645 1065 840 1130 Germano
862 1066 949 1130 viro
971 1066 1301 1150 illustrissimo¹).

346 1185 590 1249 Excribantibus
612 1185 701 1248 vobis
722 1184 881 1268 probabili
904 1206 962 1268 pro
985 1185 1202 1249 ecclesiastica
1221 1206 1303 1268 pace
1318 1187 1509 1270 propositoet

262 1292 354 1352 tauto
376 1288 450 1351 fidei
474 1287 577 1350 calore
600 1286 798 1351 ferventibus
814 1287 991 1370 gratiarum
1015 1288 1098 1359 actio
1120 1287 1190 1350 sola
1211 1309 1280 1350 nen
1302 1287 1434 1371 sufficit3
1453 1291 1511 1374 quis

262 1413 320 1454 nec
336 1413 391 1453 vos
406 1390 565 1453 liuimanae
580 1389 684 1451 laudis
698 1389 923 1472 praerogativa
938 1388 1101 1472 sollicitat,
1121 1390 1175 1453 sed
1192 1388 1323 1453 divinae
1339 1393 1512 1474 exspectatio

261 1491 481 1556 retributionis
502 1491 691 1555 inflammat.
737 1490 826 1565 Quod
849 1490 949 1573 igitur
971 1491 1109 1554 maxime
1132 1490 1304 1574 debemus,
1334 1492 1511 1574 exsolvimus,

261 1597 293 1657 et
321 1593 424 1657 Deum
455 1597 617 1674 nostrum,
653 1593 741 1675 cujus
770 1615 824 1656 vos
856 1592 958 1655 causis
986 1593 1189 1676 impenditis,
1223 1615 1283 1676 pro
1313 1594 1512 1659 incolumitate

261 1700 367 1759 vestra
390 1696 531 1776 quotidie
553 1695 777 1778 deprecamur,
808 1697 976 1777 rogandae,
1003 1698 1040 1758 ut
1061 1696 1202 1758 studium
1224 1697 1368 1758 vestmm
1390 1695 1423 1759 in
1443 1696 1512 1761 omni

260 1820 318 1882 pro
341 1797 575 1862 ecclesiasticae
597 1796 732 1860 unitatis
755 1798 871 1859 affectu
893 1800 985 1878 parta
1013 1797 1059 1860 sic
1086 1798 1226 1878 ferveat,
1256 1800 1295 1859 ut
1322 1797 1429 1861 nullus
1453 1799 1512 1862 boni

261 1901 461 1984 relinquatur
482 1900 569 1963 locus
592 1898 700 1980 oflicii,
724 1898 779 1961 ubi
800 1920 866 1961 non
881 1900 1025 1981 paternis
1040 1898 1160 1983 regulis
1175 1902 1304 1963 vestrae
1319 1900 1514 1982 patrocinium

261 2002 456 2066 clefonsionis
485 2001 623 2065 assistat.
668 2000 843 2083 Praecipue
868 2002 977 2064 tamen
1005 2000 1113 2083 Eliso,
1143 2000 1288 2064 'thomae
1317 2005 1412 2084 atque
1437 2000 1514 2065 Nico

260 2104 354 2168 strati
377 2104 515 2167 fratrum
537 2107 569 2166 et
592 2102 850 2185 coepiscoporum
872 2105 1053 2165 nostrorum
1076 2125 1172 2166 causa
1191 2124 1251 2166 nos
1267 2108 1452 2186 commovet,
1471 2104 1522 2188 qui

262 2207 357 2289 primi
383 2206 502 2270 mundo
530 2205 744 2268 necessariam
775 2206 875 2267 secuti
910 2204 1128 2288 concordiam,
1162 2206 1374 2270 ecclesiarum
1405 2229 1515 2271 suarum

260 2309 440 2392 privatione
462 2307 617 2391 perculsi,
649 2328 721 2369 cum
743 2305 974 2369 venerabilium
995 2328 1118 2390 quoque
1147 2328 1310 2371 cationum
1340 2308 1515 2373 contumelia

260 2411 497 2493 deprimuntur,
527 2410 625 2492 fitquc
648 2407 710 2471 illis
732 2408 880 2490 propriae
905 2408 1176 2472 reconciliationis
1199 2409 1306 2493 gloria
1329 2433 1426 2474 causa
1447 2401 1517 2474 ditii-

261 2512 345 2593 cilis,
375 2511 465 2595 quasi
487 2511 548 2594 ipsi
572 2510 675 2591 magis
697 2510 856 2592 pertinaci
878 2514 986 2574 mente
1008 2510 1203 2593 restiterint,
1233 2516 1268 2575 et
1290 2512 1364 2575 aliis
1385 2513 1425 2576 ad
1446 2513 1517 2576 sedis

261 2612 454 2697 spostolicae
482 2612 687 2676 redeuntibus
715 2613 874 2675 unitatem
902 2611 962 2695 ipsi
989 2611 1153 2676 Ecclesiae
1175 2613 1283 2698 magis
1304 2614 1447 2678 membra
1465 2615 1518 2678 dis·

260 2716 448 2799 serpserint.
500 2713 590 2789 Quod
623 2736 720 2797 quiam
752 2714 845 2776 nobis
880 2714 993 2777 durum
1022 2714 1065 2777 sit
1096 2737 1255 2799 quamque
1290 2715 1519 2781 clementissimi

261 2818 457 2900 temporibus
495 2815 696 2899 imperatoris
732 2815 917 2898 indignum,
962 2816 1167 2899 prudentiam
1205 2821 1347 2881 vestram
1383 2819 1520 2882 convenit

260 2921 444 3001 aestimare,
476 2921 509 2983 et
530 2919 661 2982 tandem
683 2922 847 3001 praestare
868 2919 1058 3001 remedium,
1088 2919 1172 3002 quod
1198 2919 1383 2984 stillarum
1407 2919 1520 2984 labores

259 3025 292 3086 et
313 3024 457 3086 nostram
480 3023 573 3104 grato
596 3022 697 3103 possit
719 3019 873 3083 solamine
895 3021 1021 3083 auferre
1043 3020 1249 3085 moestitiam.

765 3223 946 3325 Epistola
972 3224 1030 3307 97.

125 3360 149 3396 a.
161 3350 209 3398 519
223 3344 241 3396 d

132 3420 161 3464 13
175 3388 248 3466 pcc]
389 3377 600 3445 Hormisdou
624 3394 734 3461 panum
757 3376 801 3442 ad
825 3375 1042 3443 Germanum
1064 3379 1224 3460 altosqno
1248 3380 1399 3464 legatos.

294 3520 360 3579 roid
376 3521 408 3569 de
425 3520 548 3569 lobannis
566 3521 644 3582 lepori
660 3520 739 3567 coede
756 3519 863 3583 cjrrsque
881 3519 988 3582 hospitis
1005 3534 1065 3568 nece
1078 3520 1200 3576 audierit,
1218 3523 1381 3584 perstringit.
1413 3523 1492 3572 Doro·

296 3605 366 3653 theros
388 3607 522 3668 episcopus
544 3611 569 3653 et
588 3605 717 3654 Aristides
736 3603 874 3668 presbyter
896 3603 1127 3654 Thessalonicensis
1148 3605 1252 3654 Itomcm
1273 3607 1420 3665 mittantur,
1448 3607 1495 3672 ipsi

409 3706 469 3740 aero
487 3690 565 3752 lepori
581 3705 664 3738 rernm
683 3691 786 3739 oninium
802 3696 930 3752 pectorum
947 3693 1048 3753 plenam
1065 3690 1213 3740 relationem
1231 3689 1379 3742 extuberent,

411 3821 625 3886 Hormisda
653 3822 848 3886 Germano
881 3825 919 3885 et
945 3822 1122 3886 Johanni
1154 3822 1374 3908 episcopiS,
1407 3823 1521 3888 Felici

505 3927 542 3988 et
564 3924 753 3988 Dioscoro
779 3924 977 4007 diaconiS,
1009 3928 1047 3988 et
1070 3923 1221 3988 Blando
1244 3925 1520 4009 presbyteras

347 4047 373 4107 1.
407 4043 510 4118 Quum
534 4065 591 4106 iios
614 4043 846 4107 ecclesiasticae
869 4031 1232 4128 prosperitatis'gaudia
1253 4043 1470 4126 sublevarent,
1493 4048 1520 4108 et

259 4169 357 4230 prope
384 4145 515 4229 plenum
542 4145 659 4208 laboris
687 4145 784 4209 vestri
811 4147 952 4209 fructum
979 4145 1119 4228 ‹puootidie
1149 4166 1369 4229 carperemus,
1400 4151 1519 4232 repente

259 4271 317 4312 nos
333 4249 465 4311 inimica
481 4248 629 4330 universi,
654 4236 886 4331 quao'votive'2)
902 4251 1109 4331 successerat,
1128 4247 1215 4310 fama
1232 4249 1419 4312 confundit:
1441 4249 1518 4330 cujus

258 4507 290 4554 ao
327 4505 346 4569 ¹)
366 4501 455 4566 Quum
474 4501 660 4556 lastinianum
679 4508 799 4556 illustrem
817 4503 846 4555 in
864 4502 983 4572 epistola
1001 4500 1136 4571 superiori
1154 4503 1183 4555 et
1199 4501 1262 4556 aliis
1279 4519 1441 4574 nuncupare
1460 4503 1517 4556 llor-

258 4586 347 4640 misda
365 4587 432 4640 satis
449 4587 566 4653 habeat,
584 4587 652 4641 illud
670 4595 837 4642 illustrtssr'mo
857 4588 917 4642 sola
928 4589 1025 4641 noted
1042 4603 1202 4656 expressum
1221 4586 1303 4641 unius
1321 4588 1429 4643 librarii
1445 4587 1517 4642 inter·

259 4671 412 4739 pretationi
431 4672 526 4725 dcbcri
546 4672 664 4740 suspicio
683 4676 733 4727 est.
777 4678 923 4726 Germanum
941 4671 1036 4725 fratris
1052 4670 1201 4726 iustiniani
1224 4672 1314 4726 filium
1331 4673 1416 4727 tuisse
1433 4674 1517 4727 l‘rooo

257 4755 319 4824 pius
338 4757 399 4811 hist.
420 4774 474 4810 arc.
495 4774 554 4826 cap.
575 4765 590 4811 5
609 4759 637 4810 ct
655 4757 721 4810 alibi
740 4758 828 4811 docet.

257 4847 289 4893 bl
327 4845 346 4899 ¹)
366 4843 417 4895 Per
435 4842 555 4893 Leonem
574 4841 737 4895 transmissa
756 4845 810 4907 ost,
830 4842 868 4895 uti
886 4843 969 4895 fidem
987 4842 1054 4896 facit
1072 4840 1189 4911 epistola
1209 4848 1265 4900 110.

326 4929 347 4992 ²)
366 4925 447 4994 Vulg.
467 4938 580 4994 repense.
622 4927 792 4980 Revocemus
814 4933 892 4981 oollae
912 4944 944 4980 ex
964 4927 1012 4994 (3¹,
1033 4927 1062 4980 in
1084 4943 1138 4995 quo
1161 4943 1247 4995 quum
1270 4927 1374 4982 deinde
1397 4928 1516 4998 sequatur
