3204 5506
511 378 681 428 ueisncun
706 372 735 426 a.
1195 364 1257 431 685

612 534 637 598 Ι.

96 637 110 696 t.
148 638 232 698 Bene
253 640 372 714 quidem
390 639 577 712 fraternitas
599 647 709 713 uestra,
739 642 948 701 ecclesiasticis
969 641 1083 714 lepidus
1104 643 1254 714 obsecuta,

97 741 167 800 irini
186 743 290 801 timore
304 744 428 817 judicii,
453 761 531 819 quac
552 749 641 802 erant
655 744 825 816 statuenda,
851 744 993 816 definivit,
1019 750 1047 802 et
1062 744 1105 801 ad
1117 745 1257 817 justitiae

97 839 189 925 um¹⁸)
208 847 361 920 persenit,
390 847 460 905 dunt
481 848 671 922 sufficienter
694 847 833 905 uniuersa
854 847 1071 920 complectitur.
1116 845 1180 905 Nec
1202 847 1256 904 ad-

97 946 259 1020 uindicet
276 949 444 1026 plenitudo,
473 951 605 1007 inanime
627 949 664 1005 ae
685 948 814 1018 clericis,
844 963 916 1021 quos
938 963 1023 1007 amor
1045 949 1257 1008 dominationis

97 1054 105 1105 t
124 1056 154 1108 et
167 1050 278 1122 jupam
301 1051 480 1125 disciptinae
500 1051 721 1109 ecclesiasticae
736 1048 815 1120 fecit
830 1066 980 1124 respuere,
1004 1067 1078 1124 qnos
1088 1056 1256 1126 propterea

97 1149 250 1222 infecisse
271 1152 357 1228 apud
377 1168 429 1210 vos
450 1154 588 1211 constitit.
638 1151 747 1222 Ouidius
769 1154 1004 1211 misericordiam
1027 1161 1135 1226 tamen,
1166 1168 1255 1226 qaam

98 1253 221 1312 mandat
242 1255 389 1314 uniuersis
416 1256 557 1329 impendi,
588 1256 663 1313 sicut
685 1257 828 1329 oportuit,
858 1271 915 1313 non
939 1251 1124 1332 nepastisw),
1155 1257 1183 1313 si
1202 1255 1255 1314 du·

98 1357 193 1415 cordis
220 1373 321 1416 eorum
350 1373 408 1415 non
434 1357 495 1436 'sibi
521 1359 662 1430 acquirat
686 1373 830 1431 poenam,
867 1358 936 1416 dum
963 1359 1127 1416 contemnit
1154 1357 1255 1415 oblata

98 1459 136 1516 io.
183 1457 313 1527 Quorum
336 1474 474 1517 excessus
494 1474 645 1516 enarrare
673 1459 802 1534 difficile
829 1465 890 1527 est,·
919 1475 1008 1519 unum
1031 1466 1145 1536 tamen,
1175 1459 1257 1532 quod

98 1561 135 1634 u,
159 1562 333 1620 uenerando
356 1562 458 1619 ordini
477 1567 575 1619 oestro
596 1562 736 1619 intimare
758 1577 818 1620 non
841 1561 962 1635 differo.

102 1706 108 1718 .
142 1662 294 1757 Diafcrunt
321 1665 400 1723 inter
427 1664 505 1734 alia,
540 1665 723 1750 scripturam
752 1664 915 1737 quamdam
945 1664 1071 1723 illustris
1097 1664 1256 1721 memoriae

98 1780 142 1823 um
165 1767 253 1839 quasi
268 1781 330 1841 pro
352 1767 573 1824 ecclesiasticae
587 1781 690 1823 amore
704 1766 888 1825 substantioe
902 1767 1123 1839 conscripsisse,
1148 1768 1179 1824 in
1195 1780 1255 1837 qna

115 1867 271 1926 Romanae
301 1867 446 1926 ecciesiae
478 1883 532 1925 nec
564 1866 703 1938 interfuit
736 1883 791 1926 nec
818 1868 992 1940 subscripsit
1025 1871 1160 1940 antistes,
1197 1882 1256 1940 per

103 1970 248 2042 potuisset
273 1971 378 2029 sortiri
408 1970 569 2042 tepitimam
600 1971 782 2040 firmitatem.
835 1966 993 2045 Tamcn'20)
1027 1985 1064 2027 ne
1097 1984 1152 2042 epo
1186 1967 1256 2026 inde

99 2086 154 2143 em,
185 2073 264 2130 unae
283 2078 381 2144 potest
402 2078 528 2130 oestrum
546 2071 695 2143 judicare
722 2072 896 2129 concilium:
923 2072 1100 2145 requiratur
1121 2077 1149 2129 et
1171 2068 1254 2140 dese-

104 2175 133 2231 in
156 2174 298 2246 medium,
329 2180 361 2232 ut
381 2175 508 2232 tectione
535 2173 720 2247 apnoscatis,
751 2172 924 2246 cujusmodi
936 2174 1035 2246 possit
1057 2172 1168 2230 babere
1188 2172 1254 2230 sub·

99 2290 145 2333 tm.

101 2375 196 2435 ancta
219 2371 357 2456 synodus
379 2372 558 2456 respondit:
582 2377 749 2449 Deseratur
764 2379 794 2436 in
810 2378 949 2450 medium,
974 2384 1007 2436 ut
1023 2377 1193 2452 cujusmodi
1204 2378 1252 2451 sit,

107 2481 238 2553 apnosci.
285 2474 329 2538 Et
351 2474 425 2539 dum
448 2475 576 2558 diceret,
600 2473 772 2539 Hormisda
794 2475 946 2538 diaeonus
970 2475 1125 2538 recitavit.

604 2628 647 2693 II.

416 2749 631 2832 Exemplar²¹)
654 2717 838 2830 scriptarao.

100 2934 106 2947 .
144 2884 248 2960 Quum
276 2885 308 2948 in
332 2883 553 2970 Mausole022),
583 2884 664 2969 quod
693 2889 741 2949 est
768 2885 851 2968 apud
878 2885 1097 2950 beatissimum
1124 2886 1254 2951 Petrum

111 3156 146 3210 Fi
164 3165 264 3212 culmen.
305 3157 369 3211 Mox
387 3158 420 3211 E²
438 3165 544 3211 maxime
561 3177 613 3212 cnm
631 3164 674 3219 rie,
702 3173 734 3209 ac
752 3155 851 3210 deinde
869 3157 905 3210 H*
923 3164 991 3226 quod
1008 3179 1077 3212 amor
1100 3161 1128 3212 et
1151 3159 1255 3212 omittit

103 3263 204 3310 spuere.
240 3243 261 3295 F
263 3246 274 3279 ⁶
294 3243 381 3296 omitt.
402 3250 472 3312 apud
488 3265 539 3297 aas.

111 3325 159 3381 Uti
171 3327 252 3381 fidem
265 3328 332 3382 facit
344 3327 468 3397 superius
482 3328 660 3381 constitutum
678 3343 726 3380 seu
745 3325 823 3395 epist.
839 3333 853 3380 ὃ
872 3345 897 3381 n.
911 3335 949 3392 11,
972 3328 1043 3381 unde
1063 3331 1091 3381 ct
1104 3328 1253 3395 conficitur,

101 3412 197 3466 liunde
216 3415 332 3480 constat,
349 3431 449 3483 nempe
467 3414 520 3467 hoc
537 3414 655 3467 alterum
674 3411 853 3466 constitutum
871 3411 917 3466 illo
937 3429 994 3467 esse
1011 3411 1156 3482 posterius.

112 3498 156 3551 Ita
172 3497 204 3550 ΒΙ
218 3498 252 3550 Fi
266 3499 358 3567 (K¹²?).
397 3499 430 3550 E²
443 3499 475 3551 F²
487 3499 513 3551 H
525 3502 548 3553 c'
563 3499 590 3551 h¹
611 3503 649 3551 Nc
668 3518 714 3565 epo
733 3497 771 3563 (h¹
786 3500 858 3565 erpo)
877 3504 944 3561 inde,
964 3502 989 3551 0²
1001 3513 1057 3564 aeq.
1074 3503 1112 3552 Ne
1130 3519 1189 3554 uero
1207 3520 1254 3567 epo

101 3594 202 3650 sputum,
220 3590 267 3638 sed
284 3596 310 3637 ut
327 3591 408 3652 possit
479 3590 618 3648 referatur,
638 3600 669 3637 ac
688 3599 751 3635 mox
770 3585 793 3636 οι
813 3589 986 3638 constantiam.

111 3667 218 3721 Titulus
244 3668 301 3734 hic,
330 3668 358 3722 in
381 3669 502 3739 vulgatis
523 3667 740 3738 praetermissus,
763 3669 908 3723 revocatur
927 3685 959 3722 cx
977 3686 1040 3721 mss.
1080 3668 1111 3722 In
1128 3669 1163 3722 Ε2
1180 3667 1253 3724 idem

102 3752 139 3806 sic
160 3754 311 3823 profertur:
340 3759 482 3823 Eaemplnr
504 3760 584 3823 ipsine
606 3760 792 3807 constitutionis
813 3760 906 3821 spicarii
927 3763 1080 3807 recensetur.
1126 3753 1255 3808 Subnexa

102 3855 130 3891 ra
146 3840 209 3907 post
227 3838 497 3908 obitum·Simplicii,
525 3857 609 3908 quum
623 3839 682 3907 jam
708 3839 794 3893 clerus
817 3840 897 3892 utens
915 3838 979 3907 jure
1001 3854 1050 3892 sno
1068 3855 1254 3893 successorem

102 3923 174 3991 igere
192 3926 326 3978 tentasset
349 3941 381 3978 ac
403 3925 475 3979 forte
499 3924 571 3978 circa
592 3925 739 3977 facultates
762 3923 893 3978 ecclesiae
920 3922 1062 3992 quidpiam
1090 3923 1252 3990 ordinasset,

102 4025 120 4062 e
138 4025 211 4061 anno
228 4015 278 4064 483
300 4009 373 4063 circa
394 4008 503 4062 initium
520 4009 614 4062 Martii
636 4009 781 4078 proposita
802 4009 861 4061 fuit.
899 4007 953 4062 Sed
973 4007 1104 4062 Odoacris
1125 4007 1255 4078 petitioni

106 4110 191 4162 opera
208 4093 368 4162 propositae
387 4095 490 4149 clerum
508 4096 672 4159 Romanum,
691 4093 910 4162 nominatimque
929 4093 1078 4157 Gelasium,
1106 4093 1152 4160 qui
1170 4092 1254 4146 Felici

102 4176 131 4242 it,
148 4176 335 4233 intercessisse
349 4179 410 4247 jam
422 4179 489 4233 alibi
502 4179 653 4233 observavi.
682 4179 778 4247 Neque
797 4178 869 4231 enim
887 4178 942 4232 alio
955 4178 1052 4232 referri
1064 4178 1169 4245 queunt
1185 4177 1255 4230 haec

102 4263 169 4316 erbo
187 4263 266 4333 epist.
279 4269 311 4317 ‘lb
330 4282 355 4316 n.
372 4272 414 4317 11:
440 4285 484 4318 nos
507 4285 603 4333 quoqne
623 4268 734 4317 Odoacri
755 4268 866 4317 barbara
887 4268 1015 4316 haeretico
1039 4283 1140 4330 reputem
1159 4266 1253 4316 Italiae

103 4354 166 4406 enti,
186 4371 257 4418 qnam
269 4356 354 4419 aliqua
368 4371 416 4404 non
428 4355 548 4413 sarrienda
566 4356 737 4417 praeciperet,
757 4352 811 4401 Deo
824 4360 972 4415 praestante
985 4355 1125 4401 nullatenus
1135 4355 1254 4416 paruisse

103 4445 150 4486 tecm
168 4445 214 4490 cst.
250 4433 321 4488 Sane
347 4435 375 4488 in
401 4434 487 4503 ipsius
511 4434 613 4488 Gelasii
643 4436 672 4487 ct
694 4432 833 4487 Anastasii
856 4431 1047 4500 Symmachive
1075 4431 1254 4487 electionibus

103 4517 237 4586 ujusmcdi
259 4536 306 4573 rex
330 4520 382 4573 sibi
400 4519 556 4574 vindicavit,
594 4519 648 4573 Sed
675 4536 760 4587 quum
782 4517 878 4571 Festus
900 4517 1015 4586 ejusque
1037 4516 1165 4571 factionis
1187 4517 1254 4570 socii

103 4603 240 4657 dinationc
264 4604 405 4659 Laurentii
431 4623 481 4659 nec
505 4604 661 4674 Symmachi
689 4602 864 4658 accusatione
889 4600 1042 4671 quidquam
1064 4601 1254 4671 profecissent,

103 4706 131 4741 m
149 4706 167 4742 a
183 4687 345 4758 pontificatu
364 4690 526 4759 dejicerent,
546 4707 645 4744 novam
663 4690 735 4744 hanc
752 4690 897 4741 moverunt
914 4686 1083 4754 machinam,
1106 4688 1137 4741 nt
1155 4687 1253 4741 saltem

103 4791 125 4826 n
143 4772 169 4826 ei
187 4774 261 4843 apud
279 4792 383 4844 regem,
402 4775 445 4828 cui
462 4778 570 4829 tantum
589 4775 718 4841 debebat,
737 4774 866 4829 tacerent.

109 4858 153 4911 Ita
170 4857 203 4910 Β1
219 4859 251 4911 Ι1η
264 4859 297 4911 Fd
310 4861 369 4926 K¹23
404 4860 451 4915 alii
474 4878 539 4915 vero
564 4867 621 4915 Cam
643 4869 668 4914 in
687 4882 759 4914 ttnttm
781 4866 851 4929 repud
872 4876 904 4912 aa
926 4877 989 4914 mox
1013 4859 1083 4914 F⁶0¹
1108 4865 1252 4915 resedisset.

104 4948 282 5012 ²temporibus
292 4952 464 5000 Vanacini-um
481 4946 585 5012 inserit,
604 4947 696 5001 nescio
715 4963 769 5015 qno
781 4946 851 5000 loco.
879 4945 1070 5014 Feoaouacra,
1089 4945 1126 4998 H‘³
1136 4948 1252 5012 Odopris.

1269 561 1293 599 a.
1305 551 1363 600 bon.
