3204 5506
555 121 558 126 ·
609 113 809 163 cancarrus
832 117 855 163 1.
1303 103 1365 169 517

13 308 22 329 ,
110 227 257 352 taboram,
279 230 454 333 catholicus
482 290 501 331 a
524 267 689 332 catholicis
709 268 876 333 ordinatur
898 269 1075 354 episcopus.
1121 269 1181 346 Qui
1208 273 1366 355 quamde

13 399 41 454 g,
126 363 330 436 fineretudine
355 371 511 454 majorum
535 370 803 455 adapostolicam
827 370 934 435 sedem
957 372 1109 456 synodica
1131 395 1188 457 per
1210 374 1365 439 isidorum

127 470 321 556 presbyterum
355 475 387 537 et
413 471 544 536 Petrum
573 472 741 536 diaconum
777 473 896 557 scripta
932 473 1086 556 misisset,
1122 477 1365 559 superveniente

130 557 224 640 Urania
244 575 420 660 subadjuva
447 578 479 638 et
502 578 613 639 contra
635 573 818 638 ,Iohannem
837 576 906 658 jam
929 577 1112 660 episcopum
1135 600 1225 642 sacra
1247 580 1364 663 princi-

124 667 166 753 pis
186 676 357 760 deferente,
393 677 433 740 ah
462 677 663 761 episcopatus
695 677 780 740 illius
811 678 1052 742 confirmatione
1080 702 1165 763 papa
1194 702 1364 765 suspensus

122 779 168 841 en.
201 779 240 844 Et
261 780 336 864 qnia
357 780 392 843 in
414 779 526 842 iisdem
549 781 647 844 sacris
670 779 709 842 dc
729 779 925 843 restituendo
941 779 1047 863 Petro,
1072 803 1165 865 quem
1187 782 1255 867 ipse
1278 785 1364 847 dam-

114 882 203 965 narit,
230 881 353 946 fecerat
373 882 578 963 mentionem,
608 880 688 944 haec
716 903 790 964 pars
815 881 946 945 omnino
975 885 1024 945 est
1052 882 1224 967 abnegata.
1270 885 1363 950 Unde

110 982 225 1049 videtur
247 983 513 1048 clementissimus
537 984 709 1067 imperator
731 983 879 1047 offensus.

188 1088 234 1150 n.
280 1085 382 1162 Quum
412 1109 487 1172 ergo
511 1089 641 1150 sanctae
663 1086 834 1149 memoriae
857 1108 960 1171 papae
985 1085 1141 1170 Simplicii
1165 1088 1245 1152 nihil
1267 1091 1363 1155 toties

98 1189 139 1253 ad
163 1188 316 1253 Acacium
339 1191 413 1252 ante
422 1189 462 1274 ³³)
491 1189 612 1252 directa
634 1191 766 1272 propter
789 1188 1026 1253 Alexandrinae
1050 1189 1202 1255 ecclesiae
1224 1192 1363 1276 quietem

95 1295 129 1356 ct
154 1290 330 1356 catholicae
352 1292 425 1355 fidei
448 1291 667 1376 integritatem
692 1291 812 1374 scripta
842 1291 1045 1374 proficerent,
1075 1294 1258 1376 supervenit
1280 1296 1363 1360 idem

92 1394 227 1479 fugiens
249 1396 380 1458 sanctus
401 1394 566 1457 Johannes
590 1394 767 1477 episcopus,
797 1393 861 1477 qui,
890 1394 973 1457 sicut
995 1393 1138 1476 decebat,
1169 1397 1209 1460 ab
1239 1402 1363 1481 aposto-

89 1495 160 1560 lica
187 1495 261 1559 sede
294 1500 458 1579 susceptus
489 1499 546 1558 est.
592 1495 677 1559 Nam
712 1499 743 1558 et
770 1497 890 1579 priores
926 1496 993 1578 ejus
1023 1496 1170 1561 similiter
1199 1497 1362 1564 Romanae

12 1654 15 1659 .
88 1596 419 1681 ecclesiastempore
447 1597 676 1682 persecutionis
704 1598 877 1682 suffugium
905 1603 1129 1682 poposcerunt.
1175 1599 1280 1684 Hujus
1309 1602 1363 1665 ad-

11 1778 15 1783 ·
88 1702 212 1764 sentus
232 1699 358 1783 plenius
380 1701 529 1779 universa
557 1699 721 1783 patefecit.
766 1699 823 1764 Oui
852 1699 926 1762 dum
954 1700 1064 1764 Aeacii
1094 1701 1214 1785 scripta
1242 1703 1360 1788 legere·
1423 1748 1429 1755 ·

86 1823 175 1883 mus,
209 1822 290 1885 quae
319 1802 356 1865 de
384 1801 479 1866 Petro
509 1805 541 1866 et
568 1802 718 1866 iohanne
749 1800 1009 1887 Antiochenis³⁴)
1037 1802 1185 1885 miserat,
1215 1826 1361 1870 excessus

11 1952 13 1957 -
87 1902 209 1968 Aeacii
232 1903 330 1967 etiam
352 1904 385 1966 in
408 1903 470 1967 hac
493 1926 587 1968 causa
610 1904 815 1989 gravissimos
838 1903 1057 1987 deprehendit.

10 2938 14 3035 t

183 2005 233 2069 12.
279 2004 339 2069 Illo
368 2006 452 2069 enim
485 2009 643 2089 tempore,
678 2028 739 2090 quo
773 2005 811 2069 de
841 2005 937 2069 Petro
960 2006 1180 2070 Alexandrino
1208 2008 1361 2073 damnato

84 2107 266 2193 retuhtss),
291 2107 388 2172 etiam
410 2108 448 2171 de
464 2108 558 2171 Petro
581 2112 613 2171 st
635 2107 784 2172 Johanne
802 2108 1003 2172 Antiocheno
1019 2109 1207 2192 scripserat:
1230 2109 1360 2175 Petrum

155 2384 191 2450 ³³)
206 2379 300 2436 ltth
319 2380 349 2433 ΒΙ
358 2380 391 2433 Fi
398 2385 423 2434 c⁵
433 2396 489 2448 seq.
503 2378 635 2432 omittunt
644 2390 703 2433 nnle
713 2380 754 2446 (B'
763 2380 784 2432 F
786 2381 797 2415 ‘¹
808 2380 892 2434 eiiam
902 2383 1011 2447 directa)
1022 2382 1051 2435 et
1060 2398 1123 2435 mox
1132 2385 1240 2448 serpens.
1253 2382 1360 2438 Deinde

33 2466 36 2471 ¹
80 2464 205 2523 nomine
223 2472 348 2533 priorum,
368 2473 411 2533 nni
429 2470 555 2518 ltoninnue
567 2470 689 2517 ecclesaie
705 2471 839 2532 suffnpiinn
855 2479 1040 2533 poposcerant,
1058 2465 1177 2520 maxime
1195 2466 1361 2536 intelligitur

80 2549 263 2608 Athanasius
281 2566 342 2604 cum
361 2550 433 2614 aliis,
452 2549 500 2617 qui
512 2550 630 2603 Romam
642 2548 678 2603 ad
690 2549 792 2602 Julium
810 2550 917 2619 pariter
932 2552 1128 2618 confugerunt,
1147 2568 1197 2605 nec
1209 2567 1264 2605 non
1276 2553 1360 2607 Atha·

79 2635 157 2693 nasii
179 2649 324 2689 successor
341 2635 451 2698 Petrus,
471 2633 518 2702 qui
536 2635 586 2687 sub
606 2634 725 2688 Damaso
745 2651 773 2688 se
791 2635 909 2687 Romam
927 2635 1040 2705 recepit.

154 2721 192 2788 ²⁴)
212 2719 247 2774 G'
268 2718 397 2773 omittens
415 2718 459 2773 hic
480 2723 655 2776 narrentanis,
678 2721 777 2788 postea
799 2719 897 2773 iisdem
919 2718 1074 2772 nominibus
1094 2720 1173 2773 addit
1192 2726 1358 2779 Antiocheno.

76 2809 149 2863 Mox
170 2807 206 2860 B'
222 2805 258 2858 F‘¹
271 2809 297 2858 0³
316 2821 372 2872 seq.
390 2813 550 2870 prooessirnos
563 2808 729 2871 deprehendit
743 2804 791 2870 (Xk
805 2807 1022 2871 deprehenditur),
1045 2803 1090 2857 ubi
1103 2804 1136 2857 G'
1150 2811 1292 2872 pronissimi
1302 2820 1361 2861 sient

76 2897 191 2947 retecti.
211 2920 246 2929 —
264 2889 362 2943 Petrus
373 2888 457 2943 Pullo
476 2892 505 2943 et
522 2889 662 2943 Johannes
682 2894 835 2942 Antia-nuni
851 2893 996 2953 vocantur,
1015 2888 1091 2958 prior
1110 2889 1221 2957 quidem
1236 2890 1302 2959 quia
1313 2891 1358 2945 Jo—

72 2979 182 3034 hanne
202 2973 305 3043 Talaja
323 2975 434 3044 expulso
452 2975 481 3028 in
499 2973 699 3028 Antiochenam
717 2974 856 3028 invaserat
874 2973 1029 3038 ecclesiam;
1048 2973 1120 3028 alter
1137 2991 1215 3040 vero,
1238 2975 1304 3044 quia
1321 2977 1357 3031 ab

72 3063 190 3120 eodem
208 3060 295 3114 Petro
313 3059 455 3114 ordinatus
473 3061 622 3130 Apamenis
641 3059 796 3129 episcopus,
815 3059 863 3113 sed
880 3059 916 3113 ab
935 3058 974 3112 eis
992 3058 1112 3128 rejectus
1130 3059 1306 3115 Antiochiam
1317 3080 1357 3118 re-

68 3148 223 3221 grediens
242 3144 408 3200 ordinatoris
426 3145 467 3200 sui
484 3146 576 3200 locum
594 3147 751 3214 occuparat.

151 3235 191 3300 ³⁵)
210 3231 244 3284 Β1
259 3230 293 3284 Fd
306 3235 332 3285 0⁵
349 3247 404 3299 seq.
420 3239 543 3284 retulerat
556 3252 605 3283 non
618 3239 690 3297 tonpe
707 3242 766 3299 post
783 3237 856 3283 etium
875 3231 917 3295 (ΒΙ
931 3230 966 3284 Fu
974 3234 1040 3298 jain)
1060 3238 1090 3285 de
1105 3238 1182 3285 Petro
1202 3244 1226 3286 et
1243 3239 1358 3289 iohanne

67 3321 121 3389 (B'
138 3319 182 3374 F·
197 3316 308 3371 addunt
319 3318 365 3382 nc)
383 3322 490 3383 scripse
498 3328 532 3370 ur.
563 3316 702 3370 historica
714 3317 816 3370 veritas
833 3317 933 3370 ethanc
949 3316 1096 3371 lectionem
1113 3318 1231 3388 respuit,
1252 3320 1280 3373 et
1296 3337 1359 3375 eam

64 3403 227 3480 postulat,
246 3417 329 3469 quam
342 3418 374 3455 ex
388 3401 421 3455 G'
435 3400 612 3454 restituimus.
632 3401 670 3454 Ut
682 3401 753 3454 enim
768 3419 800 3456 ex
814 3401 909 3456 ordine
928 3402 1015 3469 liquet
1033 3402 1212 3472 epistolarum
1225 3403 1358 3474 Simplicii

66 3491 113 3549 ad
127 3485 287 3551 Acacium,
305 3484 328 3538 is
346 3485 490 3555 episcopus
508 3486 542 3540 de
554 3485 638 3540 Petro
657 3487 685 3539 ct
697 3486 822 3541 Johanne
835 3486 1013 3541 Antiochenis
1025 3490 1089 3541 ante
1102 3487 1255 3556 scripserat,
1274 3506 1358 3557 quam

65 3578 110 3633 de
132 3574 232 3630 Petro
254 3569 439 3625 Alexandrino
463 3570 595 3625 damnato
613 3572 737 3626 referret.
756 3603 787 3609 —
806 3572 837 3624 In
861 3572 1064 3642 exemplaribus
1087 3572 1110 3626 D
1133 3573 1177 3627 hic
1199 3573 1274 3628 locus
1296 3592 1358 3630 cum

63 3656 241 3736 postremis
258 3656 406 3725 superioris
423 3656 531 3710 numeri
549 3656 639 3710 verbis
657 3657 834 3726 conjungitur
851 3656 879 3709 in
898 3657 970 3712 hunc
987 3658 1111 3712 modum:
1144 3663 1216 3713 Unde
1236 3667 1301 3713 ntus
1320 3673 1358 3715 eet

64 3755 234 3818 inperator
251 3749 368 3811 offensus.
401 3748 510 3796 Addidit
529 3749 602 3796 etiarn
621 3748 730 3796 Aeneiae
749 3752 790 3795 ino
809 3755 935 3809 ternpore,
960 3764 1007 3813 qim
1028 3750 1059 3796 de
1078 3749 1156 3798 Petro
1175 3750 1356 3800 Alexandrino

65 3841 212 3890 damnato
232 3834 330 3896 retulit,
349 3835 424 3883 etiam
442 3833 474 3882 de
486 3833 565 3881 Petro
584 3841 608 3880 et
620 3833 735 3882 iohanne
751 3833 905 3883 Antiocheno
923 3835 961 3882 ric
972 3836 1088 3897 scripsit:
1111 3835 1211 3884 Petrum
1224 3844 1257 3895 et,
1277 3831 1357 3885 omis·

66 3919 113 3976 sis
134 3913 333 3978 intermediis,
351 3931 384 3968 ex
403 3929 520 3981 quorum
539 3912 685 3968 omissione
703 3914 788 3967 totius
806 3914 938 3968 orationis
956 3930 1041 3968 nexus
1058 3915 1180 3968 solvitur.
1212 3915 1356 3979 Quomodo

68 4005 162 4061 enim
182 4015 248 4054 cum
266 3999 446 4053 antecedente
464 4014 589 4052 sermone
608 3999 642 4053 de
661 3998 760 4052 litteris
779 3999 915 4068 synodicis
926 3999 1060 4053 iohannis
1072 3999 1200 4067 Talajae,
1219 3999 1254 4053 ds
1272 4000 1356 4055 Zeno·

67 4091 121 4146 nis
142 4082 238 4141 sacris
255 4083 458 4138 restitutionem
476 4083 553 4137 Petri
575 4084 805 4153 efflagitantibus,
830 4085 863 4138 de
887 4083 1027 4154 Simplicio
1050 4085 1119 4137 hanc
1141 4086 1250 4153 partem
1273 4085 1357 4139 abne·

71 4173 175 4246 ganta
195 4173 281 4237 atquc
299 4168 468 4238 imperatore
487 4185 548 4223 eam
561 4170 596 4224 ob
610 4187 721 4224 causam
737 4169 900 4238 indignante
914 4169 1044 4222 cohaeret
1056 4169 1141 4221 istud:
1162 4174 1270 4221 Aranni!
1282 4177 1356 4223 etiaim

73 4262 219 4318 Acraeam
237 4270 321 4322 quum
339 4253 408 4307 nihil
424 4254 549 4325 proxime
562 4257 598 4309 sit
610 4255 643 4309 de
657 4254 757 4310 Acacio
775 4254 973 4324 praemissum?
1000 4253 1049 4309 Cui
1062 4255 1147 4309 etiam
1160 4253 1274 4307 verbum
1287 4254 1356 4308 illud

73 4348 192 4401 addidit
215 4356 270 4394 non
292 4356 527 4409 supervacaneum
550 4340 677 4395 videatur
699 4342 783 4408 atque
807 4339 860 4392 huc
883 4356 915 4392 ex
938 4338 1109 4393 abundantia
1131 4339 1273 4404 adsutum,
1300 4354 1355 4408 quo

76 4434 233 4496 rrtcunque
250 4425 382 4480 adsuerat
404 4425 485 4494 hujus
504 4425 639 4495 epitomes
658 4425 777 4495 scriptor
794 4425 994 4488 narrationem,
1017 4441 1099 4493 qnam
1122 4424 1197 4479 haud
1215 4425 1281 4479 satis
1300 4425 1356 4480 feli-

76 4516 159 4571 citer
176 4520 319 4567 assecutus
340 4511 501 4580 imprudens
524 4511 675 4565 dissuerat?
709 4513 749 4565 Ac
767 4528 831 4564 vero
850 4526 981 4579 quorsum
999 4526 1107 4576 eorum,
1129 4527 1200 4580 quae
1219 4510 1253 4564 de
1271 4511 1355 4566 Petro

77 4604 112 4657 et
131 4597 263 4654 Johanne
281 4596 433 4666 scripserat
449 4597 577 4664 Aeacius,
601 4596 645 4650 hic
662 4596 765 4651 mentio
784 4597 844 4661 fiat,
863 4595 915 4649 sibi
932 4594 1135 4665 incompertum
1154 4595 1235 4650 fuisse
1253 4596 1355 4666 prodit,

79 4700 174 4755 quum
193 4680 391 4738 antecedentia
407 4681 613 4751 praetermittit.
644 4682 739 4750 Neque
758 4680 847 4734 minus
865 4681 900 4735 ab
920 4680 1040 4735 auctoris
1058 4681 1099 4735 sui
1116 4680 1254 4736 sententia
1271 4697 1355 4748 quam

689 4862 702 4893 Ι
