3204 5506
543 480 546 486 .
578 435 746 484 uersuum
773 426 842 483 141.
1282 416 1342 482 977

79 585 220 671 σαρκὸς,
257 589 294 652 ἓν
316 593 376 652 τοῦ
400 588 599 671 Πνεύματος
625 592 686 652 τοῦ

78 688 189 772 ἁγίου,
206 690 261 754 καὶ
276 687 315 753 τά
331 690 494 772 πρόσωπα
516 700 586 764 ταῖς
602 689 684 754 ίδιό-

78 809 153 876 τησι
163 794 393 875 σημαίνοντες,
410 786 530 855 καλδιά
543 796 601 875 τῆς
612 790 687 856 ἕνό-
707 838 713 847 ·

78 917 174 975 τητος
184 897 242 975 τῆς
254 889 371 969 οὐσίας
382 890 418 957 τδ
431 890 619 976 ἀχάριστον
630 897 688 976 τῆς

78 994 213 1075 τριάδος
228 995 414 1078 μυστήριον
430 992 683 1079 ὁμολογοῦντες.

79 1092 169 1160 Οὔτε
181 1093 245 1178 γάρ
258 1096 278 1158 δ
281 1093 686 1180 υνατδνάμφιβάλλεσθαι

77 1194 139 1261 τόν
152 1197 266 1279 Λόγον
287 1202 348 1261 τοῦ
366 1203 455 1262 Θεοῦ
479 1197 517 1263 ἐν
539 1208 609 1273 τοῖς
630 1201 688 1279 τῆς

78 1295 202 1380 μητρὸς
213 1298 417 1382 σπλάγχνοις
428 1296 552 1382 διάτῆς
563 1296 688 1378 σαρκδς

77 1397 140 1482 τὴν
172 1399 390 1482 ἀνθρωπείαν
423 1402 684 1484 προσειληφέναι

78 1501 197 1584 φύσιν,
221 1502 276 1565 καὶ
291 1499 334 1585 μη
351 1502 432 1586 μετά
448 1496 509 1585 τὴν
526 1500 606 1584 παρ’
623 1499 685 1565 αὐ-

77 1608 139 1667 τοῦ
161 1602 347 1686 γενομένην
370 1603 408 1668 ἐν
431 1608 471 1688 τῇ
486 1604 594 1688 μήτρᾳ
616 1608 685 1666 τῶν

78 1705 217 1788 φύσεων
232 1705 354 1769 ἕνωσιν
370 1705 584 1788 διῃρημένον.
615 1708 685 1767 Κα-

77 1803 287 1888 θάπεμγάρ
315 1803 378 1870 οὐκ
407 1809 499 1869 ἔστιν
527 1805 566 1869 ἐν
594 1803 685 1888 αὐτῷ

77 1906 300 1990 άνθρωτότης
332 1905 417 1971 άνευ
446 1910 534 1971 Θεοῦ
562 1930 686 1990 γεννη-

77 2015 195 2089 θείσα,
233 2007 341 2083 οὕτως
369 2009 407 2072 ἐν
435 2014 480 2094 τῷ
508 2006 684 2095 στανρῷὴ

78 2108 211 2193 άπαθης
225 2110 346 2193 θεότης
362 2107 424 2174 οὐκ
440 2112 531 2174 ἔστιν
547 2107 612 2174 άπὸ
624 2113 686 2174 τοῦ

78 2216 136 2294 τῆς
169 2207 293 2296 σαρκὸς
321 2213 453 2286 πάθους
486 2212 684 2297 διῃρημένη·

78 2311 161 2395 ὅπερ
184 2311 202 2377 ὁ
224 2318 282 2396 τῆς
304 2314 479 2395 παρθένου
499 2313 607 2392 τόκος,
630 2313 686 2376 καὶ

78 2413 97 2498 ἡ
111 2412 275 2498 ἄχραντος
285 2414 473 2498 γονιμότης,
490 2415 545 2477 καί
560 2412 580 2498 ἡ
598 2415 685 2491 ε’ξαί-

80 2539 173 2598 ρετος
196 2516 234 2581 ἐκ
256 2520 387 2599 νεκρῶν
410 2513 600 2598 άνάστασις,
629 2517 684 2580 καὶ

78 2616 98 2701 ἡ
116 2619 162 2693 είς
179 2614 348 2699 οὐρανοδς
363 2617 537 2681 δείκνυσιν
551 2614 682 2693 ἄνοδος.

83 2723 196 2783 Ταῦτα
225 2720 255 2783 εί
281 2713 394 2793 καθώς
416 2717 507 2800 παρά
528 2723 597 2783 των
620 2741 684 2782 πα-

78 2821 185 2902 τέρων
207 2817 349 2905 ὡρίσθη,
378 2821 597 2904 φυλάττουσι,
629 2844 681 2886 πι-

78 2923 289 2986 στευέτωσαν
318 2922 372 2986 καὶ
399 2923 481 3005 μηδὲ
512 2919 552 2985 τά
582 2920 682 3005 ὠρισ*

77 3024 163 3107 με’να
196 3024 511 3107 παραβαινίτωσαν,
551 3021 612 3107 άφ’
646 3015 685 3107 ἧς

77 3128 198 3207 τρίβου
220 3126 255 3188 οί
269 3125 479 3200 ἐκκλίνοντες
496 3122 591 3189 αὐτοὶ
607 3124 685 3191 ἑαυ-

77 3237 147 3302 τοῖς
169 3228 271 3309 νέφος
293 3224 494 3311 άμφιβολίας
512 3227 683 3309 περιχέου-

77 3347 144 3392 σιν.
180 3326 278 3411 Ἡμῖν
301 3329 337 3392 δὲ
361 3327 468 3392 ἐκεῖνο
491 3324 684 3392 τὸάποστο-

78 3429 175 3493 λικδν
190 3441 259 3506 τοῖς
273 3433 478 3512 φιλονείκοις
499 3427 685 3512 άποκρίνα·

77 3537 161 3595 σθαι
176 3529 304 3615 άνάγκη
322 3531 428 3595 ἐστίν’
448 3530 578 3613 Ἡμεῖς
599 3555 683 3595 τοι·

78 3633 210 3716 αύτην
238 3633 469 3717 συνήθειαν
497 3620 571 3697 οὐκ
595 3635 685 3715 ἔχο-

76 3758 168 3819 μεν,
205 3731 300 3799 οὐδὲ
332 3731 353 3818 ἡ
383 3735 580 3817 ἐκκλησία
612 3739 685 3797 τοῦ

78 3841 197 3900 Θεοῦ.
253 3839 364 3899 Ταῦτα
401 3833 456 3899 διά
493 3842 591 3899 τοῦτο
630 3833 685 3899 διά

76 3938 247 4021 βραχίων,
269 3935 392 4020 ,ἐπειδὴ
414 3934 492 4001 οὔτε
516 3933 684 4020 άμφιβάλ-

78 4045 198 4103 λεσθαι
215 4039 376 4122 προσήκει
392 4039 470 4121 περὶ
482 4037 685 4123 πραγμάτων

77 4146 147 4205 τῶν
176 4142 251 4223 περὶ
279 4146 336 4224 τῆς
364 4143 504 4216 πίστεως
526 4140 686 4215 πολλάκις
719 4224 725 4236 .

738 589 843 669 tea²¹).
889 587 1000 671 Neque
1028 587 1114 651 enim
1142 587 1263 671 ambigi
1290 597 1449 670 po-a.5·21.

738 692 817 773 test,
855 688 997 753 Verbum
1025 688 1085 752 Dei
1117 688 1204 753 intra
1233 689 1345 752 matris

738 792 860 855 viscera
903 812 960 875 per
1004 812 1132 854 carnem
1171 791 1345 854 humanam

739 894 946 976 assumpsisse
962 896 1126 975 naturam,
1150 893 1256 977 neo²²)
1273 896 1346 977 post

738 1017 812 1058 ase
834 995 953 1059 factam
986 995 1073 1058 intra
1099 994 1224 1058 vulvam
1252 998 1345 1057 natu-

738 1119 844 1159 rarum
866 1097 1043 1160 unitionem
1066 1096 1212 1160 divisum.
1261 1095 1345 1159 Nam

738 1199 821 1262 sicut
848 1220 915 1262 non
943 1202 992 1262 est
1024 1198 1058 1261 in
1092 1219 1128 1262 eo
1160 1198 1345 1262 humanitas

739 1302 807 1364 sine
823 1299 891 1364 Deo
913 1301 1016 1382 edita,
1041 1300 1086 1364 sic
1108 1300 1142 1363 iu
1166 1321 1257 1365 cruce
1279 1321 1346 1364 non

737 1406 786 1465 est
812 1402 1017 1485 impassibilis
1045 1401 1196 1465 divinitas
1231 1424 1249 1464 a
1279 1424 1345 1465 oar-

736 1504 787 1567 uis
816 1504 964 1588 passione
992 1503 1109 1567 divisa:
1138 1503 1221 1588 quod
1250 1504 1345 1587 virgi·

737 1605 787 1668 nis
816 1608 926 1688 partus
956 1607 987 1667 ot
1015 1605 1207 1669 intemerata
1235 1605 1345 1670 fecun-

737 1706 819 1769 ditas
868 1710 900 1770 et
941 1706 1115 1791 singularis
1158 1730 1176 1769 a
1213 1709 1345 1771 mortuis

736 1808 925 1871 resurrectio
948 1811 980 1870 et
1002 1807 1041 1871 ad
1074 1809 1176 1872 coelos
1204 1809 1346 1872 declarat

738 1911 890 1973 ascensio.
922 1908 1011 1973 Haec
1033 1911 1059 1972 si
1082 1910 1345 1994 quemadmodum

738 2033 756 2074 a
783 2011 928 2095 patribus
963 2012 1138 2075 constituta
1174 2015 1250 2076 sunt
1282 2033 1344 2076 ser·

738 2116 833 2193 rant,
863 2112 995 2176 credant
1021 2134 1081 2177 nec
1104 2113 1236 2177 definita
1257 2117 1344 2177 tran-

738 2214 907 2277 scendant:
936 2236 1038 2298 aquo
1067 2214 1200 2278 tramite
1216 2216 1272 2299 qui
1294 2215 1344 2279 de-

738 2315 876 2396 clinant,
911 2315 972 2398 ipsi
1006 2316 1066 2379 sibi
1102 2316 1252 2379 nebulam
1289 2317 1343 2380 du-

737 2416 903 2480 bitationis
945 2417 1183 2502 obtendunt²³).
1242 2417 1344 2482 Nobis

736 2520 841 2582 autem
869 2518 947 2582 illud
976 2519 1185 2603 apostolicum
1214 2522 1344 2584 eonten-

735 2620 824 2684 tiosis
840 2620 1031 2704 respondere
1046 2642 1176 2685 necesse
1192 2625 1256 2685 est:
1280 2627 1343 2686 Nos
1364 2616 1446 2671 ¹001·

735 2728 816 2786 laune
837 2729 1082 2787 consuetudinem
1108 2745 1169 2786 non
1191 2728 1340 2801 babemus,

735 2845 790 2887 nec
813 2830 951 2888 Ecclesia
967 2831 1031 2888 Dei.
1068 2824 1158 2888 Haec
1180 2823 1251 2887 ideo
1274 2824 1342 2888 bre·

736 2925 832 3007 viter,
863 2927 936 3009 quia
963 2948 1023 2990 nec
1051 2925 1169 3008 ambigi
1195 2926 1344 2989 convenit

736 3026 775 3089 de
811 3027 904 3091 rebus
936 3027 1030 3110 juxta
1072 3028 1166 3089 fidem
1203 3027 1343 3091 definitis

736 3129 877 3211 saepiuS,
907 3132 939 3192 et
966 3150 1047 3212 pene
1076 3150 1271 3210 supervacua
1294 3133 1343 3192 est

737 3229 904 3313 allegatio,
934 3251 1014 3313 quae
1037 3229 1205 3293 adhibetur
1225 3230 1343 3294 instru·
1381 3224 1387 3237 ⁸

737 3330 814 3412 etia,
852 3354 947 3414 quum
974 3353 1070 3414 super
1097 3331 1157 3395 hae
1186 3354 1219 3394 rc
1249 3335 1281 3393 et
1303 3334 1341 3394 ad

737 3432 1016 3494 clementissimum
1042 3432 1219 3516 principem
1242 3433 1342 3495 filium

737 3536 880 3596 nostrum
896 3535 1008 3618 noum)
1032 3557 1133 3616 pauca
1148 3534 1341 3617 perstrinxe-

736 3656 844 3697 rrmua

146 4380 178 4447 ²¹)
197 4381 252 4448 fia¹
272 4395 328 4446 seq.
348 4384 535 4445 confirmantes,
555 4377 589 4431 al.
610 4377 666 4445 (G')
686 4383 714 4431 et
731 4394 822 4446 graec.
842 4385 997 4445 confitentes.

146 4466 177 4531 22)
197 4467 220 4517 ο1
239 4467 264 4517 0²
287 4468 340 4516 Nec
363 4469 394 4517 ab
416 4468 550 4516 ‹abstetricr
575 4468 670 4528 foetetur
697 4469 765 4515 intro
788 4471 880 4515 υνίοιινι
905 4474 1050 4517 venturorum
1074 4472 1208 4519 introitione
1232 4472 1342 4520 (Ιίνίιαυι.

80 4555 144 4603 Nom
161 4555 225 4601 sicat
244 4560 276 4601 el.
312 4546 428 4600 Addidit
446 4549 471 4601 ο2
489 4547 517 4600 in
535 4564 623 4614 marg.
644 4559 668 4600 el
688 4567 736 4599 noo
755 4553 858 4600 (tintcum
875 4558 933 4614 port
952 4554 1065 4603 nnioneru
1077 4562 1224 4604 venenam-um
1236 4555 1268 4603 ub
1285 4556 1343 4618 ipso

74 4641 172 4701 suctum
190 4640 219 4684 in
237 4640 314 4685 υιιίνα.
345 4632 379 4685 G¹
393 4632 451 4686 a¹b
470 4653 516 4685 nec
533 4644 594 4701 port
610 4653 664 4684 uae
683 4640 752 4685 intro
770 4639 864 4685 υιιίυονι
882 4644 998 4686 nutrirem
1015 4640 1248 4687 unitionedioiaum.
1280 4640 1343 4688 Nam

76 4731 105 4773 ut
122 4718 167 4785 (G¹
187 4721 227 4785 eo)
246 4723 395 4776 διακονίαις,
414 4717 435 4770 i²
454 4738 499 4770 nec
517 4728 576 4784 post
594 4740 609 4770 α
626 4738 654 4770 sc
673 4724 741 4771 intro
759 4724 853 4771 υαίνοιιι
872 4730 1018 4770 venturorum
1031 4725 1141 4771 ennianae
1154 4725 1265 4772 diuisum.
1292 4719 1343 4772 Re·

77 4804 238 4857 atruuantur
256 4801 378 4856 subsidio
396 4820 473 4868 maa,
492 4802 681 4858 consentiente
699 4817 808 4871 graeco.

145 4890 177 4953 23)
197 4888 239 4940 iba
256 4886 305 4940 JO
320 4891 342 4941 c'
359 4891 384 4940 ο2
395 4887 423 4940 i².
454 4889 492 4940 Ab
509 4888 567 4941 αλλ)
585 4904 641 4956 seq.
662 4893 802 4956 offitudunt.

146 4973 178 5039 24)
197 4975 221 5024 0¹
235 4975 261 5024 οἳ
272 4972 293 5024 i²
311 4994 360 5025 nori
377 4992 466 5039 paruo.
503 4971 561 5024 a¹b
579 4988 636 5041 seq.
655 4972 676 5023 ἰε
694 4979 899 5040 pcrutrinoeerim.

113 5076 267 5111 eruauouua
281 5075 383 5114 nonan.
398 5075 512 5110 conum.
529 5063 550 5114 1.

1359 2690 1443 2747 11,16.
1523 2742 1525 2746 ¹
