3224 5506
129 346 192 413 506
604 362 632 410 s.
650 360 790 409 caussa
811 360 926 407 eneas

130 541 222 583 suum
244 518 345 581 modis
368 516 515 581 omnibus
538 537 695 596 remeare3
721 517 777 578 ant
798 514 825 578 si
847 514 882 577 in
904 512 966 577 hac
987 512 1204 597 pervicacia⁴)
1228 512 1314 576 forte
1334 533 1400 596 per·

131 620 250 687 stiterit
271 622 345 705 post
367 621 603 686 sacramentnm
626 617 685 685 sibi
709 615 946 706 praestitutum,
969 615 1122 684 reddatur
1143 614 1281 683 invitus.

581 791 861 896 Fragmentum
887 792 945 875 42.

165 935 281 996 Felicenr,
300 935 342 999 qui
359 935 396 983 uri
411 935 542 982 ecetesiam
559 934 709 997 confugerat
728 939 752 982 ct
771 933 829 982 inde
847 946 963 995 cyressus
982 947 1066 981 rerurn
1077 931 1128 981 sibi
1138 931 1302 995 objectarum
1314 944 1371 979 cus·

434 1020 513 1067 uictus
527 1018 586 1081 sirit,
599 1019 663 1080 jure
681 1018 811 1068 custodiae
829 1018 996 1082 nronciputurn
1014 1018 1105 1070 teneri.

284 1135 467 1200 Gelasius
489 1132 667 1198 iohanni
691 1134 879 1217 epriscopo
900 1132 1172 1219 Vibonensi¹).

215 1255 304 1320 Uxor
326 1254 441 1319 Felicis
469 1256 501 1318 et
530 1254 613 1318 filiae
636 1253 787 1336 Romam,
823 1254 898 1337 quia
926 1252 973 1317 sic
999 1252 1161 1338 oportuit,
1196 1253 1403 1339 venerunt²lr

132 1359 293 1444 Siquidem
316 1357 403 1421 hunc
424 1357 529 1441 ipsum
551 1357 689 1440 primum
711 1378 744 1421 se
760 1356 800 1419 ad
817 1356 1024 1421 barbarorum
1046 1354 1214 1419 basilicam
1238 1356 1403 1426 caruissem

132 1466 195 1525 tem
218 1482 314 1544 seque
336 1459 437 1523 bonas
460 1481 571 1522 causas
593 1458 712 1523 habere
730 1458 911 1542 jactantem
926 1459 1036 1544 egredi
1058 1458 1119 1522 sub
1141 1456 1202 1522 hac
1219 1458 1403 1530 conditior:

131 1562 366 1647 praecepimus,
404 1564 440 1625 ut
467 1561 495 1625 si
522 1563 613 1625 actus
641 1582 714 1625 suos
742 1560 879 1626 fideliter
907 1564 939 1625 st
967 1559 1204 1625 rationabiliter
1233 1559 1403 1645 allegach

130 1665 211 1731 nihil
235 1664 319 1728 eirea
341 1685 413 1727 eum
434 1685 563 1747 prorsus
587 1685 735 1747 asperum
757 1663 826 1728 fieri
842 1664 1017 1748 durumque
1035 1666 1237 1748 pateremur3
1260 1662 1403 1747 alioqu‘:

130 1769 157 1832 si
181 1769 293 1831 corrtra
315 1764 409 1828 fidem
432 1769 464 1828 ei
486 1765 658 1830 utilitatem
687 1765 915 1848 dominicam³)
943 1765 1069 1831 venisse
1098 1764 1304 1850 probaretur,
1332 1765 1403 1850 ip.

130 1869 259 1934 sibimet
280 1869 465 1952 imputaret,
490 1870 585 1952 atque
606 1868 801 1932 ordinationi
818 1889 978 1953 congruae
993 1867 1185 1951 subjaceret.
1218 1865 1280 1943 Qui
1294 1890 1403 1952 sup·

130 1973 280 2036 veniente
307 1971 373 2035 filio
401 1972 511 2034 nostro
539 1970 607 2032 viro
634 1970 802 2053 spectabili
824 1970 1017 2035 Heorthasio
1049 1969 1096 2033 sio
1127 1972 1177 2034 est
1204 1971 1243 2034 ad
1272 1971 1403 2056 singr-

130 2095 274 2159 qnaeque
297 2073 473 2155 convictus,
497 2075 533 2136 nt
554 2094 589 2136 os
613 2073 735 2156 aperire
758 2095 824 2136 non
846 2076 964 2157 posset,
988 2076 1021 2137 et
1035 2094 1112 2137 vera
1127 2094 1207 2154 esse,
1231 2094 1311 2157 quse
1324 2071 1403 2136 h-

130 2176 362 2260 objicerentur,
396 2175 526 2261 propria
559 2196 635 2241 voce
663 2174 834 2260 fateretur,
870 2173 1003 2262 ideoque
1036 2178 1167 2241 tenetur
1196 2174 1403 2261 mancipatu

131 2278 303 2344 custodiae.

580 2416 861 2521 Fragmentum
887 2417 947 2500 43.

191 2559 229 2608 tte
246 2574 329 2609 seruo.
348 2559 391 2621 qui
406 2558 506 2607 trtdnco
523 2559 620 2607 seruire
637 2560 725 2607 rrotens
742 2559 778 2606 aci
794 2559 926 2607 ecetesiam
943 2556 1064 2622 conlimit,
1083 2557 1249 2623 accenditque
1265 2572 1294 2607 se
1309 2556 1340 2607 cir

612 2642 723 2702 infantia
741 2642 918 2692 Christianum.

283 2757 468 2823 Gelasimo
491 2758 711 2840 Siraeusio,
743 2757 985 2824 Constantio
1012 2760 1051 2822 et
1072 2758 1297 2824 Laurentio
1317 2780 1347 2823 e·

375 2860 515 2945 scopis.

212 2981 324 3063 Jrrdas,
348 2980 401 3065 qni
419 2979 574 3044 iudaicae
596 2980 804 3064 professionis
820 2979 946 3044 exsistit
957 2982 992 3066 ¹),
1015 2980 1215 3066 mancipium
1234 2980 1315 3064 juris
1334 3005 1403 3039 ..z

129 3082 212 3169 quod
235 3085 311 3147 anie
333 3104 451 3167 paucos
474 3103 576 3147 annos
603 3104 636 3147 se
665 3082 779 3148 asserit
802 3104 1018 3167 comparasse,
1047 3105 1136 3149 nuuc
1163 3084 1204 3149 ad
1233 3079 1403 3149 eccles-i

129 3307 229 3360 rmiaeio
253 3308 363 3360 electus.
402 3304 577 3373 Quamquam
599 3305 749 3359 seerrndum
773 3305 881 3359 concilii
898 3304 1104 3360 Aurelianensis
1122 3306 1149 3359 ll
1166 3323 1300 3362 emonem
1316 3314 1351 3361 5
1397 3317 1403 3351 t

130 3394 206 3445 creto
224 3390 288 3444 huic
307 3390 497 3444 concinentem
516 3389 600 3443 solinu
618 3390 724 3443 domini
741 3393 803 3444 crat
819 3392 994 3445 sacramenta.
1010 3393 1166 3461 praestare.
1196 3389 1339 3445 Sicorim
1389 3382 1403 3436 h

129 3477 189 3531 bet:
207 3495 308 3537 scmus,
327 3482 371 3544 qui
387 3480 423 3528 od
438 3479 570 3528 sectarim
585 3495 636 3543 pro
654 3480 766 3544 qnalibet
783 3481 857 3544 culpa
870 3480 1026 3544 confutarit,
1044 3482 1069 3530 si
1080 3496 1097 3530 a
1108 3480 1211 3532 destino
1226 3496 1277 3546 pro
1288 3474 1403 3531 adult

128 3567 204 3628 euripo
224 3571 385 3614 sacramento
406 3565 559 3628 susceperit,
584 3565 669 3613 statim
692 3564 728 3614 ari
748 3566 876 3615 saeuiunt
898 3566 991 3615 domini
1012 3566 1054 3615 sni
1069 3566 1157 3616 redire
1174 3572 1283 3631 coodsr
1299 3598 1343 3616 ..-
1383 3551 1403 3603 ⁸

128 3666 189 3700 nero
206 3664 293 3698 servits
309 3665 358 3713 pro
376 3652 451 3719 culpa
468 3664 515 3698 suo
532 3647 565 3698 ob
583 3651 690 3699 ecclesio
707 3650 856 3711 defensatus
872 3657 1033 3700 samnarento
1051 3650 1147 3701 donini
1157 3651 1260 3701 clericis
1272 3641 1403 3716 exire*

129 3735 173 3784 bus
185 3736 217 3784 de
229 3735 376 3798 impunitate
392 3735 551 3798 perceperit,
571 3735 646 3783 csirc
658 3737 780 3784 nectentem
792 3751 809 3784 o
821 3736 921 3786 domino
933 3735 1009 3785 liceat
1020 3737 1145 3800 compari
1155 3730 1255 3797 (Hasd.
1267 3731 1301 3796 ll,
1313 3719 1403 3783 10⁰!

129 3816 166 3868 nt
182 3830 248 3869 vero
272 3815 372 3883 postea
393 3815 510 3882 demini,
531 3820 556 3867 si
577 3818 609 3868 ab
627 3820 735 3867 ccclesia
752 3819 902 3870 exeuntibus
923 3815 1041 3885 poenale
1059 3815 1166 3885 aliquid
1187 3815 1368 3873 mauretus,
1398 3814 1403 3845 ¹

128 3898 267 3953 Ecclesiae
285 3899 388 3955 inimici
399 3901 557 3954 habeantur
569 3914 777 3967 excommunes,
795 3899 886 3968 inquit
898 3900 1062 3955 Arelatense
1073 3900 1100 3954 11
1111 3900 1261 3956 concilium
1272 3918 1344 3957 auu.
1373 3888 1403 3937 4¹

129 4003 150 4038 c.
165 3991 199 4039 30
216 3984 311 4051 (Hanrd.
325 3985 358 4051 ΙΙ,
371 3989 439 4053 tte).
470 3984 530 4038 Huc
548 3983 669 4039 attinent
687 3983 772 4038 ctiam
784 3985 871 4040 verba
887 3985 958 4055 legis
971 3984 1122 4040 Theodosii
1135 3984 1257 4055 junioris
1272 3970 1403 4057 preti¹¹

128 4069 215 4125 allata
231 4088 284 4125 nec
301 4085 356 4124 nen
373 4070 443 4124 hacc
460 4068 552 4123 Caroli
568 4067 665 4138 Magni
682 4068 711 4122 iu
729 4069 876 4138 capitulari
895 4088 959 4125 ann.
978 4076 1027 4125 782
1045 4077 1098 4124 ca
1116 4070 1276 4140 sancientis,
1292 4081 1318 4126 st
1346 4068 1403 4114 '¹⁶

128 4161 173 4225 qui
188 4160 225 4209 nd
240 4161 370 4210 ecclesiam
388 4158 561 4223 consenciat,
578 4166 689 4223 propter
705 4159 824 4208 bonorem
835 4160 885 4209 Det
899 4166 1094 4226 sanctorumque
1106 4162 1233 4211 ecelesiae
1245 4162 1325 4226 ipsius
1352 4152 1403 4195 ⁶⁰

128 4246 234 4294 cedatur
251 4245 303 4294 nito
325 4251 351 4293 et
372 4245 455 4294 omnic
472 4244 588 4294 menbra.
623 4240 666 4293 Ab
685 4256 759 4294 anno
776 4244 826 4294 630
847 4239 1027 4309 Dagobertns
1048 4240 1078 4295 in
1095 4239 1247 4311 capitulari
1264 4246 1320 4295 et
1349 4232 1403 4297 2⁸

128 4323 266 4379 edixerat:
286 4331 353 4378 unito
369 4329 404 4378 stt
420 4330 496 4392 culpa
514 4335 563 4377 tans
579 4329 677 4393 provin
696 4336 723 4379 ut
740 4329 791 4379 uita
809 4346 859 4380 non
877 4331 1033 4380 concedatur
1047 4336 1162 4396 propter
1178 4332 1292 4383 ancre·
1305 4308 1396 4381 Μ

91 4452 97 4476 ⁴.
127 4416 295 4465 reuerentiam
311 4419 463 4466 sonemrurn.

194 4496 216 4564 ⁴)
233 4495 253 4548 Z
271 4499 415 4564 pertinacia
430 4499 501 4560 sorte
516 4500 669 4564 perstiterit.
705 4495 768 4549 Non
786 4495 946 4566 displiceret
962 4497 1079 4553 verbnm
1094 4501 1251 4566 perstiterit.

128 4584 160 4631 ta
196 4580 215 4647 ¹)
233 4579 256 4633 T
279 4584 425 4642 Viennensi,
444 4581 481 4634 Π1
500 4579 603 4650 (primm
619 4583 715 4649 manu)
733 4580 752 4634 Z
775 4587 916 4637 Viennensi
932 4582 961 4637 et
978 4582 998 4637 Z
1016 4581 1054 4638 sd
1070 4598 1162 4653 marg.
1185 4586 1353 4639 Vissssssi·

129 4662 259 4727 (secunda
275 4663 324 4718 sed
341 4663 452 4733 aequali
469 4668 564 4733 manu)
582 4665 619 4719 Ι)θ
640 4671 785 4721 Viennensi.

194 4750 216 4815 ¹)
234 4748 254 4802 Z
271 4761 457 4817 peruenerant,-
474 4748 575 4805 deinde
593 4749 669 4804 Tc¹⁰
685 4749 776 4805 cintia
794 4772 848 4805 euin
861 4772 982 4821 prorsus.

195 4832 216 4899 ³)
234 4832 267 4885 Η.
281 4848 304 4886 e.
324 4832 429 4887 domini
446 4833 496 4889 sui.
532 4834 597 4890 Mox
614 4836 633 4890 Z
652 4847 729 4906 atque
746 4841 840 4891 contu
856 4842 1014 4893 ordinationi
1086 4840 1215 4895 orthasio.

127 4920 161 4970 te
198 4918 216 4984 ¹)
234 4917 272 4969 ο111
289 4923 396 4972 exstiti.
431 4918 497 4973 Mox
513 4918 550 4972 D‘
563 4923 600 4991 il¹
620 4941 691 4991 quens
708 4932 777 4975 ante.
1052 4948 1055 4955 ·
