3204 5506
582 349 752 397 srrs‘ronn
778 337 827 394 12.
1002 324 1009 349 ¹
1276 329 1339 394 355

35 497 211 567 facinoris
235 501 443 584 aestimatur,
469 501 535 588 qui,
564 502 642 567 lieet
662 501 731 587 ipse
753 523 820 566 non
842 500 965 583 fecerit,
989 499 1139 564 facientis
1160 503 1271 565 temen
1293 501 1339 565 fa·
1353 506 1466 574 (e.494.)

35 601 288 668 miliaritatem
308 603 484 688 foedusque
506 605 677 689 receperit?
699 603 839 668 Proinde
860 625 959 688 quum
981 601 1243 670 Calchedoneme
1266 626 1339 669 con-

38 703 166 769 tilium
188 727 253 791 pro
275 704 354 771 fidei
376 706 553 772 catholicoe
575 711 672 791 atque
693 705 890 791 apostolieae
903 705 1039 795 veritate
1055 708 1339 792 communioneque

40 806 264 872 celebratum
287 807 489 897 damnoverit
499 808 673 894 Eutychen
688 808 917 894 detestandis)
939 809 1057 873 furoris
1076 822 1249 894 auctorem,
1273 833 1339 875 non

39 909 137 975 setis
159 909 292 994 habunt,
315 911 380 975 nisi
401 914 438 975 ut
457 912 580 997 puriter
601 912 669 995 ejus
692 933 816 997 quoque
839 915 1020 977 consortem
1042 911 1230 977 Dioscorum
1257 917 1338 977 cete-

44 1033 177 1096 rosque
200 1013 402 1097 percelleret.
446 1013 518 1078 Hoc
536 1014 638 1099 igitur
660 1015 763 1097 modo,
788 1015 871 1079 sicut
886 1015 921 1079 in
936 1036 1126 1099 unaquaque
1143 1015 1268 1080 haeresi
1290 1015 1340 1080 vel

44 1113 188 1179 factum
212 1137 340 1200 semper
360 1116 412 1180 vel
434 1116 503 1180 fieri
524 1138 592 1181 non
619 1116 757 1181 habetur
775 1117 982 1201 'ambiguum
1012 1139 1209 1182 successores
1233 1139 1341 1182 eorum

45 1215 316 1304 timotheus),
345 1217 471 1301 Petrus,
503 1222 600 1304 etque
625 1220 707 1284 alter
728 1219 951 1284 Antiochenus
971 1219 1096 1304 Petrus,
1126 1242 1192 1284 non
1221 1220 1342 1284 viritim

49 1322 201 1404 propter
222 1318 368 1405 singulos
382 1342 523 1406 quosque
538 1343 648 1386 rursus
663 1321 751 1386 fecto
767 1322 912 1406 concilio,
937 1322 991 1386 sed
1007 1323 1120 1407 synodi
1137 1323 1235 1387 semel
1250 1327 1342 1387 actae

50 1421 181 1507 regule
203 1426 437 1508 consequenter
457 1423 538 1489 elisi.
576 1424 848 1500 Quemadmodum
870 1446 947 1509 ergo
970 1447 1036 1489 non
1058 1425 1223 1490 evidenter
1245 1448 1342 1510 apps-

50 1526 121 1607 ret,
148 1524 254 1589 etism
276 1528 408 1591 cunctos
429 1526 526 1591 simili
548 1529 660 1591 tenore
689 1527 878 1612 constringi,
902 1527 1003 1614 qui³⁷)
1032 1550 1140 1593 eorum
1169 1530 1343 1593 communi-

55 1630 194 1691 cstores
217 1630 251 1690 et
279 1627 449 1712 complices
476 1629 686 1712 exstiterunt,
716 1633 812 1714 atique
840 1651 950 1695 omnes
978 1630 1110 1694 omnino
1138 1655 1158 1695 o
1185 1631 1344 1696 catholiea

56 1732 167 1814 atque
188 1730 367 1812 apostolice
387 1731 503 1796 merito
525 1732 748 1797 communione
771 1732 933 1796 discerni?
975 1731 1063 1796 Hinc
1086 1733 1241 1799 Acacium
1268 1756 1344 1818 quo-

56 1853 125 1916 que
144 1831 226 1915 jure
253 1831 387 1898 dicimus
414 1855 434 1897 e
460 1837 572 1900 nostro
602 1835 762 1900 consortio
784 1834 1052 1918 submovendum,
1080 1836 1135 1919 qui
1165 1836 1281 1900 maluit
1308 1837 1344 1900 in

60 1937 191 1999 mrtem
215 1935 354 2000 transire
374 1935 539 2020 perfidiae,
563 1959 660 2021 quam
681 1939 717 2002 in
740 1936 916 2001 catholicae
938 1940 1035 2021 utque
1051 1938 1245 2021 apostolicae
1261 1961 1343 2002 com-

59 2036 285 2121 munionis³⁸)
306 2037 492 2103 sinceritate
516 2042 674 2122 constare,
703 2061 801 2123 qumn
823 2039 890 2104 fere
912 2040 1098 2122 triennium,
1123 2049 1164 2103 ne
1186 2040 1270 2104 inid
1292 2063 1343 2104 ve-

59 2140 171 2222 niret,
211 2138 405 2224 apostolicae
436 2140 520 2205 sedis
553 2141 697 2227 epistolis
731 2143 883 2206 doceatur
909 2144 1128 2225 competenter
1154 2142 1341 2207 instructus.

61 2241 249 2326 Postquam
272 2264 345 2307 vero
373 2244 606 2308 communionis
636 2248 686 2308 est
711 2244 817 2308 faetus
840 2243 974 2326 eliense,
1005 2267 1072 2308 non
1092 2244 1206 2327 potuit
1233 2246 1296 2309 nisi
1325 2269 1344 2308 a

61 2342 250 2417 catholicae
273 2348 307 2409 et
328 2344 521 2428 spostolicae
548 2368 621 2409 mox
645 2346 847 2432 societate³⁹)
875 2347 1028 2431 praecidi,
1056 2370 1098 2410 ne
1120 2369 1178 2430 per
1200 2368 1287 2430 eum,
1317 2348 1343 2411 si

26 2491 36 2497 -
62 2446 114 2511 rel
137 2446 313 2545 paulplum
344 2468 554 2530 cessaremus,
583 2470 642 2514 nos
669 2471 794 2533 quoque
821 2449 1000 2512 videremur
1027 2449 1163 2513 subiisse
1192 2451 1344 2534 contegis

10 2598 12 2641 ,
62 2549 276 2634 perfidorum.
321 2546 384 2614 Sed
404 2571 517 2616 revere
537 2549 588 2615 vel
609 2550 667 2614 tali
690 2550 855 2636 perculsus
882 2573 985 2636 poens
1007 2552 1152 2636 resipuit,
1177 2552 1344 2616 eorrectio-

61 2674 142 2719 nem
157 2651 322 2737 promisit,
345 2651 528 2718 emendavit
549 2653 712 2717 errorem?
734 2653 850 2739 Auru)
873 2654 926 2718 ille
942 2657 1100 2718 tractatus
1120 2653 1224 2719 lenius
1240 2654 1344 2719 volue-

62 2759 116 2820 rut
141 2753 299 2836 coerceri,
322 2753 376 2838 qui
399 2753 496 2818 etism
520 2755 653 2819 verbera
667 2754 747 2820 dura
760 2777 827 2820 non
850 2756 972 2819 sensit?
995 2756 1063 2830 Quo
1085 2759 1120 2819 in
1138 2779 1196 2819 sua
1211 2757 1345 2840 perfidia
1456 2815 1461 2821 .

63 2862 97 2922 et
117 2856 337 2921 damnatione
359 2856 575 2943 moriente⁴¹),
605 2861 671 2922 tarn
694 2857 762 2941 ejus
792 2858 826 2921 in
847 2857 1046 2922 ecclesistico
1068 2859 1257 2922 recitatione
1279 2882 1345 2922 non

131 3043 168 3112 ¹³)
186 3039 274 3097 Solus
291 3040 320 3095 d¹
339 3048 460 3098 danari.

132 3130 168 3196 ⁸⁸)
190 3127 228 3181 Ο1
243 3126 281 3180 0²
292 3129 320 3180 αἱ
333 3125 380 3182 bc
402 3132 563 3191 Timotheum,
584 3133 687 3182 Petrum
705 3140 782 3199 alque
795 3138 900 3185 alterurn
914 3135 1096 3185 Antiochenum
1107 3134 1212 3185 Petrum
1225 3151 1274 3185 non
1287 3136 1335 3184 viri

61 3220 106 3270 ri·
121 3223 245 3284 propter
261 3217 375 3282 singulos
392 3234 505 3284 quosque
521 3233 613 3268 rursus
629 3219 701 3281 sacto
719 3221 825 3270 concilio
842 3222 891 3270 red
906 3221 1000 3285 synodi
1014 3222 1092 3269 semel
1102 3226 1161 3269 aete
1174 3216 1217 3282 (0¹
1232 3214 1267 3268 0²
1279 3235 1345 3268 senec

58 3303 149 3369 jau)
168 3303 267 3368 reple
285 3310 469 3368 cousequenter
486 3304 560 3353 elisit.
589 3298 719 3367 Plerique
737 3316 799 3353 mss.
822 3303 965 3355 Timotheus
982 3306 1076 3354 Petrus
1093 3312 1169 3370 alque
1186 3307 1254 3355 ulter
1272 3305 1347 3354 Anti·

62 3390 179 3443 ωήιω
198 3387 299 3438 Petrus
317 3404 367 3439 non
383 3390 475 3439 uiritim
491 3389 658 3451 singulariter
676 3391 819 3440 nonriuutim
836 3392 1005 3456 utnusquispue
1022 3407 1072 3454 pro
1093 3396 1171 3454 perte
1192 3406 1240 3439 sua
1255 3392 1347 3439 viritim

58 3480 180 3543 mter
197 3472 318 3538 merulos
334 3488 445 3540 quosque
462 3488 552 3523 meur
567 3474 639 3538 sacto
657 3476 762 3525 concilio
773 3476 822 3524 sed
839 3481 864 3524 et
874 3477 968 3539 synodi
977 3478 1054 3525 semel
1064 3483 1138 3526 actae
1149 3478 1254 3542 repulere
1266 3471 1345 3540 (Reg.

58 3554 198 3613 amnui·
212 3552 289 3608 euris
300 3560 366 3609 ocris
381 3557 487 3624 reputr'r)
505 3567 689 3625 cousequenter
701 3561 757 3608 elisi
764 3575 770 3613 :
790 3556 974 3610 emendantur
986 3574 1020 3610 cx
1032 3556 1066 3609 Εὖ
1077 3556 1118 3610 Fffl
1130 3556 1157 3610 Ν
1158 3559 1168 3591 ³
1180 3557 1213 3610 0¹
1227 3557 1271 3622 0²,
1289 3556 1347 3625 qui·

58 3642 112 3699 bus
124 3640 216 3697 favet
225 3639 275 3705 13⁹,
291 3637 341 3693 ubi
351 3644 416 3708 post
428 3643 603 3694 Antiochense
614 3645 709 3694 Petrus
721 3641 843 3695 seeundo
854 3658 938 3694 manu
952 3643 1090 3710 expuncto
1101 3644 1167 3696 sunt
1181 3649 1347 3712 singulariter

56 3732 218 3785 „nimbo
235 3729 407 3794 unuquisque
424 3744 474 3793 pro
492 3734 568 3793 parre
586 3745 647 3790 suu,
667 3726 695 3777 et
712 3727 777 3794 post
793 3732 885 3780 viritim
903 3729 1041 3796 expuncto
1058 3730 1122 3781 sunt
1138 3740 1248 3796 propter
1263 3734 1347 3796 stupu-

53 3822 94 3872 ω
112 3830 258 3885 quosque,
281 3807 409 3864 addito
400 3825 430 3862 111
447 3809 574 3878 margine
596 3817 622 3864 iu
639 3817 691 3865 alio
713 3831 762 3865 uon
781 3822 846 3866 erne.
882 3811 991 3865 Revera
1008 3813 1096 3866 verba
1112 3813 1161 3868 illu
1181 3819 1348 3882 einyuluruter

51 3903 216 3957 maiman
234 3898 408 3964 unusquisque
427 3914 479 3963 pro
499 3906 576 3964 purte
594 3915 641 3950 rua
658 3912 714 3950 nou
731 3895 785 3949 nisi
803 3896 926 3950 scholion
949 3915 1000 3965 pro
1019 3897 1184 3967 explicanda
1200 3914 1269 3952 voce
1286 3903 1345 3952 viri·

47 3993 95 4043 ef.
114 3979 297 4056 appositum
315 3977 529 4035 emendentur
559 3980 594 4034 D¹
608 3981 637 4034 d²
656 3997 690 4035 ea
708 3980 841 4047 retinent,
859 3999 905 4034 rnu
907 3983 967 4035 tuto
986 3982 1096 4037 ordine
1117 4004 1166 4038 non
1183 3988 1348 4052 angulariter

104 4079 203 4143 pute
219 4083 273 4120 sua
290 4069 382 4119 viridia
395 4075 508 4135 propter
523 4074 645 4134 eupator.

119 4159 161 4224 π)
184 4150 239 4207 Sic
257 4148 382 4219 potiores
399 4166 462 4205 mss.
482 4152 511 4205 et
528 4149 555 4204 d¹
576 4149 618 4217 <1²3
636 4149 685 4204 ulii
702 4161 727 4205 er
746 4156 797 4221 qui.
833 4151 898 4205 Mox
916 4152 989 4206 solus
1007 4151 1033 4205 d'
1054 4152 1187 4222 expunxit
1203 4158 1301 4206 mereto.

120 4245 160 4311 ιἱ)
183 4237 228 4292 Β*
240 4234 272 4288 (1Ι
289 4239 448 4290 &scematis
464 4242 640 4291 communione.
677 4235 783 4290 Deinde
801 4235 830 4289 in
848 4255 910 4290 mss.
931 4239 960 4291 et
977 4237 1004 4289 d'
1019 4238 1048 4290 d²
1067 4242 1175 4291 triennio
1199 4236 1247 4288 aut
1269 4241 1347 4288 trien·

36 4338 131 4391 ἡ..
159 4320 221 4378 ubi
245 4318 320 4374 editi
339 4339 389 4388 per
410 4326 550 4376 triennium
586 4319 646 4387 Quo
664 4323 748 4391 pecto
767 4322 984 4391 computandum
1002 4323 1039 4374 sit
1059 4322 1111 4375 hoe
1129 4320 1291 4387 triennium,
1309 4321 1348 4373 'ex

35 4411 165 4477 &clasii
194 4404 285 4463 unet
310 4403 324 4458 I
346 4405 428 4474 (gest.
452 4405 486 4459 de
509 4421 583 4461 nom.
607 4408 691 4462 Aeac.
710 4425 736 4461 n.
755 4411 781 4475 8)
800 4407 942 4474 discimus,
965 4407 1013 4460 ubi
1031 4406 1163 4460 hebetur:
1198 4411 1252 4459 Per
1266 4410 1348 4473 ferme

32 4504 203 4561 mnium
222 4496 268 4546 vei
284 4495 392 4559 mplius
407 4502 513 4546 renem
524 4498 657 4549 memoriae
671 4514 744 4562 pape
760 4497 904 4560 Simplicius
921 4513 970 4546 vion
988 4497 1064 4545 desiit
1079 4496 1214 4545 scribendo
1231 4495 1267 4545 ad
1280 4495 1348 4544 Aca·

32 4599 113 4646 aa
133 4592 196 4640 ete.

118 4673 160 4739 ⁸⁸)
184 4662 278 4720 Solus
296 4657 326 4714 d'
345 4657 425 4715 addit
439 4667 518 4720 sedis.

117 4759 161 4823 Φ)
184 4748 238 4805 Sic
260 4745 296 4800 D¹
310 4743 346 4798 ud
358 4744 436 4801 Μ’
447 4751 473 4802 e'
486 4750 511 4802 e'
524 4749 561 4802 0¹⁰
574 4745 611 4802 dr.
642 4745 670 4802 d¹
684 4769 717 4802 an
729 4754 771 4804 ille
785 4789 792 4803 .
812 4789 819 4803 .
832 4755 917 4811 uoluit,
930 4747 966 4802 Ka
978 4749 1012 4802 0¹
1026 4750 1060 4803 0²
1078 4756 1203 4814 voluerut,
1216 4749 1244 4802 αἱ
1256 4756 1349 4803 emeat.

117 4843 160 4908 ⁴¹)
183 4836 222 4890 Ο·
240 4830 281 4885 0¹
293 4828 331 4884 V¹
345 4831 370 4883 e'
392 4844 504 4888 manente
526 4833 572 4902 (0²
589 4849 642 4888 see.
663 4852 718 4887 cur.
738 4838 878 4904 moriente).
919 4833 1026 4888 Deinde
1048 4833 1085 4887 Ι)7
1102 4837 1131 4887 e³
1153 4839 1350 4888 ecelesiasticam

35 4930 250 4990 recitationem
269 4912 415 4985 scripsisse
432 4917 571 4986 videntur;
590 4935 709 4989 moxque
722 4920 754 4972 0¹
770 4919 804 4971 0²
822 4924 964 4986 contactum
981 4925 1158 4979 remansionis
1175 4937 1225 4973 non
1244 4923 1326 4974 debet.

1080 5007 1146 5070 23*
