3204 5506
627 378 799 428 sersaoni
823 372 851 427 1.
991 444 1000 454 ,
1311 366 1375 432 309

157 532 212 595 eunt
231 530 340 616 redditi,
374 537 410 599 et
435 533 515 599 istos
548 553 733 617 oneramus,
767 556 845 618 quoe
878 538 1028 618 putamus
1061 535 1200 621 absolvi,
1234 538 1374 623 itemque
1391 537 1488 603 (248⁸

152 629 251 699 istorum
275 635 522 722 exaggeratione
555 636 680 721 peccati
716 637 878 701 sententia
907 640 1018 702 nostra
1039 638 1077 702 fit
1103 640 1321 706 irrevocabilis
1355 664 1374 706 a

144 735 255 822 tenure
277 739 478 823 praestituto.
524 736 576 804 Sic
609 738 696 804 enim
723 738 762 803 de
790 738 922 803 istorum
958 743 1140 826 receptione
1168 743 1373 808 tractandum

139 842 196 921 est,
216 843 243 906 ot
265 840 458 907 wnrcientia
485 843 595 906 nostra
617 844 651 905 et
673 841 879 924 existimatio,
904 864 1037 928 quorum
1065 844 1201 909 interest
1222 845 1371 928 maxime,

128 937 173 1007 in
190 943 345 1009 arbutiae
370 965 447 1009 suae
474 943 678 1009 revocatione
701 948 838 1028 curetur,
863 948 896 1009 et
914 945 1001 1030 juste
1023 967 1081 1010 nos
1104 967 1174 1010 eam
1197 951 1274 1012 ante
1294 952 1372 1013 tem·

123 1065 186 1130 pus
203 1066 352 1112 revocasse
384 1046 435 1112 vel
468 1046 629 1112 remisisse
656 1046 840 1112 doceamus:
873 1051 911 1112 ut
947 1049 1043 1113 etiam
1075 1049 1275 1115 consolemur
1307 1073 1371 1134 eos,

120 1148 227 1232 quiin
249 1148 308 1214 fide
340 1148 499 1241 catholica
526 1154 751 1235 perseverant,
787 1150 826 1215 de
840 1150 880 1235 ⁷³)
914 1151 1047 1215 istorum
1085 1152 1373 1219 communicatione

117 1250 285 1334 probantes,
307 1273 375 1316 non
397 1255 508 1317 nostro
530 1273 583 1316 eos
605 1255 684 1317 tunc
707 1253 958 1317 communicasse
979 1254 1147 1336 mandato,
1180 1275 1241 1319 neo
1264 1276 1372 1320 eorum

117 1355 314 1420 communioni
352 1354 538 1439 praebuisse
567 1376 768 1439 consensum,
799 1357 831 1419 et
859 1376 967 1419 secum
990 1377 1048 1419 nos
1070 1356 1105 1420 in
1127 1356 1189 1420 fide
1213 1356 1372 1423 catholica

115 1456 281 1542 perdurare.
325 1455 370 1522 Et
391 1456 462 1522 ideo
486 1457 550 1543 ipsi
572 1478 696 1542 quoque
719 1458 885 1523 nobiscum
911 1457 1059 1522 nituntur
1083 1480 1150 1523 esse
1174 1463 1370 1526 constantes.

117 1553 222 1632 Quodsi
251 1559 323 1625 istis
351 1559 422 1625 sine
451 1559 557 1644 aliquo
587 1559 690 1624 colore
709 1560 855 1644 justitiae
884 1563 959 1624 ante
992 1561 1219 1644 praestitutum
1245 1566 1372 1648 tempus

119 1662 292 1727 arentiam
313 1662 491 1727 relaxatam
513 1661 688 1741 audierint,
723 1684 761 1726 ex
790 1667 901 1726 nostra
928 1662 1093 1728 voluntate
1119 1684 1172 1728 eos
1199 1666 1372 1731 communi·

126 1783 198 1829 uusee
216 1764 361 1830 credituri
384 1768 475 1847 sunt,
504 1769 537 1830 et
562 1765 633 1845 hoc,
663 1764 745 1848 quod
768 1763 963 1849 suspendere
991 1765 1051 1829 visi
1080 1787 1204 1849 sumus,
1233 1766 1371 1833 fortasse

126 1863 331 1932 simulatorium
359 1866 400 1930 ad
422 1866 636 1932 excusationis
659 1866 815 1950 umbram,
843 1870 875 1931 et
898 1888 956 1931 nos
978 1870 1233 1953 transgressores
1257 1871 1371 1935 merito

129 1963 302 2045 judicabunt:
326 1968 453 2054 ipsique
475 1973 532 2034 aut
553 1969 704 2034 deficient
727 1973 760 2033 et
781 1969 909 2033 illorum
932 1970 1148 2034 communioni
1171 1992 1205 2035 se
1227 1971 1394 2054 eradent,-

134 2072 177 2131 su
191 2070 331 2154 juranos
353 2070 555 2135 damnabunt
582 2075 746 2156 tamquam
775 2071 1007 2136 communionis
1031 2072 1155 2136 alienae
1184 2073 1234 2137 vel
1262 2076 1369 2139 catho-

138 2164 193 2234 licae
209 2172 372 2238 violatores
396 2173 638 2238 communionis.

195 2273 235 2338 39.
277 2273 442 2352 Quomodo
475 2297 552 2361 ergo
578 2277 642 2341 ieta
669 2281 837 2359 curentur,
871 2277 961 2360 justa
989 2278 1071 2341 ratio
1099 2282 1148 2341 eet
1175 2277 1367 2362 quaerenda.

142 2368 199 2445 us
214 2377 298 2442 nulla
314 2381 365 2443 eet
386 2378 461 2461 alia,
491 2379 553 2442 nisi
581 2382 618 2442 ut
638 2379 694 2444 isti
717 2379 900 2444 releventur
929 2384 960 2444 et
983 2383 1184 2462 excusentur,
1214 2400 1291 2464 quoe
1319 2402 1371 2445 vo·

76 2530 80 2535 .
143 2469 210 2542 lmus
231 2484 305 2545 ante
334 2480 546 2546 constitutum
573 2483 699 2564 tempus
728 2481 866 2565 absolvi,
900 2482 1050 2566 justaque
1084 2481 1230 2546 videatur
1257 2485 1369 2548 nostra

145 2579 256 2668 raeda
277 2582 339 2649 boc
361 2586 469 2648 autem
491 2583 561 2648 fieri
582 2586 699 2668 potest,
724 2582 750 2648 si
773 2585 808 2648 in
831 2584 988 2649 Acacium
1012 2587 1128 2649 cuncta
1153 2586 1369 2671 transgressio

84 2697 88 2703 '
145 2680 321 2752 uncam.
366 2684 456 2762 Quod
485 2689 519 2751 et
545 2685 593 2751 illi
619 2685 698 2771 ipsi,
728 2687 782 2771 qui
811 2687 843 2751 in
872 2686 934 2751 fide
962 2686 1121 2752 catholica
1148 2691 1366 2772 perseverant,

145 2785 210 2869 begis
226 2788 290 2854 lieri
313 2788 465 2853 ardenter
487 2791 692 2873 exspectant,
719 2789 755 2853 in
782 2787 872 2852 illum
895 2790 980 2853 enim
1003 2789 1075 2874 plue
1097 2791 1245 2856 saeviunt
1273 2813 1367 2877 quam

76 2900 88 2919 ’·
145 2880 244 2974 uisa,
272 2887 419 2976 tantique
445 2889 612 2957 habebunt
638 2892 717 2956 istor
740 2891 887 2975 relaxari,
911 2892 1080 2957 dummodo
1102 2893 1137 2958 in
1158 2893 1260 2977 illum,
1286 2896 1366 2960 tam-

76 3016 90 3031 “·
146 3002 204 3067 qun
220 2997 376 3059 auctorem
397 2993 694 3079 praevaricationis,
719 2995 826 3058 omnia
850 2994 983 3058 audiant
998 2995 1169 3060 malefacta
1184 2995 1364 3061 transferri.

146 3081 201 3160 blod
215 3117 303 3181 quum
326 3096 435 3179 fuerit,
459 3096 528 3161 sine
550 3096 752 3160 dubitatione
776 3097 990 3180 subsequitur,
1018 3100 1055 3161 ut
1072 3098 1162 3181 justa
1185 3100 1229 3161 sit
1250 3118 1363 3181 poena,

146 3182 210 3260 ilest
227 3199 312 3282 justa
334 3199 516 3281 damnatio,
546 3219 626 3283 quae
656 3197 685 3263 ei
707 3219 764 3282 pro
793 3199 843 3262 his
871 3198 1017 3265 videatur
1039 3199 1177 3264 inflicta:
1206 3220 1287 3284 quae
1312 3199 1365 3264 ds·

76 3305 81 3310 '
146 3297 224 3363 busto
241 3300 274 3366 in
295 3302 345 3367 sui
370 3305 480 3365 tenore
503 3300 683 3365 insolubilis
706 3322 774 3364 esse
797 3305 1003 3366 monstratur.
1034 3302 1147 3387 ltaque
1169 3302 1207 3365 fit
1228 3323 1365 3386 persona

76 3420 84 3436 '·
146 3387 338 3469 irrmedicbilis
361 3402 474 3468 Aeacii
497 3404 530 3467 in
555 3403 805 3488 exaggeratione
829 3401 971 3467 criminis
985 3436 986 3441 κ
1001 3408 1034 3468 et
1057 3405 1268 3469 conventione
1297 3405 1365 3475 vin·

146 3488 217 3567 fidae.
247 3504 329 3570 Nam
353 3506 380 3570 si
402 3513 561 3571 curatione
583 3513 674 3570 totius
703 3511 857 3570 Ecclesiae
890 3527 1027 3590 persona
1060 3507 1172 3571 Aeacii
1201 3507 1364 3590 liberetur,

147 3598 214 3669 ‘list
230 3607 399 3673 secundum
421 3607 774 3672 sententiam-nostram
797 3613 892 3672 eruut
914 3608 1016 3673 modis
1041 3609 1187 3673 omnibus
1211 3609 1363 3676 absoluti:

146 3692 229 3772 Aac
247 3711 406 3796 gennem),
430 3709 512 3793 quod
535 3732 631 3794 supra
654 3709 802 3793 diximus,
826 3711 988 3795 quianon
1012 3710 1171 3775 adnititur
1190 3712 1365 3796 imperator

146 3803 318 3895 suppum,
342 3813 531 3878 alterutram
554 3817 678 3896 partem
707 3835 773 3876 non
802 3813 950 3896 expedire
977 3813 1107 3896 poterit,
1137 3813 1191 3878 sed
1214 3835 1362 3898 gravare.
1389 3879 1392 3882 ⁴

145 3893 204 3971 Unde
218 3915 339 3979 uonnim
359 3913 417 3979 illo
444 3914 511 3978 eolo
536 3914 631 3978 modo
658 3914 752 3978 rebus
780 3915 953 3979 remedium
981 3915 1211 3998 providendum
1239 3920 1298 3997 est,
1328 3926 1364 3980 ut

144 4001 200 4081 llll
215 4013 246 4080 de
271 4016 471 4081 absolutione
499 4020 616 4101 agatur
639 4017 750 4081 Aeacii
775 4038 845 4081 cum
875 4017 975 4080 totius
1002 4017 1170 4083 dumtaxat
1198 4017 1362 4082 Ecclesiae

145 4107 248 4200 “litote
276 4122 308 4183 et
330 4119 377 4183 sio
398 4119 470 4184 istis
497 4118 541 4182 eit
567 4140 624 4183 suo
652 4119 762 4183 ordine
791 4120 981 4183 relaxatum.
1027 4118 1060 4184 Si
1089 4119 1227 4182 Aeacius
1256 4120 1363 4182 autem

144 4207 211 4277 mdis
226 4221 364 4285 omnibus
388 4220 509 4285 absolvi
533 4220 682 4304 noluerit,
705 4222 840 4285 istorum
861 4243 998 4305 persona
1019 4220 1106 4285 illius
1129 4221 1362 4305 aggravatione

145 4300 264 4404 tuatim,
290 4344 328 4389 eo
349 4323 471 4408 magis,
500 4322 584 4407 quod
612 4325 644 4386 et
671 4323 814 4387 oblatum
843 4323 903 4387 sibi
934 4323 1072 4387 Aeacius
1101 4323 1259 4406 respuisse
1287 4343 1361 4387 con·

144 4405 248 4506 ffidtu,
268 4429 299 4492 et
320 4435 432 4490 nostra
455 4424 516 4489 erit
536 4430 688 4489 excusata
711 4425 884 4507 sententia,
909 4424 995 4488 etde
1010 4425 1144 4488 istorum
1160 4423 1360 4488 absolutione

146 4514 197 4578 mle
214 4523 321 4612 tempus
348 4528 495 4611 impensa
522 4531 556 4592 et
582 4527 620 4591 de
648 4527 735 4591 illius
768 4549 839 4591 cum
862 4526 1112 4611 exaggeratione
1135 4525 1278 4590 criminis
1304 4525 1359 4591 da·

145 4663 394 4694 Κὴ-

191 4769 213 4838 ”l
224 4775 253 4831 N'
266 4797 415 4853 perperam
432 4787 464 4836 de
481 4789 584 4836 istorum
602 4789 856 4837 execramunr'catr'one
872 4783 1039 4850 probantibus
1101 4786 1171 4850 quod
1187 4789 1242 4836 ieris
1253 4789 1308 4838 eine
1319 4823 1327 4857 5
1337 4823 1358 4836 ..

143 4856 245 4917 ‘Amen
259 4860 397 4922 ec'uorrra
413 4871 548 4923 uoluntate.

191 4941 321 5011 'ltaliae
336 4957 481 5008 emine
497 4965 613 5018 ambae,
635 4973 685 5024 qua
707 4958 800 5007 Vitatis
817 4962 843 5007 er
859 4955 976 5007 Misenus
992 4956 1125 5007 contrivit
1140 4965 1205 5008 aaut.

1386 607 1492 671 -eesi
