3204 5506
209 335 251 397 48
576 348 709 397 111111
733 349 884 396 renarra
908 347 1107 397 11111111

210 518 264 567 etc.
296 508 465 584 Quapropter
479 509 657 566 indubitatum
674 511 737 565 milri
752 510 866 572 ridetur,
888 526 957 570 euru,
979 511 1025 582 qui
1041 509 1178 565 decretum
1195 509 1228 564 de
1245 508 1329 570 libris,
1351 508 1435 582 quale
1451 509 1480 563 in

211 594 322 650 llarlaeo
338 594 481 670 exemplari
503 604 599 657 exstat,
615 594 766 668 descripsit,
788 612 820 651 ex
836 611 868 651 eo
884 603 1023 668 gestorum
1040 594 1124 655 ioute.
1148 593 1219 650 uncle
1234 595 1319 667 prima
1331 601 1479 668 gestarum

209 680 317 736 illorum
340 698 401 754 pars
424 679 551 754 indagia
573 698 603 736 11
620 682 828 753 praenominatis
850 679 907 735 aliis
922 678 1060 735 codicibus
1075 679 1193 735 derivata
1208 689 1259 741 est,
1275 680 1409 735 hausisse.
1443 681 1479 734 tta

210 782 273 821 vero
285 766 307 820 is
323 774 400 838 gesta
415 765 459 821 1111
476 782 530 821 111
547 767 673 822 Damaso
688 764 737 821 sed
753 766 866 821 Gelasio
887 765 1015 837 inscripta
1037 764 1111 821 vidit.
1142 763 1210 820 ilinc
1225 765 1311 838 igitur
1324 782 1360 821 eo
1372 765 1479 820 certius

209 851 364 925 corrigitur,
386 866 454 924 qnae
475 851 502 906 iu
523 850 667 924 exemplari
687 849 771 924 Regio
797 859 878 924 atque
899 849 1024 905 Romanis
1047 847 1206 923 praeligitur
1226 850 1376 924 inscriptio,
1400 848 1478 923 quod

209 935 283 999 baec,
306 937 344 990 uti
365 938 646 1008 praemonstravimus,
667 952 728 991 curu
750 935 910 1009 fragmento,
934 935 976 991 cui
996 932 1112 1008 praelixa
1127 945 1177 997 est.
1200 936 1326 1008 componi
1343 933 1479 990 1111111·

210 1023 283 1077 tione
295 1028 384 1094 queat.
411 1020 551 1076 Praeterea
566 1020 658 1077 codice
674 1019 785 1076 ilariaco
802 1021 851 1077 hac
866 1022 892 1076 in
909 1037 938 1076 re
953 1018 1153 1093 adstipulantur
1168 1037 1222 1076 non
1238 1020 1319 1076 modo
1331 1019 1478 1076 Gratianus

209 1105 272 1161 dist.
289 1105 337 1161 15.
353 1123 377 1161 c.
393 1105 421 1167 3,
447 1106 617 1162 burchardus
630 1104 675 1160 lib.
685 1106 713 1162 3.
730 1105 832 1168 1220,
848 1105 893 1160 lro
910 1104 982 1161 decr.
998 1103 1105 1177 partd.
1123 1105 1196 1162 obi
1212 1113 1240 1161 11
1257 1105 1306 1168 65,
1327 1104 1477 1168 Pannorm,

211 1189 246 1253 ΙΙ,
263 1189 302 1247 94
319 1199 346 1246 11
364 1190 437 1254 123,
471 1191 612 1246 nnsetmus
629 1189 741 1246 Lucens.
763 1189 810 1246 lib.
828 1191 846 1247 6
867 1209 891 1246 c.
912 1190 971 1258 187
992 1187 1049 1261 (tib.
1067 1189 1095 1244 2.
1118 1207 1142 1246 1.
1157 1189 1216 1248 193
1232 1189 1265 1245 11.
1283 1188 1390 1261 aaut),
1425 1189 1479 1245 111-

209 1274 306 1331 riulius
322 1275 449 1349 spicileg.
467 1284 533 1332 torn.
549 1275 578 1339 4,
594 1295 621 1349 p.
634 1274 705 1339 484,
722 1274 878 1330 ilincmarus
895 1273 994 1331 111155
1010 1275 1127 1349 capitum
1142 1293 1165 1331 c.
1175 1273 1224 1338 24,
1238 1275 1363 1331 Nicolaus
1379 1275 1399 1330 1.
1419 1275 1480 1349 epi·

210 1360 279 1416 stola
292 1359 412 1422 1111142,
428 1359 519 1435 Lupus
532 1360 710 1417 Ferrarieusis
727 1359 773 1417 lib.
790 1360 823 1416 de
840 1360 925 1416 tribus
937 1367 1041 1434 quaest.
1056 1368 1083 1415 et
1095 1361 1172 1434 epist.
1183 1359 1252 1424 128,
1269 1369 1351 1435 atque
1361 1358 1479 1416 enaim

210 1445 321 1519 Magnus
336 1444 381 1500 lib.
399 1444 514 1502 Carolin.
538 1445 602 1501 12.
625 1463 647 1500 1.
667 1446 705 1502 13
726 1455 755 1501 11
775 1444 869 1502 11114.
892 1463 915 1500 c.
935 1446 975 1503 10
992 1452 1020 1499 et
1037 1446 1084 1508 11,
1106 1445 1153 1500 sed
1174 1454 1201 1502 et
1216 1447 1350 1501 innumeri
1365 1444 1479 1501 codices

210 1532 322 1604 antiqui,
343 1533 389 1604 qui
410 1531 547 1587 decretum
568 1531 600 1586 de
621 1529 695 1586 libris
722 1530 827 1586 Gelasio
849 1529 1012 1586 adscribunt.
1056 1529 1216 1587 Pearsonius
1238 1532 1296 1604 ipse
1322 1532 1402 1586 testis
1424 1539 1477 1592 est.

211 1616 281 1671 bunc
303 1633 397 1689 papam
415 1614 473 1686 ejus
488 1624 625 1672 auctorem
647 1616 729 1671 asseri
750 1617 776 1671 in
797 1615 899 1680 codice,
923 1632 1002 1689 quern
1023 1613 1186 1672 Lanirancus
1202 1615 1403 1672 Gantuariensis
1420 1617 1479 1689 epi·

210 1717 308 1774 scopus
329 1704 364 1757 de
384 1702 529 1758 Beccensi
548 1702 690 1770 coenob'a,
722 1708 752 1758 nt
773 1705 893 1757 antistes
913 1704 962 1758 ille
981 1702 1116 1773 loquitur,
1141 1705 1170 1757 in
1191 1701 1340 1775 Anpliaam
1363 1707 1479 1757 terram

210 1785 371 1858 transferri
381 1786 468 1858 fecit,
486 1789 585 1861 quique
600 1787 754 1842 etiamnunc
768 1784 942 1860 Centobrigae
961 1785 1064 1842 visitur.
1088 1784 1186 1842 Scribit
1197 1784 1365 1842 ilabillanius
1377 1792 1480 1842 noster

210 1870 266 1927 lib·
279 1869 312 1926 de
334 1870 426 1946 liturg.
440 1872 530 1928 Gallie.
547 1888 609 1946 pag.
620 1871 690 1933 386.
707 1872 733 1927 11
744 1871 870 1927 Vaticano
886 1861 1029 1946 exemplari
1044 1870 1141 1942 litteris
1158 1871 1294 1945 quadratis
1309 1881 1373 1928 ante
1388 1887 1479 1928 annos

211 1957 266 2014 lere
282 1956 354 2012 mille
368 1959 470 2032 scripto
487 1957 624 2013 decretum
639 1956 709 2012 idern
725 1955 816 2013 baberi
831 1955 881 2036 sub
897 1957 949 2013 boc
965 1955 1059 2012 titulo:
1080 1957 1188 2028 Incipit
1203 1958 1350 2013 decretale
1366 1958 1482 2014 Gelasit‘

205 2057 306 2115 papae
321 2043 402 2098 urbis
415 2043 524 2099 Romae
536 2036 574 2116 ¹);
597 2059 627 2097 ac
643 2051 782 2116 praetcrea
797 2044 867 2097 iuter
882 2042 997 2104 codices,
1017 2044 1063 2114 qui
1079 2040 1206 2098 Ludovici
1222 2042 1260 2098 Pii
1275 2044 1432 2116 principatu
1446 2039 1479 2097 ab

211 2128 342 2201 dnsegiso
359 2126 519 2184 Flaviacensi
536 2128 698 2183 monasterio
719 2129 840 2183 concessi
856 2126 986 2202 leguntur
1007 2127 1034 2182 iu
1049 2126 1183 2183 Chronica
1199 2125 1413 2190 Fontanellensi.
1436 2142 1480 2182 rc·

210 2214 313 2268 censeri
335 2211 459 2269 volumen
481 2230 563 2269 unum
584 2221 690 2287 praeter
705 2213 755 2268 alia
781 2217 930 2270 continens
950 2215 1067 2270 decreta
1091 2212 1199 2269 Gelasii
1214 2229 1314 2286 papae
1335 2214 1371 2269 de
1392 2212 1480 2269 libris

210 2298 384 2370 recipiendis
400 2306 427 2354 et
441 2316 497 2355 nan
513 2300 695 2370 recipiendis.
715 2296 833 2352 Vidimus
848 2300 899 2371 ipsi
915 2315 945 2354 ac
960 2299 1168 2371 recognovimus
1185 2315 1239 2359 non
1254 2314 1336 2372 pauca
1353 2296 1480 2369 ejusdcm

210 2383 311 2439 decreti
332 2382 453 2456 exempla
481 2393 568 2439 vetera
589 2383 799 2455 nominatimque
821 2399 902 2438 unum
924 2383 986 2439 olim
1013 2400 1035 2437 s.
1058 2382 1145 2457 Sergii
1167 2382 1377 2458 Andegavensis,
1400 2399 1479 2439 nunc

211 2466 331 2525 111111).
348 2466 543 2541 Capucinorum
559 2467 806 2541 Rotomagensiunr,
830 2467 1022 2542 llcmigianum,
1038 2468 1228 2542 losapbateum
1239 2468 1318 2539 justa
1333 2467 1479 2530 Carnutes,

210 2552 350 2614 beccense,
373 2551 548 2616 Navarrcum,
570 2551 746 2616 Goislianum,
769 2554 948 2609 Germanense
975 2552 1045 2609 lraud
1067 2553 1163 2627 procul
1189 2552 1220 2608 ab
1243 2561 1330 2610 aetate
1352 2553 1479 2610 Venantii

211 2636 359 2700 Fortunati,
387 2636 463 2707 cnjus
484 2639 600 2694 carmina
620 2639 749 2702 continet,
778 2646 921 2700 exaratum,
950 2637 1122 2695 blorbacense
1143 2656 1197 2695 nau
1220 2638 1305 2694 multo
1326 2639 1478 2700 recentius.

211 2721 378 2778 colbertinae
393 2720 569 2779 bibliothecae
590 2725 717 2797 quinque,
738 2732 765 2779 et
779 2724 850 2779 inter
870 2741 900 2779 ea
915 2740 1007 2787 unum,
1030 2731 1059 2779 ut
1073 2722 1197 2786 diximus.
1219 2732 1409 2797 pervetustum
1433 2722 1478 2779 lit·

213 2808 278 2864 teris
294 2805 500 2881 Langobardicis
517 2807 691 2883 descriptum.
723 2809 757 2864 11
772 2826 836 2865 vero
852 2817 893 2865 tot
908 2811 979 2866 inter
994 2810 1100 2866 codices
1116 2809 1220 2865 nullum
1236 2808 1477 2883 deprehendimus,

211 2894 256 2966 qui
272 2892 408 2966 hocopus
424 2892 530 2949 Gelasio
547 2911 601 2949 non
617 2893 759 2950 adscribat.

297 2979 325 3034 7.
352 2977 410 3033 Huc
429 2979 498 3034 redit
519 2980 650 3052 quaestio,
673 2979 811 3052 quomodo
833 2979 986 3053 Dionysium
1007 2980 1118 3054 fugerit,
1134 2988 1180 3035 ant
1195 2997 1243 3035 cur
1258 2979 1289 3035 ab
1305 2996 1338 3034 eo
1353 2988 1479 3053 praeter·

212 3065 321 3120 missurn
337 3063 372 3119 sit
388 3063 440 3119 boc
454 3062 601 3129 decretum,
624 3066 647 3120 si
663 3064 768 3120 Gelasio
784 3074 894 3121 auctore
914 3082 945 3121 ac
965 3065 1087 3139 praeside
1107 3066 1133 3119 11
1149 3065 1284 3138 frequenti
1300 3064 1408 3138 syuodo
1424 3063 1480 3130 Ro·

211 3166 286 3204 mana
301 3148 403 3204 editum
424 3148 484 3204 init.
515 3149 546 3205 Ni
562 3150 650 3214 iallor,
674 3167 728 3205 non
749 3149 810 3206 ideo
831 3152 1049 3224 praetermissum
1071 3158 1121 3210 est,
1144 3152 1205 3223 quia
1220 3151 1271 3225 ipsi
1286 3149 1405 3212 latuerit,
1428 3149 1478 3206 sed

212 3236 272 3307 quia
287 3235 394 3290 minime
410 3233 442 3289 ad
462 3251 574 3309 scopum
589 3234 662 3291 illius
677 3234 837 3308 pertinebat.
876 3234 928 3309 lpsi
950 3252 1046 3310 nempe
1066 3234 1093 3290 id
1114 3234 1217 3291 consilii
1239 3234 1298 3296 suit,
1321 3242 1350 3290 ut
1370 3236 1480 3308 primae

211 3318 378 3375 collectionis
395 3336 459 3376 suae
474 3321 542 3393 parti
559 3337 675 3376 canones
691 3320 794 3394 pridem
816 3330 950 3394 receptas,
973 3337 1002 3376 11
1021 3329 1174 3393 postremae
1189 3318 1369 3376 Romanorum
1385 3320 1480 3394 ponti·

212 3403 291 3459 ficum
311 3402 447 3477 epistolas,
469 3422 524 3468 non
544 3405 681 3479 synodalia
702 3412 788 3478 gesta,
819 3422 887 3479 quae
908 3405 1020 3461 iormaur
1041 3405 1214 3479 epistolarem
1235 3406 1342 3461 minime
1363 3422 1430 3479 prae
1447 3421 1481 3463 sc

213 3488 321 3549 terrent.
344 3490 488 3551 1111111111,
511 3489 633 3564 adeoque
654 3491 682 3545 in
703 3499 824 3545 neutram
848 3490 1022 3546 conveniebat
1043 3490 1095 3546 boc
1116 3489 1263 3547 decretum.
1300 3488 1365 3545 Nam
1386 3507 1480 3564 neque

211 3575 282 3629 inter
303 3590 419 3630 canones
440 3573 503 3629 olim
519 3583 643 3648 receptos
666 3591 754 3648 neque
775 3576 844 3631 iuter
865 3577 1016 3631 antistitum
1032 3574 1211 3631 Romanorum
1226 3573 1355 3650 epistolas
1370 3576 1481 3631 censeri

210 3665 326 3731 poterat,
342 3658 390 3714 sed
406 3659 476 3714 inter
489 3659 627 3732 synodalia
643 3667 729 3733 gesta.
760 3659 857 3716 Postea
874 3661 982 3734 quidem
999 3661 1173 3734 dionysianae
1188 3660 1350 3723 collectioni,
1367 3660 1480 3733 qualem

212 3742 358 3798 lladrianus
374 3743 384 3798 1
399 3742 494 3799 Garolo
512 3744 608 3818 biaguo
624 3743 706 3806 dedit,
723 3745 826 3801 ‹liversa
845 3744 1026 3802 Romanorum
1041 3746 1217 3802 conciliarum
1233 3744 1284 3800 snb
1299 3743 1479 3818 pontificibus

211 3827 310 3890 llilaro,
339 3826 426 3884 Felice
441 3828 469 3889 11,
492 3829 650 3902 Symmacho
672 3837 699 3885 et
720 3830 851 3904 Gregorio
869 3829 978 3900 juniore
999 3838 1170 3887 accesserunt
1191 3838 1277 3905 gesta.
1308 3828 1361 3886 Sed
1382 3830 1481 3902 hujus·

212 3912 284 3969 modi
301 3922 441 3987 gestorum
462 3915 488 3969 in
510 3915 643 3987 primaeva
663 3923 690 3970 ct
706 3916 823 3989 genuina
839 3915 955 3989 Dionysii
978 3906 1139 3973 collectione
1160 3917 1225 3972 nibil
1241 3923 1389 3989 comparet.
1423 3915 1481 3972 b'ec

211 3998 268 4060 alia,
293 4007 323 4054 ut
343 3998 407 4054 mibi
429 3998 544 4061 videtur,
566 4017 645 4055 causa
662 4000 723 4062 luit,
745 4018 794 4056 cur
813 4003 919 4075 sapiens
936 4001 981 4058 ille
998 4003 1144 4058 monachus
1159 4018 1266 4074 semper
1280 3999 1330 4056 sibi
1345 4010 1481 4056 constans

210 4083 259 4139 alia
281 4083 377 4139 Gelasii
399 4083 432 4139 de
455 4082 625 4141 absolutione
646 4084 739 4140 Miseni
765 4085 878 4142 celebria
899 4094 976 4160 gesta
1002 4089 1103 4160 paritor
1122 4086 1312 4161 praetermisit.
1343 4084 1481 4153 Quemad-

211 4168 319 4224 modum
336 4185 399 4225 vero
415 4186 448 4224 er
464 4169 507 4224 illa
519 4172 754 4242 praetermissione
770 4170 796 4226 id
813 4173 910 4227 nemini
927 4173 999 4227 venit
1015 4174 1040 4227 in
1057 4181 1181 4234 mentem,
1199 4178 1227 4226 ut
1244 4172 1309 4226 baec
1323 4172 1351 4225 11
1364 4170 1481 4228 dubium

211 4264 325 4317 vocaret,
347 4255 384 4310 111
399 4261 426 4309 11
441 4254 475 4310 11
490 4255 602 4312 veritate
618 4264 759 4329 gestorum
774 4255 891 4320 illorum.
914 4257 939 4312 in
961 4255 1058 4330 quibus
1079 4256 1217 4312 decretum
1232 4255 1265 4311 de
1281 4254 1356 4311 libris
1372 4256 1480 4312 editum

211 4348 260 4400 cst.
282 4339 349 4395 nulli
368 4339 442 4411 justa
462 4338 600 4395 dubitandi
622 4358 701 4396 causa
723 4350 874 4402 1111111,
896 4341 968 4414 quod
989 4343 1017 4397 in
1035 4340 1193 4415 llionysiana
1214 4339 1375 4398 collectione
1398 4343 1483 4398 omit·

212 4431 309 4479 tantur.
341 4425 381 4479 An
396 4424 491 4480 saltem
507 4442 610 4488 eorum,
627 4427 672 4499 qui
689 4424 826 4481 decretum
843 4425 909 4482 illud
922 4426 1028 4483 Gelasio
1042 4426 1201 4487 attribuunt.
1218 4426 1408 4482 auctoritatem
1424 4443 1481 4482 non

211 4509 369 4565 imminuant
384 4518 488 4566 veteres
510 4510 624 4574 codices,
648 4512 694 4585 qui
715 4511 802 4567 simile
823 4510 857 4566 de
876 4509 951 4566 libris
973 4511 1111 4569 decretum
1129 4511 1285 4568 llormisdae
1300 4528 1386 4587 papae
1402 4513 1484 4569 attri-

211 4592 306 4657 buunt,
329 4610 401 4651 nuuc
415 4595 618 4669 explorandum.

280 4845 298 4911 ¹)
316 4840 464 4896 1111111111.
477 4843 600 4909 1111113,
619 4843 732 4911 ejusque
745 4843 835 4912 ipsum
848 4843 991 4898 decretum
1003 4861 1020 4898 a
1032 4845 1107 4907 dicto
1119 4844 1274 4900 Fonienino
1287 4843 1404 4900 editum.
1425 4842 1481 4902 Sed

211 4908 281 4967 haec
298 4911 358 4979 ejus
377 4913 479 4966 fortun:
501 4915 595 4981 Incipit
612 4916 741 4966 decretale
758 4918 842 4966 sancti
854 4918 950 4967 Gelasii
958 4933 1053 4982 papae.
1072 4920 1135 4969 Post
1145 4920 1312 4984 propheticas
1324 4918 1378 4969 cbo.
1404 4919 1481 4984 (Ed.)
