3204 5506
378 39 577 155 pronuntiat,
607 89 704 152 quam
731 66 771 132 de
792 66 898 151 seipso
920 67 1073 150 fateatur,
1097 66 1242 153 quamvis
1264 65 1347 131 nihil
1370 65 1436 130 illie
1457 65 1521 131 tale

237 190 507 255 *f,.·m„1prorsus
529 169 670 252 ostendi,
692 170 850 233 *tamen
865 191 962 254 quum
977 167 1039 234 ait:
1063 173 1159 234 Miser
1177 189 1234 247 eoo
1248 173 1346 247 bomo,
1371 174 1439 248 quir
1452 173 1525 233 meli

379 280 417 338 de
437 292 566 353 corpore
586 278 692 336 mortis
712 275 827 350 liujus?
850 278 958 335 Gratia
972 276 1030 335 Dei
1047 291 1105 351 per
1118 275 1219 335 Jeeiim
1235 274 1395 343 euntium,
1418 272 1525 357 tamg

378 396 475 459 quam
496 372 612 437 ludaei
641 376 764 437 remota
791 373 944 456 probetur
966 394 1035 438 esre
1057 392 1210 457 persona:
1238 371 1406 436 audiamus
1432 375 1525 439 tamer

378 475 466 557 alibi,
489 475 579 560 quasi
595 497 664 539 sese
686 496 783 538 manu
799 474 929 558 propria
947 475 1171 557 designantem
1187 495 1225 538 aa
1242 473 1451 559 semetipsum
1467 496 1525 561 spa

283 564 360 685 [ξοξέ
378 578 591 641 indicantem:
616 583 682 654 Epo
703 583 767 656 ipse
782 589 879 640 mente
893 584 991 641 servio
1006 583 1069 655 leui
1076 576 1114 660 Ν)
1131 580 1196 665 Ilei,
1213 597 1310 641 cerne
1324 588 1425 641 eutem
1440 582 1503 657 leui
1510 598 1525 657 p

284 673 365 752 iiior]
379 682 411 743 et
427 680 504 743 item
527 678 565 742 de
588 679 709 761 seipso:
734 683 855 757 Castipo
869 700 981 758 eorpus
1000 700 1096 743 meum
1118 691 1148 743 et
1167 686 1197 742 iu
1217 685 1391 743 seruitutem
1406 685 1521 759 redipo,

293 773 363 830 9³²⁷·
377 789 447 845 aliis
466 787 623 860 praedico,
647 787 712 859 ipse
732 785 878 860 reprobus
899 783 1030 856 efficiar.
1076 779 1153 855 Quis
1175 780 1277 864 igitur
1297 800 1365 844 non
1387 780 1525 845 advertat

378 884 533 946 interesse
555 881 706 966 potuerit,
735 881 819 965 quod
849 881 991 945 membra
1014 904 1072 944 sua
1095 881 1284 967 castigando
1311 880 1507 964 refrenaret,

378 985 496 1068 probus
525 984 708 1064 exsisteret,
737 983 763 1045 si
793 982 890 1046 nullis
913 982 1031 1047 talibus
1054 981 1192 1048 stimulis
1214 982 1413 1067 pulsaretur,
1442 1004 1518 1068 quos

377 1085 483 1169 gendo
510 1090 543 1149 et
572 1108 637 1149 non
667 1085 808 1169 eorporis
842 1086 890 1148 sui
925 1086 1138 1170 castigatione
1170 1084 1366 1170 subigendo,
1401 1084 1525 1170 reprobi

379 1187 558 1271 potuisset?
591 1186 793 1271 Quapropter
815 1209 912 1270 quum
934 1187 1013 1251 haee
1036 1191 1069 1251 et
1091 1187 1226 1270 apostoli
1249 1187 1288 1252 de
1310 1187 1525 1272 semetipsisp

377 1289 475 1351 irrisae
498 1291 727 1371 monstrentur,
752 1288 806 1372 qui
829 1288 955 1351 etiamsi
977 1289 1040 1352 ista
1062 1289 1195 1353 minime
1217 1288 1445 1372 prodidissent,
1467 1309 1525 1374 pm

380 1391 430 1453 bio
467 1393 576 1454 tanren
609 1411 720 1453 omnes
760 1388 937 1452 orationem
970 1389 1163 1455 dominicam
1200 1394 1234 1455 et
1260 1391 1444 1456 necessario
1456 1390 1493 1477 ¹⁶)
1518 1411 1525 1473 1

379 1494 490 1556 carent
519 1495 551 1554 et
579 1491 733 1576 veraeiffi)
763 1491 856 1554 eorde
879 1492 1071 1576 proferrent,
1095 1514 1158 1577 qua
1181 1492 1323 1576 quotidie
1351 1492 1525 1589 supplicant

376 1601 455 1658 mitti
480 1600 539 1658 sibi
562 1615 618 1658 suo
647 1599 746 1658 debita
773 1593 991 1677 postularent,
1022 1598 1055 1658 et
1084 1616 1122 1658 ue
1148 1600 1179 1658 iu
1208 1603 1404 1661 tentationem
1431 1599 1525 1660 induci

375 1718 498 1777 errasse,
529 1699 562 1759 et
585 1699 621 1759 ut
649 1717 669 1758 α
691 1702 771 1758 mulo
793 1701 1000 1760 liberarentur
1027 1696 1215 1780 suppliciter
1236 1696 1427 1782 implorasse
1454 1696 1525 1761 does

376 1801 507 1882 propter
517 1796 554 1881 Π)
588 1796 664 1880 quid
692 1796 788 1859 etiam
817 1796 929 1860 beatus
957 1796 1125 1861 Johannes
1147 1798 1326 1882 apostolus,
1356 1798 1440 1884 quod
1460 1819 1525 1883 supr

375 1900 577 1979 dictumest,
609 1897 803 1981 intelligitur
824 1897 970 1981 edidisse,
1000 1899 1125 1963 dicens:
1149 1904 1185 1963 Si
1210 1905 1380 1966 dixerimus
1407 1922 1460 1967 uas
1483 1920 1525 1981 pn

375 2023 434 2066 non
464 2007 585 2079 babere,
616 2006 789 2064 mendaeem
813 2003 965 2076 faciemus
991 2020 1068 2079 eum,
1108 1999 1272 2066 Christum
1301 2002 1443 2087 sedicet,
1472 2001 1521 2088 qui

490 2176 493 2181 v
512 2173 681 2181 -.—--——

445 2274 475 2340 ¹³)
493 2272 524 2325 ln
542 2272 619 2341 prius
632 2271 752 2340 vulgatis
769 2283 795 2325 ee
807 2277 884 2335 ιιιειιις
903 2273 932 2325 et
944 2271 1043 2327 deinde
1056 2271 1136 2326 valde
1154 2272 1322 2344 perturbata
1332 2273 1525 2345 interpunctior

376 2358 418 2412 est
436 2356 540 2411 Gelasii
558 2355 656 2410 oratio.
693 2355 758 2410 Mox
775 2372 827 2425 pro
846 2377 877 2410 ne
896 2369 977 2411 tamen
994 2357 1139 2420 mallemus
1157 2379 1204 2413 nee
1221 2370 1313 2413 ιιιιιιειι.

446 2443 476 2511 ¹⁴)
493 2441 589 2496 Verba
609 2446 661 2496 ner
681 2461 759 2496 earne
782 2453 864 2495 aretem
887 2447 937 2511 lepi
958 2442 994 2496 ab
1012 2442 1095 2497 editis
1114 2443 1217 2498 omissa
1239 2461 1273 2499 ex
1291 2444 1326 2498 G'
1347 2446 1516 2501 rotomum

376 2543 439 2581 mox
459 2532 527 2596 qiuari
543 2531 701 2595 neplipendo⁴

446 2615 475 2680 ¹³)
493 2610 587 2666 Vanus
605 2610 764 2680 hujusmodi
783 2610 927 2682 opiniones
940 2612 1002 2681 jam
1019 2614 1238 2684 praedamnarat
1254 2631 1327 2670 anno
1345 2621 1397 2671 tta
1415 2613 1525 2671 eoncilia

375 2697 539 2765 tlnrginense
557 2703 646 2751 canl
666 2699 804 2762 statuens,
822 2709 848 2751 ιιι
866 2704 1006 2767 quicunque
1024 2705 1133 2762 (imerii,
1152 2706 1178 2753 in
1196 2706 1314 2755 erutione
1332 2706 1466 2757 Domiuieu
1481 2705 1525 2756 tuta

374 2794 478 2837 sonetur
496 2788 610 2849 „dimitte
634 2784 704 2835 uobis
722 2786 807 2836 debita
825 2791 938 2849 nortru“,
963 2795 1057 2837 utnon
1079 2805 1128 2853 pra
1146 2805 1174 2839 ae
1192 2791 1256 2854 ipris
1273 2790 1320 2841 boe
1338 2791 1438 2850 dieunt,
1461 2806 1518 2857 qm

375 2873 411 2921 eir
423 2872 481 2934 jum
500 2875 646 2921 necessaria
664 2871 726 2921 boec
742 2873 845 2936 petitio,
863 2874 911 2921 aed
927 2889 976 2937 pro
994 2875 1063 2928 aliie.
1081 2875 1214 2924 oumbeum
1231 2877 1273 2926 ait.

445 2955 474 3022 ¹⁶)
493 2953 553 3006 Hoc
571 2951 651 3006 addit
667 2953 784 3021 proptor
801 2968 861 3018 eos,
880 2951 937 3020 qni,
955 2956 986 3006 nt
1003 2955 1085 3009 notat
1102 2956 1233 3023 generale
1244 2954 1358 3010 Atridae
1369 2955 1525 3012 concilium:

375 3038 464 3091 tatum
478 3055 537 3092 ean.
551 3044 580 3104 8,
600 3043 658 3106 ipsu
675 3043 752 3091 uerba
770 3043 909 3091 ‹lominicoe
927 3045 1060 3099 orationis.
1079 3044 1121 3094 ubi
1137 3046 1254 3095 dicimus:
1279 3044 1406 3106 „Dimitte
1418 3045 1525 3097 notun

374 3129 460 3184 atro“,
480 3128 516 3177 itu
533 3130 619 3177 nolunt
635 3145 652 3176 α
669 3128 765 3177 sanctia
783 3127 845 3184 diei,
869 3134 897 3176 ut
914 3127 1039 3178 brumiliter
1056 3129 1116 3187 boe,
1135 3145 1185 3181 nou
1203 3132 1331 3181 ueraciter
1348 3133 1464 3187 dicmur.-
1480 3122 1525 3197 qul

374 3206 478 3259 ibidem
492 3223 550 3261 ean.
565 3213 581 3259 b
600 3208 783 3274 memoratur,
801 3207 1016 3278 praedicabant,
1034 3220 1143 3278 propter
1155 3214 1316 3265 umilitatem
1327 3231 1379 3268 aaa
1391 3223 1511 3283 oportere

375 3311 424 3344 nou
441 3296 535 3345 babere
554 3305 694 3361 peceatum.
715 3314 763 3346 nou
782 3299 841 3362 qreio
859 3299 895 3347 ιἰιι
914 3315 973 3349 rere
991 3307 1037 3348 eat.
1071 3294 1176 3359 Quibus
1193 3295 1336 3364 reinhalda,
1353 3296 1430 3353 idem
1441 3294 1525 3352 eonffl

376 3375 526 3430 anathema
544 3377 620 3431 dicit.
651 3377 686 3431 lli
699 3394 818 3431 annones
836 3380 951 3447 uulgato
965 3379 1058 3433 codiee
1072 3395 1160 3433 canon
1175 3380 1351 3437 euoluitur.
1366 3388 1425 3451 tre,
1439 3380 1525 3437 libel

376 3460 442 3513 serti
460 3464 532 3514 seint.

444 3548 474 3615 ¹⁷)
493 3547 523 3599 ln
536 3547 656 3615 vulgatis
670 3553 782 3617 Propter
793 3555 868 3619 quod.
898 3549 1038 3605 Orationis
1052 3551 1137 3606 series
1149 3551 1297 3609 evidenter
1312 3554 1443 3624 postulat
1454 3562 1525 3625 nupt
