3204 5506
338 1136 597 1234 INDEX
651 1135 1118 1236 GHNEHALIS.

542 1542 729 1608 Praefatio
751 1541 914 1607 editoris.
1287 1640 1330 1681 W

95 1701 118 1760 ξ.
134 1700 157 1748 1.
181 1693 223 1747 De
242 1693 331 1748 causis
350 1695 379 1748 et
397 1693 504 1763 origine
522 1695 604 1763 hujus
626 1710 715 1751 novae
738 1693 868 1749 editionis
891 1693 1072 1765 epistolarum
1091 1695 1227 1750 Romano-

248 1796 309 1833 rum
326 1777 488 1849 pontificum
508 1821 1222 1835 ...............
1338 1780 1363 1835 V

95 1868 118 1928 ς.
132 1869 157 1916 2.
180 1863 221 1917 De
239 1863 378 1933 prioribus
395 1863 495 1918 harum
507 1865 689 1934 epistolarum
704 1865 880 1931 editionibus,
899 1881 971 1933 quae
981 1864 1136 1919 Constantii
1149 1882 1228 1919 curas

247 1950 416 2019 exceperunt
454 1990 1220 2004 ................
1311 1948 1362 2004 VH

94 2039 118 2097 §-
132 2040 156 2087 3.
180 2032 347 2102 Prospectus
364 2033 447 2102 hujus
465 2049 553 2088 novae
573 2034 709 2089 editionis.
738 2033 882 2098 Quomodo
896 2033 1049 2088 Constantii
1063 2035 1091 2087 et
1103 2033 1228 2086 Durandi

247 2117 287 2171 ibi
304 2117 397 2172 studia
409 2133 540 2173 connexa.
575 2118 716 2190 Principia
727 2118 831 2184 critica,
850 2135 922 2187 quac
939 2119 968 2172 in
985 2118 1084 2172 eadem
1102 2117 1229 2172 adhibita
1299 2118 1363 2173 XIV

94 2207 117 2265 ,3.
131 2208 156 2255 4.
180 2202 276 2256 Brevis
295 2203 420 2256 recensio
439 2203 576 2271 codicum,
595 2204 642 2273 qui
660 2204 689 2257 in
707 2203 760 2258 hac
778 2203 898 2258 editione
916 2203 1036 2257 adhibiti
1053 2205 1117 2258 sunt
1165 2245 1170 2256 .
1215 2245 1221 2256 .
1286 2203 1362 2256 XVII

94 2292 118 2351 §-
132 2293 155 2340 5.
180 2287 290 2341 Tabula
307 2287 432 2342 codicum
450 2288 640 2342 adhibitorum
657 2304 808 2356 eorumque
826 2287 958 2358 siglorum
1015 2329 1223 2342 .....
1263 2288 1363 2343 XXXV

636 2445 830 2454 —.----———·—

463 2559 467 2571 '
577 2561 713 2627 lionita
734 2560 880 2644 praevia

419 2685 450 2743 in
473 2685 616 2761 epistolas
638 2686 842 2745 Rornanorum
863 2686 1043 2745 Pontificum

247 2796 368 2880 Hilari,
398 2798 570 2883 Simplicii,
599 2799 714 2864 Felicis
736 2766 791 2882 HJ
815 2799 950 2877 Gelasii,
974 2800 1139 2863 Anastasii
1161 2799 1209 2881 ll,

513 2900 715 2985 Symmachi,
739 2901 940 2965 Hormisdae.

93 3033 201 3088 Monita
217 3033 333 3103 praevia
349 3034 378 3088 in
395 3034 486 3090 Hilari
503 3035 635 3106 epistolas
658 3079 664 3091 .
710 3080 715 3090 .
757 3043 766 3090 ·.
810 3078 1271 3090 ..........

93 3118 200 3173 Monita
217 3118 333 3187 praevia
349 3118 379 3172 in
397 3118 531 3190 Simplicii
549 3119 682 3190 epistolas
709 3162 1272 3175 ............
1354 3128 1360 3144 ”

93 3203 201 3257 Monita
217 3204 333 3273 praevia
350 3204 379 3257 in
396 3204 495 3259 Felicis
507 3205 533 3259 II
552 3205 684 3274 epistolas
707 3246 1272 3260 ............
1345 3211 1362 3259 9

93 3287 201 3342 Monita
218 3288 333 3357 praevia
350 3288 379 3342 in
397 3287 501 3344 Gelasii
519 3289 651 3360 epistolas
710 3331 1272 3344 ............
1329 3296 1361 3344 31

93 3372 201 3427 Monita
218 3374 333 3443 praevia
349 3373 378 3428 in
395 3375 533 3430 anastasii
550 3376 576 3430 H
594 3375 725 3445 epistolas
759 3417 765 3428 .
810 3371 823 3427 .’
861 3416 1271 3428 .........
1328 3379 1361 3429 82

93 3458 201 3513 Monita
217 3460 333 3528 praevia
349 3458 378 3512 in
398 3460 557 3528 Symmachi
574 3459 707 3530 epistolas
758 3501 1067 3512 .......
1111 3499 1118 3547 ἱ
1163 3500 1168 3511 .
1215 3500 1219 3509 .
1265 3500 1270 3510 .
1328 3461 1362 3511 85

93 3543 201 3597 Monita
217 3544 333 3612 praevia
350 3543 379 3597 in
397 3545 561 3599 Hormisdae
580 3544 712 3616 epistolas
760 3585 1069 3597 .......
1114 3553 1120 3595 ·.
1166 3585 1171 3594 .
1216 3584 1221 3595 .
1268 3585 1273 3594 .
1315 3548 1363 3597 104

476 3817 643 3883 'lentus
671 3817 985 3901 Epistolarum.

583 3971 615 4035 S.
640 3971 772 4037 Hilarus
794 3994 879 4056 papa

95 4138 156 4191 tom
404 4071 441 4138 (d.
464 4079 494 4126 19
507 4072 576 4125 Nov.
596 4089 621 4127 a.
635 4078 682 4126 soi
703 4104 734 4112 —
755 4073 779 4126 d.
800 4080 831 4127 21
848 4073 928 4127 Febr.
948 4091 972 4127 a.
986 4076 1056 4141 ios).

179 4206 205 4259 S.
224 4205 313 4260 Hilari
330 4223 422 4276 papae
441 4207 499 4261 vita
555 4248 1272 4264 ...............
1315 4212 1362 4263 100

129 4299 151 4344 1.
179 4290 267 4344 Hilari
286 4291 395 4346 diaoom
413 4292 450 4346 ad
468 4291 641 4346 Pulcheriam
660 4294 823 4362 Augustam.
861 4296 1053 4362 ,,Σπουδη’ν“.
1085 4299 1242 4355 „diminuat
1267 4334 1273 4345 .
1315 4300 1362 4348 12⁷

127 4382 149 4434 2.
179 4375 268 4429 Hilari
286 4376 475 4431 archidiaconi
492 4376 528 4430 ad
547 4376 708 4431 Victorium.
745 4381 840 4442 „Quam
855 4385 1005 4447 pleruqae“.
1064 4418 1272 4431 .....
1314 4384 1363 4433 130

127 4468 150 4514 3.
177 4460 294 4514 Victorii
312 4461 349 4515 ad
366 4461 493 4515 Hilarum
511 4460 744 4516 archidiaconum.
780 4467 920 4525 „Urinam
923 4503 1271 4516 ........
1314 4470 1363 4518 130

126 4553 150 4600 4.
178 4545 269 4599 Hilari
286 4562 377 4616 papae
396 4546 432 4600 ad
449 4545 596 4601 Leontium
615 4546 775 4617 episcopum
791 4547 989 4602 Arelatensem.
1025 4553 1221 4612 „Quantum·‘..
1266 4589 1272 4599 .
1315 4553 1362 4602 137

126 4637 150 4684 0.
177 4631 285 4685 Leontii
304 4630 427 4701 episcopi
444 4630 615 4686 Arelatensis
633 4631 669 4685 ad
687 4631 821 4686 Hilarum.
859 4637 951 4699 „Quod
969 4636 1105 4688 Leonem“.
1165 4674 1170 4684 .
1216 4674 1221 4684 .
1267 4673 1272 4684 .
1314 4637 1362 4687 138

126 4722 149 4769 0.
178 4715 266 4769 Hilari
282 4733 374 4785 papae
392 4715 429 4768 ad
446 4716 593 4771 Leontium
611 4716 811 4771 Arelatensem.
848 4722 1002 4775 ..dilectioni
1018 4729 1105 4770 oreae·
1165 4760 1170 4770 .
1216 4759 1221 4768 .
1267 4759 1271 4768 .
1315 4722 1362 4770 139

126 4806 148 4853 7.
179 4799 240 4867 de.
260 4800 294 4853 ad
313 4800 460 4854 Leontium
477 4800 678 4855 Arelatensem.
715 4805 877 4862 ‚,Miramm···
880 4842 1271 4855 .........
1313 4806 1362 4856 140

124 4891 149 4937 8.
177 4884 238 4955 de.
257 4885 293 4938 ad
311 4884 456 4955 episcopos
473 4885 644 4940 diversarum
660 4885 866 4956 provinciarum
884 4885 999 4941 Galliac.
1036 4891 1232 4957 „vocemquam
1265 4926 1271 4938 .
1314 4891 1359 4941 141
