<?xml version="1.0" encoding="UTF-8"?>
<!DOCTYPE html PUBLIC "-//W3C//DTD XHTML 1.0 Transitional//EN"
    "http://www.w3.org/TR/xhtml1/DTD/xhtml1-transitional.dtd">
<html xmlns="http://www.w3.org/1999/xhtml" xml:lang="en" lang="en">
 <head>
  <title>
</title>
<meta http-equiv="Content-Type" content="text/html;charset=utf-8" />
  <meta name='ocr-system' content='tesseract 3.04.00' />
  <meta name='ocr-capabilities' content='ocr_page ocr_carea ocr_par ocr_line ocrx_word'/>
</head>
<body>
  <div class='ocr_page' id='page_1' title='image "./epistolaeromano00thiegoog/epistolaeromano00thiegoog_1025.png"; bbox 0 0 3204 5506; ppageno 0'>
   <div class='ocr_carea' id='block_1_1' title="bbox 190 327 1070 396">
    <p class='ocr_par' dir='ltr' id='par_1_1' title="bbox 190 327 1070 396">
     <span class='ocr_line' id='line_1_1' title="bbox 190 327 1070 396; baseline -0.005 0"><span class='ocrx_word' id='word_1_1' title='bbox 190 329 252 396; x_wconf 76' lang='grc'>976</span> <span class='ocrx_word' id='word_1_2' title='bbox 631 346 659 395; x_wconf 84' lang='grc' dir='ltr'>ε.</span> <span class='ocrx_word' id='word_1_3' title='bbox 676 343 883 393; x_wconf 76' lang='lat' dir='ltr'>nosursnus</span> <span class='ocrx_word' id='word_1_4' title='bbox 904 344 1018 393; x_wconf 74' lang='lat' dir='ltr'>raras</span> <span class='ocrx_word' id='word_1_5' title='bbox 1068 327 1070 330; x_wconf 49' lang='lat'><strong>⁴</strong></span> 
     </span>
    </p>
   </div>
   <div class='ocr_carea' id='block_1_2' title="bbox 76 495 1455 787">
    <p class='ocr_par' dir='ltr' id='par_1_2' title="bbox 76 495 1455 787">
     <span class='ocr_line' id='line_1_2' title="bbox 76 495 1454 585; baseline 0 -23"><span class='ocrx_word' id='word_1_6' title='bbox 76 525 101 562; x_wconf 85' lang='lat' dir='ltr'>a</span> <span class='ocrx_word' id='word_1_7' title='bbox 112 512 171 562; x_wconf 75' lang='lat'>521.</span> <span class='ocrx_word' id='word_1_8' title='bbox 186 500 263 565; x_wconf 89' lang='grc' dir='ltr'><strong><em>δόνι</em></strong></span> <span class='ocrx_word' id='word_1_9' title='bbox 275 497 431 580; x_wconf 76' lang='grc' dir='ltr'><em>σύνοδος,</em></span> <span class='ocrx_word' id='word_1_10' title='bbox 449 495 532 581; x_wconf 84' lang='grc' dir='ltr'><strong><em>ὅπερ</em></strong></span> <span class='ocrx_word' id='word_1_11' title='bbox 544 497 709 583; x_wconf 84' lang='grc' dir='ltr'><strong><em>χρήσιμον</em></strong></span> <span class='ocrx_word' id='word_1_12' title='bbox 724 498 796 562; x_wconf 88' lang='grc' dir='ltr'><strong><em>οία-</em></strong></span> <span class='ocrx_word' id='word_1_13' title='bbox 849 499 928 563; x_wconf 90' lang='lat' dir='ltr'>libet</span> <span class='ocrx_word' id='word_1_14' title='bbox 950 499 1122 584; x_wconf 75' lang='lat' dir='ltr'>diligentia</span> <span class='ocrx_word' id='word_1_15' title='bbox 1151 499 1315 583; x_wconf 85' lang='lat' dir='ltr'>potuisset</span> <span class='ocrx_word' id='word_1_16' title='bbox 1341 502 1454 585; x_wconf 86' lang='lat' dir='ltr'>excogi-</span> 
     </span>
     <span class='ocr_line' id='line_1_3' title="bbox 186 597 1455 686; baseline 0 -21"><span class='ocrx_word' id='word_1_17' title='bbox 186 601 311 685; x_wconf 79' lang='grc' dir='ltr'><strong><em>δήποτε</em></strong></span> <span class='ocrx_word' id='word_1_18' title='bbox 341 598 511 684; x_wconf 83' lang='grc' dir='ltr'><strong><em>ἐπιμέλεια</em></strong></span> <span class='ocrx_word' id='word_1_19' title='bbox 538 597 687 684; x_wconf 82' lang='grc' dir='ltr'><strong><em>ἠδύνατο</em></strong></span> <span class='ocrx_word' id='word_1_20' title='bbox 723 599 797 664; x_wconf 83' lang='grc' dir='ltr'><strong><em>ἐπι·</em></strong></span> <span class='ocrx_word' id='word_1_21' title='bbox 848 603 935 683; x_wconf 85' lang='lat' dir='ltr'>tare,</span> <span class='ocrx_word' id='word_1_22' title='bbox 959 600 1143 684; x_wconf 88' lang='lat' dir='ltr'>praeteriit:</span> <span class='ocrx_word' id='word_1_23' title='bbox 1167 622 1252 685; x_wconf 86' lang='lat' dir='ltr'>quae</span> <span class='ocrx_word' id='word_1_24' title='bbox 1275 601 1455 686; x_wconf 81' lang='lat' dir='ltr'>praeceden-</span> 
     </span>
     <span class='ocr_line' id='line_1_4' title="bbox 185 698 1454 787; baseline 0.001 -20"><span class='ocrx_word' id='word_1_25' title='bbox 185 707 323 786; x_wconf 84' lang='grc' dir='ltr'><strong><em>νοῆσαι,</em></strong></span> <span class='ocrx_word' id='word_1_26' title='bbox 361 702 593 787; x_wconf 75' lang='grc' dir='ltr'><strong><em>παρέδραμεν,</em></strong></span> <span class='ocrx_word' id='word_1_27' title='bbox 629 698 701 785; x_wconf 83' lang='grc' dir='ltr'><strong><em>ἥτις</em></strong></span> <span class='ocrx_word' id='word_1_28' title='bbox 728 705 798 765; x_wconf 78' lang='grc' dir='ltr'>τῶν</span> <span class='ocrx_word' id='word_1_29' title='bbox 848 703 931 766; x_wconf 91' lang='lat' dir='ltr'>tium</span> <span class='ocrx_word' id='word_1_30' title='bbox 951 723 1077 786; x_wconf 90' lang='lat' dir='ltr'>quoque</span> <span class='ocrx_word' id='word_1_31' title='bbox 1099 702 1258 787; x_wconf 78' lang='lat' dir='ltr'>dogmata</span> <span class='ocrx_word' id='word_1_32' title='bbox 1280 702 1332 767; x_wconf 86' lang='lat' dir='ltr'>vel</span> <span class='ocrx_word' id='word_1_33' title='bbox 1349 702 1454 768; x_wconf 82' lang='lat' dir='ltr'>clarius</span> 
     </span>
    </p>
   </div>
   <div class='ocr_carea' id='block_1_3' title="bbox 51 903 1455 3752">
    <p class='ocr_par' dir='ltr' id='par_1_3' title="bbox 51 903 1455 3752">
     <span class='ocr_line' id='line_1_5' title="bbox 186 903 1454 992; baseline 0.002 -23"><span class='ocrx_word' id='word_1_34' title='bbox 186 905 208 991; x_wconf 79' lang='grc' dir='ltr'><em>ἢ</em></span> <span class='ocrx_word' id='word_1_35' title='bbox 229 906 498 990; x_wconf 80' lang='grc' dir='ltr'><strong><em>τηλαυγέστερον</em></strong></span> <span class='ocrx_word' id='word_1_36' title='bbox 521 904 751 989; x_wconf 77' lang='grc' dir='ltr'><em>ἐφανέρωσεν,</em></span> <span class='ocrx_word' id='word_1_37' title='bbox 774 903 796 989; x_wconf 79' lang='grc' dir='ltr'><em>ἢ</em></span> <span class='ocrx_word' id='word_1_38' title='bbox 847 905 943 970; x_wconf 88' lang='lat' dir='ltr'>ritate</span> <span class='ocrx_word' id='word_1_39' title='bbox 965 905 1121 986; x_wconf 83' lang='lat' dir='ltr'>firmavit,</span> <span class='ocrx_word' id='word_1_40' title='bbox 1146 906 1289 991; x_wconf 87' lang='lat' dir='ltr'>speciale</span> <span class='ocrx_word' id='word_1_41' title='bbox 1307 906 1454 992; x_wconf 84' lang='lat' dir='ltr'>quoddam</span> 
     </span>
     <span class='ocr_line' id='line_1_6' title="bbox 187 1003 1453 1093; baseline 0.001 -20"><span class='ocrx_word' id='word_1_42' title='bbox 187 1007 468 1091; x_wconf 81' lang='grc' dir='ltr'><strong><em>ἐπαναληφθεῐσα</em></strong></span> <span class='ocrx_word' id='word_1_43' title='bbox 483 1012 523 1092; x_wconf 75' lang='grc' dir='ltr'>τῇ</span> <span class='ocrx_word' id='word_1_44' title='bbox 540 1003 703 1092; x_wconf 80' lang='grc' dir='ltr'><strong><em>αὐθεντίᾳ</em></strong></span> <span class='ocrx_word' id='word_1_45' title='bbox 720 1008 796 1090; x_wconf 78' lang='grc' dir='ltr'><strong><em>έβε-</em></strong></span> <span class='ocrx_word' id='word_1_46' title='bbox 847 1007 998 1072; x_wconf 79' lang='lat' dir='ltr'>adversus</span> <span class='ocrx_word' id='word_1_47' title='bbox 1019 1007 1208 1072; x_wconf 75' lang='lat' dir='ltr'>Nestorium</span> <span class='ocrx_word' id='word_1_48' title='bbox 1231 1012 1265 1073; x_wconf 90' lang='lat' dir='ltr'>et</span> <span class='ocrx_word' id='word_1_49' title='bbox 1282 1007 1453 1093; x_wconf 81' lang='lat' dir='ltr'>Eutychen</span> 
     </span>
     <span class='ocr_line' id='line_1_7' title="bbox 185 1106 1453 1195; baseline 0.002 -21"><span class='ocrx_word' id='word_1_50' title='bbox 185 1111 344 1194; x_wconf 85' lang='grc' dir='ltr'><strong><em>βαίωσεν,</em></strong></span> <span class='ocrx_word' id='word_1_51' title='bbox 358 1109 468 1174; x_wconf 84' lang='grc' dir='ltr'><strong><em>ίδικόν</em></strong></span> <span class='ocrx_word' id='word_1_52' title='bbox 483 1133 558 1174; x_wconf 89' lang='grc' dir='ltr'><strong><em>τινα</em></strong></span> <span class='ocrx_word' id='word_1_53' title='bbox 574 1106 657 1175; x_wconf 83' lang='grc' dir='ltr'><strong><em>κατὰ</em></strong></span> <span class='ocrx_word' id='word_1_54' title='bbox 665 1113 795 1174; x_wconf 86' lang='grc' dir='ltr'><strong><em>Νεστο-</em></strong></span> <span class='ocrx_word' id='word_1_55' title='bbox 848 1131 1001 1195; x_wconf 83' lang='lat' dir='ltr'>aggressa</span> <span class='ocrx_word' id='word_1_56' title='bbox 1025 1113 1207 1194; x_wconf 86' lang='lat' dir='ltr'>certamen,</span> <span class='ocrx_word' id='word_1_57' title='bbox 1239 1111 1377 1176; x_wconf 83' lang='lat' dir='ltr'>alterum</span> <span class='ocrx_word' id='word_1_58' title='bbox 1398 1112 1453 1176; x_wconf 91' lang='lat' dir='ltr'>dei-</span> 
     </span>
     <span class='ocr_line' id='line_1_8' title="bbox 187 1209 1453 1296; baseline 0.003 -20"><span class='ocrx_word' id='word_1_59' title='bbox 187 1214 264 1295; x_wconf 88' lang='grc' dir='ltr'><strong><em>ρίου</em></strong></span> <span class='ocrx_word' id='word_1_60' title='bbox 292 1210 348 1275; x_wconf 83' lang='grc' dir='ltr'>καὶ</span> <span class='ocrx_word' id='word_1_61' title='bbox 371 1209 545 1294; x_wconf 76' lang='grc' dir='ltr'><strong><em>Εὐιυχοῦς</em></strong></span> <span class='ocrx_word' id='word_1_62' title='bbox 567 1209 795 1296; x_wconf 84' lang='grc' dir='ltr'><strong><em>ἅναδεξαμέυη</em></strong></span> <span class='ocrx_word' id='word_1_63' title='bbox 847 1215 948 1276; x_wconf 83' lang='lat' dir='ltr'>tatem</span> <span class='ocrx_word' id='word_1_64' title='bbox 970 1210 1100 1276; x_wconf 86' lang='lat' dir='ltr'>Domini</span> <span class='ocrx_word' id='word_1_65' title='bbox 1122 1214 1228 1278; x_wconf 77' lang='lat' dir='ltr'>nostri</span> <span class='ocrx_word' id='word_1_66' title='bbox 1248 1212 1330 1278; x_wconf 87' lang='lat' dir='ltr'>Jesu</span> <span class='ocrx_word' id='word_1_67' title='bbox 1344 1213 1453 1280; x_wconf 78' lang='lat' dir='ltr'>Christi</span> 
     </span>
     <span class='ocr_line' id='line_1_9' title="bbox 186 1311 1452 1398; baseline 0.002 -21"><span class='ocrx_word' id='word_1_68' title='bbox 186 1311 313 1397; x_wconf 76' lang='grc' dir='ltr'><strong><em>ἀγῶνα,</em></strong></span> <span class='ocrx_word' id='word_1_69' title='bbox 344 1318 406 1378; x_wconf 86' lang='grc' dir='ltr'>τοῦ</span> <span class='ocrx_word' id='word_1_70' title='bbox 427 1313 490 1398; x_wconf 76' lang='grc' dir='ltr'>μὲν</span> <span class='ocrx_word' id='word_1_71' title='bbox 511 1311 627 1397; x_wconf 84' lang='grc' dir='ltr'><strong><em>ἑτέρου</em></strong></span> <span class='ocrx_word' id='word_1_72' title='bbox 650 1311 712 1396; x_wconf 80' lang='grc' dir='ltr'>την</span> <span class='ocrx_word' id='word_1_73' title='bbox 733 1317 796 1378; x_wconf 86' lang='grc' dir='ltr'>τοῦ</span> <span class='ocrx_word' id='word_1_74' title='bbox 847 1336 867 1376; x_wconf 90' lang='lat' dir='ltr'>a</span> <span class='ocrx_word' id='word_1_75' title='bbox 890 1335 985 1379; x_wconf 83' lang='lat' dir='ltr'>carne</span> <span class='ocrx_word' id='word_1_76' title='bbox 1007 1317 1216 1398; x_wconf 74' lang='lat' dir='ltr'>separantem</span> <span class='ocrx_word' id='word_1_77' title='bbox 1241 1319 1274 1380; x_wconf 85' lang='lat' dir='ltr'>et</span> <span class='ocrx_word' id='word_1_78' title='bbox 1296 1316 1368 1380; x_wconf 88' lang='lat' dir='ltr'>ideo</span> <span class='ocrx_word' id='word_1_79' title='bbox 1388 1338 1452 1380; x_wconf 85' lang='lat' dir='ltr'>san-</span> 
     </span>
     <span class='ocr_line' id='line_1_10' title="bbox 186 1413 1453 1502; baseline 0.002 -23"><span class='ocrx_word' id='word_1_80' title='bbox 186 1418 309 1499; x_wconf 83' lang='grc' dir='ltr'><strong><em>αυρίου</em></strong></span> <span class='ocrx_word' id='word_1_81' title='bbox 324 1413 697 1500; x_wconf 79' lang='grc' dir='ltr'><strong><em>ἡμῶνἸησοῠΧριστοῦ</em></strong></span> <span class='ocrx_word' id='word_1_82' title='bbox 711 1413 796 1479; x_wconf 80' lang='grc' dir='ltr'><strong><em>θεό-</em></strong></span> <span class='ocrx_word' id='word_1_83' title='bbox 848 1419 933 1479; x_wconf 87' lang='lat' dir='ltr'>ctam</span> <span class='ocrx_word' id='word_1_84' title='bbox 975 1415 1113 1480; x_wconf 90' lang='lat' dir='ltr'>Mariam</span> <span class='ocrx_word' id='word_1_85' title='bbox 1156 1416 1221 1481; x_wconf 90' lang='lat' dir='ltr'>Dei</span> <span class='ocrx_word' id='word_1_86' title='bbox 1270 1418 1453 1502; x_wconf 83' lang='lat' dir='ltr'>genitricem</span> 
     </span>
     <span class='ocr_line' id='line_1_11' title="bbox 185 1512 1452 1602; baseline 0.002 -20"><span class='ocrx_word' id='word_1_87' title='bbox 185 1540 267 1601; x_wconf 85' lang='grc' dir='ltr'><strong><em>τητα</em></strong></span> <span class='ocrx_word' id='word_1_88' title='bbox 289 1513 356 1580; x_wconf 78' lang='grc' dir='ltr'>ἀπὸ</span> <span class='ocrx_word' id='word_1_89' title='bbox 372 1521 430 1600; x_wconf 84' lang='grc' dir='ltr'>της</span> <span class='ocrx_word' id='word_1_90' title='bbox 444 1512 569 1600; x_wconf 81' lang='grc' dir='ltr'><strong><em>σαρκὸς</em></strong></span> <span class='ocrx_word' id='word_1_91' title='bbox 586 1520 795 1601; x_wconf 70' lang='grc' dir='ltr'><strong><em>χωριζοντος,</em></strong></span> <span class='ocrx_word' id='word_1_92' title='bbox 846 1517 1057 1602; x_wconf 88' lang='lat' dir='ltr'>pronuntiare</span> <span class='ocrx_word' id='word_1_93' title='bbox 1100 1518 1279 1602; x_wconf 83' lang='lat' dir='ltr'>vitantem,</span> <span class='ocrx_word' id='word_1_94' title='bbox 1326 1519 1452 1584; x_wconf 89' lang='lat' dir='ltr'>alterum</span> 
     </span>
     <span class='ocr_line' id='line_1_12' title="bbox 186 1614 1451 1701; baseline 0.002 -18"><span class='ocrx_word' id='word_1_95' title='bbox 186 1618 242 1683; x_wconf 81' lang='grc' dir='ltr'>καλ</span> <span class='ocrx_word' id='word_1_96' title='bbox 265 1618 320 1683; x_wconf 81' lang='grc' dir='ltr'>διδ</span> <span class='ocrx_word' id='word_1_97' title='bbox 343 1621 441 1682; x_wconf 83' lang='grc' dir='ltr'><strong><em>τοῦτο</em></strong></span> <span class='ocrx_word' id='word_1_98' title='bbox 464 1614 527 1701; x_wconf 79' lang='grc' dir='ltr'>τὴν</span> <span class='ocrx_word' id='word_1_99' title='bbox 542 1615 642 1700; x_wconf 80' lang='grc' dir='ltr'><strong><em>ἁγίαν</em></strong></span> <span class='ocrx_word' id='word_1_100' title='bbox 655 1621 795 1701; x_wconf 87' lang='grc' dir='ltr'><strong><em>Μαρίαν</em></strong></span> <span class='ocrx_word' id='word_1_101' title='bbox 846 1619 1015 1683; x_wconf 87' lang='lat' dir='ltr'>veritatem</span> <span class='ocrx_word' id='word_1_102' title='bbox 1042 1619 1148 1683; x_wconf 89' lang='lat' dir='ltr'>carnis</span> <span class='ocrx_word' id='word_1_103' title='bbox 1181 1620 1218 1684; x_wconf 91' lang='lat' dir='ltr'>in</span> <span class='ocrx_word' id='word_1_104' title='bbox 1245 1619 1386 1686; x_wconf 88' lang='lat' dir='ltr'>Domino</span> <span class='ocrx_word' id='word_1_105' title='bbox 1409 1644 1451 1685; x_wconf 84' lang='lat' dir='ltr'>re</span> 
     </span>
     <span class='ocr_line' id='line_1_13' title="bbox 185 1718 1452 1804; baseline 0.002 -19"><span class='ocrx_word' id='word_1_106' title='bbox 185 1720 350 1786; x_wconf 83' lang='grc' dir='ltr'><strong><em>δεοτόκον</em></strong></span> <span class='ocrx_word' id='word_1_107' title='bbox 378 1718 590 1802; x_wconf 79' lang='grc' dir='ltr'><strong><em>ἐξαγγέλλειν</em></strong></span> <span class='ocrx_word' id='word_1_108' title='bbox 617 1720 796 1785; x_wconf 79' lang='grc' dir='ltr'><strong><em>ἐκκλίνον·</em></strong></span> <span class='ocrx_word' id='word_1_109' title='bbox 846 1723 1014 1784; x_wconf 85' lang='lat' dir='ltr'>nuentem:</span> <span class='ocrx_word' id='word_1_110' title='bbox 1037 1721 1165 1804; x_wconf 92' lang='lat' dir='ltr'>quando</span> <span class='ocrx_word' id='word_1_111' title='bbox 1176 1719 1338 1787; x_wconf 89' lang='lat' dir='ltr'>Dominus</span> <span class='ocrx_word' id='word_1_112' title='bbox 1351 1728 1452 1788; x_wconf 84' lang='lat' dir='ltr'>noster</span> 
     </span>
     <span class='ocr_line' id='line_1_14' title="bbox 185 1818 1450 1906; baseline 0.002 -20"><span class='ocrx_word' id='word_1_113' title='bbox 185 1845 252 1903; x_wconf 84' lang='grc' dir='ltr'><strong><em>τος,</em></strong></span> <span class='ocrx_word' id='word_1_114' title='bbox 274 1825 336 1886; x_wconf 87' lang='grc' dir='ltr'>τοῦ</span> <span class='ocrx_word' id='word_1_115' title='bbox 358 1820 394 1886; x_wconf 73' lang='grc' dir='ltr'>δὲ</span> <span class='ocrx_word' id='word_1_116' title='bbox 418 1820 534 1904; x_wconf 81' lang='grc' dir='ltr'><strong><em>ἑτέρου</em></strong></span> <span class='ocrx_word' id='word_1_117' title='bbox 554 1818 615 1905; x_wconf 79' lang='grc' dir='ltr'>τὴν</span> <span class='ocrx_word' id='word_1_118' title='bbox 631 1818 796 1905; x_wconf 77' lang='grc' dir='ltr'><strong><em>ἀληθειαν</em></strong></span> <span class='ocrx_word' id='word_1_119' title='bbox 846 1820 942 1886; x_wconf 83' lang='lat' dir='ltr'>Jesus</span> <span class='ocrx_word' id='word_1_120' title='bbox 964 1821 1111 1888; x_wconf 79' lang='lat' dir='ltr'>Christus</span> <span class='ocrx_word' id='word_1_121' title='bbox 1143 1823 1230 1887; x_wconf 86' lang='lat' dir='ltr'>idem</span> <span class='ocrx_word' id='word_1_122' title='bbox 1256 1823 1358 1889; x_wconf 86' lang='lat' dir='ltr'>Filius</span> <span class='ocrx_word' id='word_1_123' title='bbox 1385 1823 1450 1906; x_wconf 88' lang='lat' dir='ltr'>Dei,</span> 
     </span>
     <span class='ocr_line' id='line_1_15' title="bbox 186 1919 1451 2009; baseline 0.002 -21"><span class='ocrx_word' id='word_1_124' title='bbox 186 1928 244 2009; x_wconf 81' lang='grc' dir='ltr'>τῆς</span> <span class='ocrx_word' id='word_1_125' title='bbox 259 1920 383 2007; x_wconf 81' lang='grc' dir='ltr'><strong><em>σαρκὸς</em></strong></span> <span class='ocrx_word' id='word_1_126' title='bbox 404 1922 443 1988; x_wconf 86' lang='grc' dir='ltr'>έν</span> <span class='ocrx_word' id='word_1_127' title='bbox 458 1927 504 2009; x_wconf 75' lang='grc' dir='ltr'>τῷ</span> <span class='ocrx_word' id='word_1_128' title='bbox 519 1924 636 2009; x_wconf 77' lang='grc' dir='ltr'><strong><em>Κυρίῳ</em></strong></span> <span class='ocrx_word' id='word_1_129' title='bbox 652 1919 796 1987; x_wconf 71' lang='lat' dir='ltr'>dravus·</span> <span class='ocrx_word' id='word_1_130' title='bbox 847 1922 932 1987; x_wconf 89' lang='lat' dir='ltr'>idem</span> <span class='ocrx_word' id='word_1_131' title='bbox 942 1924 979 2008; x_wconf 78' lang='lat'>¹⁷)</span> <span class='ocrx_word' id='word_1_132' title='bbox 1002 1923 1158 2006; x_wconf 90' lang='lat' dir='ltr'>hominis,</span> <span class='ocrx_word' id='word_1_133' title='bbox 1191 1947 1258 1989; x_wconf 87' lang='lat' dir='ltr'>una</span> <span class='ocrx_word' id='word_1_134' title='bbox 1280 1926 1316 1991; x_wconf 92' lang='lat' dir='ltr'>in</span> <span class='ocrx_word' id='word_1_135' title='bbox 1337 1926 1451 1991; x_wconf 87' lang='lat' dir='ltr'>duabus</span> 
     </span>
     <span class='ocr_line' id='line_1_16' title="bbox 185 2020 1451 2112; baseline 0.002 -21"><span class='ocrx_word' id='word_1_136' title='bbox 185 2025 347 2112; x_wconf 81' lang='grc' dir='ltr'><strong><em>νομένου,</em></strong></span> <span class='ocrx_word' id='word_1_137' title='bbox 381 2022 482 2090; x_wconf 86' lang='grc' dir='ltr'><strong><em>ὁπότε</em></strong></span> <span class='ocrx_word' id='word_1_138' title='bbox 509 2020 526 2089; x_wconf 90' lang='grc' dir='ltr'>ὁ</span> <span class='ocrx_word' id='word_1_139' title='bbox 556 2024 673 2106; x_wconf 80' lang='grc' dir='ltr'><strong><em>κύριος</em></strong></span> <span class='ocrx_word' id='word_1_140' title='bbox 699 2023 796 2108; x_wconf 78' lang='grc' dir='ltr'><strong><em>ἡμῶν</em></strong></span> <span class='ocrx_word' id='word_1_141' title='bbox 847 2046 984 2108; x_wconf 87' lang='lat' dir='ltr'>persona</span> <span class='ocrx_word' id='word_1_142' title='bbox 1016 2026 1141 2090; x_wconf 88' lang='lat' dir='ltr'>naturis</span> <span class='ocrx_word' id='word_1_143' title='bbox 1169 2026 1352 2092; x_wconf 84' lang='lat' dir='ltr'>divinitatis</span> <span class='ocrx_word' id='word_1_144' title='bbox 1379 2029 1451 2109; x_wconf 56' lang='grc' dir='ltr'>εἰη)</span> 
     </span>
     <span class='ocr_line' id='line_1_17' title="bbox 180 2117 1452 2211; baseline 0.002 -20"><span class='ocrx_word' id='word_1_145' title='bbox 180 2124 309 2211; x_wconf 80' lang='grc' dir='ltr'><strong><em>Ἰησοῦς</em></strong></span> <span class='ocrx_word' id='word_1_146' title='bbox 326 2124 469 2209; x_wconf 83' lang='grc' dir='ltr'><strong><em>Χριστὸς</em></strong></span> <span class='ocrx_word' id='word_1_147' title='bbox 490 2117 590 2203; x_wconf 85' lang='grc' dir='ltr'><strong><em>οὗτος</em></strong></span> <span class='ocrx_word' id='word_1_148' title='bbox 604 2125 678 2202; x_wconf 84' lang='grc' dir='ltr'><strong><em>υίὸς</em></strong></span> <span class='ocrx_word' id='word_1_149' title='bbox 693 2130 796 2209; x_wconf 85' lang='grc' dir='ltr'><strong>Θεοῦ,</strong></span> <span class='ocrx_word' id='word_1_150' title='bbox 849 2126 970 2210; x_wconf 88' lang='lat' dir='ltr'>carnis,</span> <span class='ocrx_word' id='word_1_151' title='bbox 1007 2148 1068 2192; x_wconf 89' lang='lat' dir='ltr'>nec</span> <span class='ocrx_word' id='word_1_152' title='bbox 1104 2129 1230 2192; x_wconf 87' lang='lat' dir='ltr'>naturis</span> <span class='ocrx_word' id='word_1_153' title='bbox 1265 2130 1452 2195; x_wconf 75' lang='lat' dir='ltr'>adunatione</span> 
     </span>
     <span class='ocr_line' id='line_1_18' title="bbox 186 2224 1451 2317; baseline 0.001 -23"><span class='ocrx_word' id='word_1_154' title='bbox 186 2225 321 2305; x_wconf 82' lang='grc' dir='ltr'><strong><em>ὁαύτδς</em></strong></span> <span class='ocrx_word' id='word_1_155' title='bbox 343 2224 537 2312; x_wconf 79' lang='grc' dir='ltr'><strong><em>ἅνθρωπος,</em></strong></span> <span class='ocrx_word' id='word_1_156' title='bbox 560 2229 598 2294; x_wconf 79' lang='grc' dir='ltr'>ἓν</span> <span class='ocrx_word' id='word_1_157' title='bbox 612 2227 796 2311; x_wconf 83' lang='grc' dir='ltr'><strong><em>πρόσωπον</em></strong></span> <span class='ocrx_word' id='word_1_158' title='bbox 849 2228 1005 2312; x_wconf 85' lang='lat' dir='ltr'>confusis,</span> <span class='ocrx_word' id='word_1_159' title='bbox 1038 2250 1105 2294; x_wconf 91' lang='lat' dir='ltr'>non</span> <span class='ocrx_word' id='word_1_160' title='bbox 1131 2230 1220 2295; x_wconf 87' lang='lat' dir='ltr'>velut</span> <span class='ocrx_word' id='word_1_161' title='bbox 1247 2235 1364 2316; x_wconf 82' lang='lat' dir='ltr'>quarta</span> <span class='ocrx_word' id='word_1_162' title='bbox 1389 2254 1451 2317; x_wconf 86' lang='lat' dir='ltr'>per-</span> 
     </span>
     <span class='ocr_line' id='line_1_19' title="bbox 187 2328 1453 2418; baseline 0.002 -23"><span class='ocrx_word' id='word_1_163' title='bbox 187 2331 225 2395; x_wconf 86' lang='grc' dir='ltr'>έν</span> <span class='ocrx_word' id='word_1_164' title='bbox 248 2328 311 2394; x_wconf 81' lang='grc' dir='ltr'>δύο</span> <span class='ocrx_word' id='word_1_165' title='bbox 333 2330 469 2413; x_wconf 82' lang='grc' dir='ltr'><em>φύσεσι,</em></span> <span class='ocrx_word' id='word_1_166' title='bbox 492 2329 549 2394; x_wconf 82' lang='grc' dir='ltr'>καὶ</span> <span class='ocrx_word' id='word_1_167' title='bbox 563 2330 723 2413; x_wconf 78' lang='grc' dir='ltr'><strong><em>θεότητος</em></strong></span> <span class='ocrx_word' id='word_1_168' title='bbox 740 2330 797 2394; x_wconf 83' lang='grc' dir='ltr'>καλ</span> <span class='ocrx_word' id='word_1_169' title='bbox 847 2351 927 2395; x_wconf 91' lang='lat' dir='ltr'>sona</span> <span class='ocrx_word' id='word_1_170' title='bbox 960 2330 1069 2396; x_wconf 87' lang='lat' dir='ltr'>addita</span> <span class='ocrx_word' id='word_1_171' title='bbox 1096 2331 1269 2411; x_wconf 80' lang='lat' dir='ltr'>Trinitati,</span> <span class='ocrx_word' id='word_1_172' title='bbox 1307 2334 1364 2398; x_wconf 86' lang='lat' dir='ltr'>sed</span> <span class='ocrx_word' id='word_1_173' title='bbox 1391 2334 1453 2418; x_wconf 89' lang='lat' dir='ltr'>ipse</span> 
     </span>
     <span class='ocr_line' id='line_1_20' title="bbox 186 2431 1453 2521; baseline 0.004 -25"><span class='ocrx_word' id='word_1_174' title='bbox 186 2431 322 2516; x_wconf 84' lang='grc' dir='ltr'><strong><em>σαρκὸς,</em></strong></span> <span class='ocrx_word' id='word_1_175' title='bbox 345 2431 425 2498; x_wconf 78' lang='grc' dir='ltr'><strong><em>οὐδὲ</em></strong></span> <span class='ocrx_word' id='word_1_176' title='bbox 448 2436 517 2497; x_wconf 79' lang='grc' dir='ltr'>τῶν</span> <span class='ocrx_word' id='word_1_177' title='bbox 540 2431 681 2515; x_wconf 80' lang='grc' dir='ltr'><strong><em>φύσεων</em></strong></span> <span class='ocrx_word' id='word_1_178' title='bbox 702 2431 740 2497; x_wconf 81' lang='grc' dir='ltr'>ἐν</span> <span class='ocrx_word' id='word_1_179' title='bbox 755 2435 796 2514; x_wconf 80' lang='grc' dir='ltr'>τῇ</span> <span class='ocrx_word' id='word_1_180' title='bbox 847 2431 947 2496; x_wconf 83' lang='lat' dir='ltr'>Filius</span> <span class='ocrx_word' id='word_1_181' title='bbox 991 2431 1052 2498; x_wconf 88' lang='lat' dir='ltr'>Dei</span> <span class='ocrx_word' id='word_1_182' title='bbox 1094 2436 1314 2521; x_wconf 58' lang='lat' dir='ltr'>exirianiview)</span> <span class='ocrx_word' id='word_1_183' title='bbox 1355 2450 1453 2501; x_wconf 78' lang='lat' dir='ltr'>semet·</span> 
     </span>
     <span class='ocr_line' id='line_1_21' title="bbox 186 2528 1453 2619; baseline 0.002 -21"><span class='ocrx_word' id='word_1_184' title='bbox 186 2531 305 2599; x_wconf 79' lang='grc' dir='ltr'><strong><em>ένιόσει</em></strong></span> <span class='ocrx_word' id='word_1_185' title='bbox 338 2536 616 2616; x_wconf 77' lang='grc' dir='ltr'><strong><em>συγχυσθεισῶν,</em></strong></span> <span class='ocrx_word' id='word_1_186' title='bbox 660 2531 722 2616; x_wconf 83' lang='grc' dir='ltr'>οὐχ</span> <span class='ocrx_word' id='word_1_187' title='bbox 751 2528 797 2609; x_wconf 73' lang='grc' dir='ltr'>οἱς</span> <span class='ocrx_word' id='word_1_188' title='bbox 848 2541 960 2614; x_wconf 82' lang='lat' dir='ltr'>ipsum,</span> <span class='ocrx_word' id='word_1_189' title='bbox 1003 2539 1138 2613; x_wconf 79' lang='lat' dir='ltr'>sormam</span> <span class='ocrx_word' id='word_1_190' title='bbox 1174 2544 1258 2602; x_wconf 74' lang='lat' dir='ltr'>serui</span> <span class='ocrx_word' id='word_1_191' title='bbox 1297 2545 1453 2619; x_wconf 70' lang='lat' dir='ltr'>accipiens.</span> 
     </span>
     <span class='ocr_line' id='line_1_22' title="bbox 185 2635 1454 2722; baseline 0.004 -23"><span class='ocrx_word' id='word_1_192' title='bbox 185 2635 347 2719; x_wconf 78' lang='grc' dir='ltr'><strong><em>τετάρτου</em></strong></span> <span class='ocrx_word' id='word_1_193' title='bbox 377 2635 561 2718; x_wconf 77' lang='grc' dir='ltr'><strong><em>προσώπου</em></strong></span> <span class='ocrx_word' id='word_1_194' title='bbox 589 2635 797 2719; x_wconf 74' lang='grc' dir='ltr'><strong><em>προστεθέν·</em></strong></span> <span class='ocrx_word' id='word_1_195' title='bbox 847 2635 984 2721; x_wconf 82' lang='lat' dir='ltr'>Propter</span> <span class='ocrx_word' id='word_1_196' title='bbox 1009 2637 1094 2722; x_wconf 89' lang='lat' dir='ltr'>quod</span> <span class='ocrx_word' id='word_1_197' title='bbox 1121 2641 1154 2702; x_wconf 87' lang='lat' dir='ltr'>et</span> <span class='ocrx_word' id='word_1_198' title='bbox 1175 2660 1276 2703; x_wconf 90' lang='lat' dir='ltr'>unam</span> <span class='ocrx_word' id='word_1_199' title='bbox 1297 2660 1361 2704; x_wconf 87' lang='lat' dir='ltr'>nee</span> <span class='ocrx_word' id='word_1_200' title='bbox 1382 2639 1454 2704; x_wconf 83' lang='lat' dir='ltr'>diri-</span> 
     </span>
     <span class='ocr_line' id='line_1_23' title="bbox 185 2733 1455 2822; baseline 0.003 -20"><span class='ocrx_word' id='word_1_201' title='bbox 185 2759 241 2815; x_wconf 81' lang='grc' dir='ltr'>τος</span> <span class='ocrx_word' id='word_1_202' title='bbox 262 2741 303 2822; x_wconf 80' lang='grc' dir='ltr'>τῇ</span> <span class='ocrx_word' id='word_1_203' title='bbox 325 2737 449 2821; x_wconf 80' lang='grc' dir='ltr'><strong><em>τριάδι,</em></strong></span> <span class='ocrx_word' id='word_1_204' title='bbox 473 2735 550 2802; x_wconf 78' lang='grc' dir='ltr'><strong><em>ἄλλ’</em></strong></span> <span class='ocrx_word' id='word_1_205' title='bbox 573 2733 761 2814; x_wconf 70' lang='grc' dir='ltr'><strong><em>αυτὸςδ’</em></strong></span> <span class='ocrx_word' id='word_1_206' title='bbox 723 2734 796 2814; x_wconf 85' lang='grc' dir='ltr'>υιός</span> <span class='ocrx_word' id='word_1_207' title='bbox 847 2738 972 2803; x_wconf 89' lang='lat' dir='ltr'>sibilem</span> <span class='ocrx_word' id='word_1_208' title='bbox 994 2739 1179 2822; x_wconf 86' lang='lat' dir='ltr'>profitemur</span> <span class='ocrx_word' id='word_1_209' title='bbox 1200 2741 1378 2806; x_wconf 87' lang='lat' dir='ltr'>essentiam</span> <span class='ocrx_word' id='word_1_210' title='bbox 1391 2741 1455 2806; x_wconf 83' lang='lat' dir='ltr'>Tri·</span> 
     </span>
     <span class='ocr_line' id='line_1_24' title="bbox 51 2833 1454 2955; baseline 0.002 -50"><span class='ocrx_word' id='word_1_211' title='bbox 51 2833 170 2905; x_wconf 86' lang='lat' dir='ltr'>Philipp</span> <span class='ocrx_word' id='word_1_212' title='bbox 184 2842 246 2905; x_wconf 87' lang='grc' dir='ltr'>τοῦ</span> <span class='ocrx_word' id='word_1_213' title='bbox 279 2843 369 2904; x_wconf 84' lang='grc' dir='ltr'><strong><em>Θεοῦ</em></strong></span> <span class='ocrx_word' id='word_1_214' title='bbox 407 2839 662 2906; x_wconf 79' lang='grc' dir='ltr'>ἐκένωσεν</span> <span class='ocrx_word' id='word_1_215' title='bbox 646 2835 796 2905; x_wconf 86' lang='grc' dir='ltr'><strong><em>εαυτδν</em></strong></span> <span class='ocrx_word' id='word_1_216' title='bbox 847 2840 975 2922; x_wconf 87' lang='lat' dir='ltr'>nitatis,</span> <span class='ocrx_word' id='word_1_217' title='bbox 1014 2843 1046 2904; x_wconf 88' lang='lat' dir='ltr'>et</span> <span class='ocrx_word' id='word_1_218' title='bbox 1081 2842 1314 2955; x_wconf 82' lang='lat' dir='ltr'>proprietatem</span> <span class='ocrx_word' id='word_1_219' title='bbox 1350 2847 1454 2908; x_wconf 91' lang='lat' dir='ltr'>tamen</span> 
     </span>
     <span class='ocr_line' id='line_1_25' title="bbox 118 2910 1453 3029; baseline 0.003 -23.216"><span class='ocrx_word' id='word_1_220' title='bbox 118 2910 255 3007; x_wconf 61' lang='lat' dir='ltr'>‚am</span> <span class='ocrx_word' id='word_1_221' title='bbox 285 2966 449 3026; x_wconf 82' lang='grc' dir='ltr'><strong><em>μορφην</em></strong></span> <span class='ocrx_word' id='word_1_222' title='bbox 477 2940 632 3007; x_wconf 89' lang='grc' dir='ltr'><strong><em>δουλου</em></strong></span> <span class='ocrx_word' id='word_1_223' title='bbox 664 2943 796 3024; x_wconf 79' lang='grc' dir='ltr'><strong><em>ἔλαβε.</em></strong></span> <span class='ocrx_word' id='word_1_224' title='bbox 848 2964 937 3005; x_wconf 89' lang='lat' dir='ltr'>suam</span> <span class='ocrx_word' id='word_1_225' title='bbox 986 2941 1104 3006; x_wconf 89' lang='lat' dir='ltr'>scimus</span> <span class='ocrx_word' id='word_1_226' title='bbox 1150 2942 1257 3009; x_wconf 90' lang='lat' dir='ltr'>inesse</span> <span class='ocrx_word' id='word_1_227' title='bbox 1302 2946 1453 3029; x_wconf 87' lang='lat' dir='ltr'>personis.</span> 
     </span>
     <span class='ocr_line' id='line_1_26' title="bbox 186 3040 1454 3130; baseline 0.001 -21"><span class='ocrx_word' id='word_1_228' title='bbox 186 3041 251 3109; x_wconf 87' lang='grc' dir='ltr'>Διδ</span> <span class='ocrx_word' id='word_1_229' title='bbox 274 3046 330 3108; x_wconf 83' lang='grc' dir='ltr'>καί</span> <span class='ocrx_word' id='word_1_230' title='bbox 352 3046 434 3129; x_wconf 88' lang='grc' dir='ltr'><strong><em>μίαν</em></strong></span> <span class='ocrx_word' id='word_1_231' title='bbox 456 3045 511 3109; x_wconf 84' lang='grc' dir='ltr'>καλ</span> <span class='ocrx_word' id='word_1_232' title='bbox 528 3042 608 3109; x_wconf 74' lang='grc' dir='ltr'><strong><em>οὐδὲ</em></strong></span> <span class='ocrx_word' id='word_1_233' title='bbox 625 3040 797 3126; x_wconf 77' lang='grc' dir='ltr'><strong><em>διαιρετὴν</em></strong></span> <span class='ocrx_word' id='word_1_234' title='bbox 847 3042 1001 3129; x_wconf 82' lang='lat' dir='ltr'>Unam²⁰)</span> <span class='ocrx_word' id='word_1_235' title='bbox 1028 3045 1115 3108; x_wconf 90' lang='lat' dir='ltr'>enim</span> <span class='ocrx_word' id='word_1_236' title='bbox 1136 3043 1246 3110; x_wconf 89' lang='lat' dir='ltr'>Patris</span> <span class='ocrx_word' id='word_1_237' title='bbox 1272 3047 1454 3130; x_wconf 84' lang='lat' dir='ltr'>profitemur</span> 
     </span>
     <span class='ocr_line' id='line_1_27' title="bbox 186 3143 1453 3231; baseline 0.002 -21"><span class='ocrx_word' id='word_1_238' title='bbox 186 3143 418 3231; x_wconf 80' lang='grc' dir='ltr'><strong><em>ὁμολογοῦμεν</em></strong></span> <span class='ocrx_word' id='word_1_239' title='bbox 434 3143 555 3211; x_wconf 82' lang='grc' dir='ltr'><strong><em>οὐσίαν</em></strong></span> <span class='ocrx_word' id='word_1_240' title='bbox 575 3149 634 3228; x_wconf 80' lang='grc' dir='ltr'>τῆς</span> <span class='ocrx_word' id='word_1_241' title='bbox 648 3143 795 3227; x_wconf 78' lang='grc' dir='ltr'><strong><em>τριάδος,</em></strong></span> <span class='ocrx_word' id='word_1_242' title='bbox 847 3167 915 3209; x_wconf 88' lang='lat' dir='ltr'>esse</span> <span class='ocrx_word' id='word_1_243' title='bbox 942 3166 1129 3230; x_wconf 79' lang='lat' dir='ltr'>personam,</span> <span class='ocrx_word' id='word_1_244' title='bbox 1163 3168 1263 3211; x_wconf 89' lang='lat' dir='ltr'>unam</span> <span class='ocrx_word' id='word_1_245' title='bbox 1292 3147 1369 3213; x_wconf 78' lang='lat' dir='ltr'>Filii</span> <span class='ocrx_word' id='word_1_246' title='bbox 1397 3149 1453 3213; x_wconf 91' lang='lat' dir='ltr'>Dei</span> 
     </span>
     <span class='ocr_line' id='line_1_28' title="bbox 186 3244 1454 3334; baseline 0.003 -24"><span class='ocrx_word' id='word_1_247' title='bbox 186 3248 242 3311; x_wconf 85' lang='grc' dir='ltr'>καλ</span> <span class='ocrx_word' id='word_1_248' title='bbox 275 3244 337 3332; x_wconf 78' lang='grc' dir='ltr'>την</span> <span class='ocrx_word' id='word_1_249' title='bbox 367 3248 458 3312; x_wconf 87' lang='grc' dir='ltr'><strong><em>ίδίαν</em></strong></span> <span class='ocrx_word' id='word_1_250' title='bbox 491 3245 614 3333; x_wconf 84' lang='grc' dir='ltr'><strong><em>ὁμοίως</em></strong></span> <span class='ocrx_word' id='word_1_251' title='bbox 647 3246 796 3329; x_wconf 82' lang='grc' dir='ltr'><strong><em>ἰδιότητα</em></strong></span> <span class='ocrx_word' id='word_1_252' title='bbox 847 3269 919 3311; x_wconf 92' lang='lat' dir='ltr'>cum</span> <span class='ocrx_word' id='word_1_253' title='bbox 941 3251 1105 3332; x_wconf 89' lang='lat' dir='ltr'>assumpta</span> <span class='ocrx_word' id='word_1_254' title='bbox 1127 3269 1242 3332; x_wconf 86' lang='lat' dir='ltr'>carne,</span> <span class='ocrx_word' id='word_1_255' title='bbox 1266 3271 1368 3314; x_wconf 87' lang='lat' dir='ltr'>unam</span> <span class='ocrx_word' id='word_1_256' title='bbox 1390 3250 1454 3334; x_wconf 84' lang='lat' dir='ltr'>Spi-</span> 
     </span>
     <span class='ocr_line' id='line_1_29' title="bbox 186 3348 1454 3437; baseline 0.002 -24"><span class='ocrx_word' id='word_1_257' title='bbox 186 3354 284 3434; x_wconf 76' lang='grc' dir='ltr'><strong><em>ἴσμεν</em></strong></span> <span class='ocrx_word' id='word_1_258' title='bbox 318 3350 444 3415; x_wconf 79' lang='grc' dir='ltr'><strong><em>ἐνεῖναι</em></strong></span> <span class='ocrx_word' id='word_1_259' title='bbox 483 3360 553 3426; x_wconf 81' lang='grc' dir='ltr'><strong><em>τοῖς</em></strong></span> <span class='ocrx_word' id='word_1_260' title='bbox 591 3348 793 3432; x_wconf 78' lang='grc' dir='ltr'><strong><em>προσώποις.</em></strong></span> <span class='ocrx_word' id='word_1_261' title='bbox 845 3349 926 3414; x_wconf 88' lang='lat' dir='ltr'>ritus</span> <span class='ocrx_word' id='word_1_262' title='bbox 963 3349 1084 3432; x_wconf 87' lang='lat' dir='ltr'>sancti,</span> <span class='ocrx_word' id='word_1_263' title='bbox 1127 3353 1162 3414; x_wconf 90' lang='lat' dir='ltr'>et</span> <span class='ocrx_word' id='word_1_264' title='bbox 1195 3371 1353 3434; x_wconf 85' lang='lat' dir='ltr'>personas</span> <span class='ocrx_word' id='word_1_265' title='bbox 1388 3374 1454 3437; x_wconf 77' lang='lat' dir='ltr'>pro</span> 
     </span>
     <span class='ocr_line' id='line_1_30' title="bbox 178 3448 1454 3539; baseline 0.003 -24"><span class='ocrx_word' id='word_1_266' title='bbox 178 3448 238 3515; x_wconf 84' lang='grc' dir='ltr'>Ἓν</span> <span class='ocrx_word' id='word_1_267' title='bbox 260 3448 324 3535; x_wconf 82' lang='grc' dir='ltr'>γὰρ</span> <span class='ocrx_word' id='word_1_268' title='bbox 346 3457 408 3516; x_wconf 87' lang='grc' dir='ltr'>τοῦ</span> <span class='ocrx_word' id='word_1_269' title='bbox 423 3449 548 3534; x_wconf 84' lang='grc' dir='ltr'><strong><em>πατρὸς</em></strong></span> <span class='ocrx_word' id='word_1_270' title='bbox 563 3448 795 3537; x_wconf 77' lang='grc' dir='ltr'><strong><em>ὁμολογοῦμεν</em></strong></span> <span class='ocrx_word' id='word_1_271' title='bbox 846 3450 1037 3535; x_wconf 84' lang='lat' dir='ltr'>prietatibus</span> <span class='ocrx_word' id='word_1_272' title='bbox 1070 3451 1298 3537; x_wconf 85' lang='lat' dir='ltr'>designantes,</span> <span class='ocrx_word' id='word_1_273' title='bbox 1338 3458 1372 3519; x_wconf 90' lang='lat' dir='ltr'>et</span> <span class='ocrx_word' id='word_1_274' title='bbox 1402 3477 1454 3539; x_wconf 88' lang='lat' dir='ltr'>per</span> 
     </span>
     <span class='ocr_line' id='line_1_31' title="bbox 187 3548 1453 3640; baseline 0.002 -23"><span class='ocrx_word' id='word_1_275' title='bbox 187 3548 273 3618; x_wconf 80' lang='grc' dir='ltr'><strong><em>εἶναι</em></strong></span> <span class='ocrx_word' id='word_1_276' title='bbox 289 3554 485 3636; x_wconf 86' lang='grc' dir='ltr'><strong><em>πρόσωπον,</em></strong></span> <span class='ocrx_word' id='word_1_277' title='bbox 509 3553 547 3618; x_wconf 73' lang='grc' dir='ltr'>ἓν</span> <span class='ocrx_word' id='word_1_278' title='bbox 561 3557 623 3617; x_wconf 87' lang='grc' dir='ltr'>τοῦ</span> <span class='ocrx_word' id='word_1_279' title='bbox 639 3553 718 3616; x_wconf 86' lang='grc' dir='ltr'><strong><em>υίοῦ</em></strong></span> <span class='ocrx_word' id='word_1_280' title='bbox 733 3557 794 3617; x_wconf 85' lang='grc' dir='ltr'>τοῦ</span> <span class='ocrx_word' id='word_1_281' title='bbox 845 3552 1003 3616; x_wconf 87' lang='lat' dir='ltr'>unitatem</span> <span class='ocrx_word' id='word_1_282' title='bbox 1038 3553 1197 3618; x_wconf 85' lang='lat' dir='ltr'>essentiae</span> <span class='ocrx_word' id='word_1_283' title='bbox 1241 3554 1453 3640; x_wconf 82' lang='lat' dir='ltr'>inseparabile</span> 
     </span>
     <span class='ocr_line' id='line_1_32' title="bbox 187 3653 1453 3752; baseline 0.002 -33"><span class='ocrx_word' id='word_1_284' title='bbox 187 3660 277 3720; x_wconf 82' lang='grc' dir='ltr'><strong><em>Θεοῦ</em></strong></span> <span class='ocrx_word' id='word_1_285' title='bbox 314 3653 396 3740; x_wconf 81' lang='grc' dir='ltr'><strong><em>μετὰ</em></strong></span> <span class='ocrx_word' id='word_1_286' title='bbox 427 3659 485 3739; x_wconf 81' lang='grc' dir='ltr'>τῆς</span> <span class='ocrx_word' id='word_1_287' title='bbox 517 3657 795 3739; x_wconf 77' lang='grc' dir='ltr'><strong><em>προσληφθείσης</em></strong></span> <span class='ocrx_word' id='word_1_288' title='bbox 845 3654 1016 3732; x_wconf 74' lang='lat' dir='ltr'>&#39;Ibinitatis</span> <span class='ocrx_word' id='word_1_289' title='bbox 1068 3655 1257 3739; x_wconf 81' lang='lat' dir='ltr'>mysterium</span> <span class='ocrx_word' id='word_1_290' title='bbox 1305 3658 1453 3752; x_wconf 56' lang='lat' dir='ltr'>confiten-</span> 
     </span>
    </p>
   </div>
   <div class='ocr_carea' id='block_1_4' title="bbox 184 3875 1453 4963">
    <p class='ocr_par' dir='ltr' id='par_1_4' title="bbox 256 3875 1026 3944">
     <span class='ocr_line' id='line_1_33' title="bbox 256 3875 1026 3944; baseline 0.001 -15"><span class='ocrx_word' id='word_1_291' title='bbox 256 3879 286 3944; x_wconf 73' lang='grc' dir='ltr'>Π)</span> <span class='ocrx_word' id='word_1_292' title='bbox 304 3876 348 3930; x_wconf 88' lang='lat' dir='ltr'>Ita</span> <span class='ocrx_word' id='word_1_293' title='bbox 365 3875 427 3940; x_wconf 82' lang='lat' dir='ltr'>Ji²;</span> <span class='ocrx_word' id='word_1_294' title='bbox 446 3875 480 3930; x_wconf 89' lang='lat' dir='ltr'>al.</span> <span class='ocrx_word' id='word_1_295' title='bbox 501 3875 564 3929; x_wconf 91' lang='lat' dir='ltr'>add.</span> <span class='ocrx_word' id='word_1_296' title='bbox 581 3882 660 3944; x_wconf 75' lang='lat' dir='ltr'>filius,</span> <span class='ocrx_word' id='word_1_297' title='bbox 680 3893 733 3930; x_wconf 86' lang='lat' dir='ltr'>sec.</span> <span class='ocrx_word' id='word_1_298' title='bbox 754 3891 845 3944; x_wconf 72' lang='lat' dir='ltr'>graec.</span> <span class='ocrx_word' id='word_1_299' title='bbox 865 3881 930 3930; x_wconf 73' lang='lat' dir='ltr'>idem</span> <span class='ocrx_word' id='word_1_300' title='bbox 947 3880 1026 3931; x_wconf 79' lang='lat' dir='ltr'>bomo.</span> 
     </span>
    </p>

    <p class='ocr_par' dir='ltr' id='par_1_5' title="bbox 255 3960 1232 4031">
     <span class='ocr_line' id='line_1_34' title="bbox 255 3960 1232 4031; baseline 0 -16"><span class='ocrx_word' id='word_1_301' title='bbox 255 3965 286 4031; x_wconf 81' lang='lat'>¹⁸)</span> <span class='ocrx_word' id='word_1_302' title='bbox 304 3963 348 4015; x_wconf 88' lang='lat' dir='ltr'>Ita</span> <span class='ocrx_word' id='word_1_303' title='bbox 366 3961 400 4015; x_wconf 69' lang='lat' dir='ltr'>G*</span> <span class='ocrx_word' id='word_1_304' title='bbox 413 3961 430 4015; x_wconf 92' lang='lat' dir='ltr'><strong>J</strong></span> <span class='ocrx_word' id='word_1_305' title='bbox 443 3961 465 4014; x_wconf 91' lang='lat' dir='ltr'>O</span> <span class='ocrx_word' id='word_1_306' title='bbox 479 3962 503 4014; x_wconf 77' lang='grc' dir='ltr'>οι</span> <span class='ocrx_word' id='word_1_307' title='bbox 518 3963 543 4014; x_wconf 82' lang='lat' dir='ltr'>c²</span> <span class='ocrx_word' id='word_1_308' title='bbox 555 3961 576 4013; x_wconf 76' lang='lat' dir='ltr'>i²</span> <span class='ocrx_word' id='word_1_309' title='bbox 594 3963 622 4015; x_wconf 91' lang='lat' dir='ltr'>et</span> <span class='ocrx_word' id='word_1_310' title='bbox 639 3977 744 4031; x_wconf 52' lang='grc' dir='ltr'><strong><em>ὅπου,</em></strong></span> <span class='ocrx_word' id='word_1_311' title='bbox 763 3960 822 4015; x_wconf 80' lang='lat' dir='ltr'>a¹b</span> <span class='ocrx_word' id='word_1_312' title='bbox 840 3977 897 4030; x_wconf 87' lang='lat' dir='ltr'>seq.</span> <span class='ocrx_word' id='word_1_313' title='bbox 916 3973 941 4015; x_wconf 81' lang='lat' dir='ltr'>et</span> <span class='ocrx_word' id='word_1_314' title='bbox 958 3965 1119 4015; x_wconf 67' lang='lat' dir='ltr'>humanitatis</span> <span class='ocrx_word' id='word_1_315' title='bbox 1136 3968 1232 4016; x_wconf 68' lang='lat' dir='ltr'>cuma.</span> 
     </span>
    </p>

    <p class='ocr_par' dir='ltr' id='par_1_6' title="bbox 184 4043 1453 4779">
     <span class='ocr_line' id='line_1_35' title="bbox 256 4043 1453 4116; baseline 0.002 -15"><span class='ocrx_word' id='word_1_316' title='bbox 256 4048 287 4114; x_wconf 77' lang='lat'>¹⁹)</span> <span class='ocrx_word' id='word_1_317' title='bbox 307 4046 339 4101; x_wconf 71' lang='lat' dir='ltr'>G*</span> <span class='ocrx_word' id='word_1_318' title='bbox 355 4049 381 4100; x_wconf 87' lang='lat' dir='ltr'>a¹</span> <span class='ocrx_word' id='word_1_319' title='bbox 400 4047 488 4116; x_wconf 86' lang='lat' dir='ltr'>bscq.</span> <span class='ocrx_word' id='word_1_320' title='bbox 503 4053 653 4100; x_wconf 77' lang='grc' dir='ltr'><strong><em>τπὶιιοπίιιιο</em></strong></span> <span class='ocrx_word' id='word_1_321' title='bbox 664 4052 822 4114; x_wconf 72' lang='grc' dir='ltr'><strong><em>οεοιτλίροαιιι</em></strong></span> <span class='ocrx_word' id='word_1_322' title='bbox 840 4058 865 4100; x_wconf 80' lang='lat' dir='ltr'>et</span> <span class='ocrx_word' id='word_1_323' title='bbox 880 4051 1001 4114; x_wconf 72' lang='lat' dir='ltr'>somnam:</span> <span class='ocrx_word' id='word_1_324' title='bbox 1020 4043 1193 4114; x_wconf 73' lang='lat' dir='ltr'>castigantur</span> <span class='ocrx_word' id='word_1_325' title='bbox 1205 4063 1240 4100; x_wconf 86' lang='lat' dir='ltr'>ex</span> <span class='ocrx_word' id='word_1_326' title='bbox 1256 4046 1275 4102; x_wconf 91' lang='lat' dir='ltr'><strong>J</strong></span> <span class='ocrx_word' id='word_1_327' title='bbox 1287 4048 1311 4102; x_wconf 91' lang='grc'><strong>0</strong></span> <span class='ocrx_word' id='word_1_328' title='bbox 1325 4050 1349 4103; x_wconf 79' lang='grc' dir='ltr'>οΙ</span> <span class='ocrx_word' id='word_1_329' title='bbox 1362 4048 1392 4103; x_wconf 81' lang='lat' dir='ltr'>i¹.</span> <span class='ocrx_word' id='word_1_330' title='bbox 1414 4049 1453 4103; x_wconf 78' lang='lat' dir='ltr'>[a</span> 
     </span>
     <span class='ocr_line' id='line_1_36' title="bbox 185 4129 1452 4202; baseline 0.002 -17"><span class='ocrx_word' id='word_1_331' title='bbox 185 4129 336 4185; x_wconf 84' lang='lat' dir='ltr'>Hormisda</span> <span class='ocrx_word' id='word_1_332' title='bbox 357 4131 476 4185; x_wconf 86' lang='lat' dir='ltr'>necdum</span> <span class='ocrx_word' id='word_1_333' title='bbox 498 4133 627 4202; x_wconf 87' lang='lat' dir='ltr'>tempora</span> <span class='ocrx_word' id='word_1_334' title='bbox 650 4130 739 4184; x_wconf 86' lang='lat' dir='ltr'>sinere</span> <span class='ocrx_word' id='word_1_335' title='bbox 762 4133 852 4195; x_wconf 86' lang='lat' dir='ltr'>ratus,</span> <span class='ocrx_word' id='word_1_336' title='bbox 875 4132 908 4184; x_wconf 91' lang='lat' dir='ltr'>ut</span> <span class='ocrx_word' id='word_1_337' title='bbox 925 4129 1063 4185; x_wconf 86' lang='lat' dir='ltr'>Christum</span> <span class='ocrx_word' id='word_1_338' title='bbox 1081 4151 1153 4184; x_wconf 71' lang='lat' dir='ltr'>umen</span> <span class='ocrx_word' id='word_1_339' title='bbox 1170 4151 1208 4185; x_wconf 79' lang='grc' dir='ltr'>επ</span> <span class='ocrx_word' id='word_1_340' title='bbox 1229 4135 1358 4187; x_wconf 74' lang='grc' dir='ltr'><strong><em>Ττίτίιαιε</em></strong></span> <span class='ocrx_word' id='word_1_341' title='bbox 1378 4134 1452 4187; x_wconf 86' lang='lat' dir='ltr'>eonfi-</span> 
     </span>
     <span class='ocr_line' id='line_1_37' title="bbox 185 4214 1452 4289; baseline 0.005 -22"><span class='ocrx_word' id='word_1_342' title='bbox 185 4215 300 4269; x_wconf 84' lang='lat' dir='ltr'>tondnm</span> <span class='ocrx_word' id='word_1_343' title='bbox 319 4215 491 4279; x_wconf 86' lang='lat' dir='ltr'>decerneret,</span> <span class='ocrx_word' id='word_1_344' title='bbox 517 4229 633 4286; x_wconf 78' lang='lat' dir='ltr'>quartam</span> <span class='ocrx_word' id='word_1_345' title='bbox 651 4214 781 4270; x_wconf 80' lang='lat' dir='ltr'>Trinitati</span> <span class='ocrx_word' id='word_1_346' title='bbox 796 4236 932 4286; x_wconf 81' lang='lat' dir='ltr'>personam</span> <span class='ocrx_word' id='word_1_347' title='bbox 950 4214 1075 4270; x_wconf 83' lang='lat' dir='ltr'>additam</span> <span class='ocrx_word' id='word_1_348' title='bbox 1093 4216 1193 4286; x_wconf 80' lang='lat' dir='ltr'>negat,</span> <span class='ocrx_word' id='word_1_349' title='bbox 1216 4218 1249 4270; x_wconf 91' lang='lat' dir='ltr'>ut</span> <span class='ocrx_word' id='word_1_350' title='bbox 1268 4217 1363 4272; x_wconf 90' lang='lat' dir='ltr'>locum</span> <span class='ocrx_word' id='word_1_351' title='bbox 1379 4235 1452 4289; x_wconf 76' lang='lat' dir='ltr'>prae</span> 
     </span>
     <span class='ocr_line' id='line_1_38' title="bbox 186 4300 1451 4370; baseline 0.002 -16"><span class='ocrx_word' id='word_1_352' title='bbox 186 4300 281 4354; x_wconf 85' lang='lat' dir='ltr'>cludat</span> <span class='ocrx_word' id='word_1_353' title='bbox 298 4318 394 4355; x_wconf 89' lang='lat' dir='ltr'>eornm</span> <span class='ocrx_word' id='word_1_354' title='bbox 412 4300 675 4367; x_wconf 84' lang='lat' dir='ltr'>obtrectationibus,</span> <span class='ocrx_word' id='word_1_355' title='bbox 694 4302 741 4369; x_wconf 88' lang='lat' dir='ltr'>qui</span> <span class='ocrx_word' id='word_1_356' title='bbox 758 4301 787 4354; x_wconf 90' lang='lat' dir='ltr'>id</span> <span class='ocrx_word' id='word_1_357' title='bbox 804 4301 958 4355; x_wconf 86' lang='lat' dir='ltr'>necessario</span> <span class='ocrx_word' id='word_1_358' title='bbox 975 4300 1133 4370; x_wconf 87' lang='lat' dir='ltr'>praedicari</span> <span class='ocrx_word' id='word_1_359' title='bbox 1149 4301 1300 4370; x_wconf 78' lang='lat' dir='ltr'>volebant,</span> <span class='ocrx_word' id='word_1_360' title='bbox 1317 4320 1352 4358; x_wconf 87' lang='lat' dir='ltr'>ne</span> <span class='ocrx_word' id='word_1_361' title='bbox 1370 4303 1451 4357; x_wconf 78' lang='lat' dir='ltr'>simile</span> 
     </span>
     <span class='ocr_line' id='line_1_39' title="bbox 187 4385 1451 4457; baseline 0.005 -19"><span class='ocrx_word' id='word_1_362' title='bbox 187 4387 374 4438; x_wconf 87' lang='lat' dir='ltr'>commentum</span> <span class='ocrx_word' id='word_1_363' title='bbox 397 4386 510 4440; x_wconf 85' lang='lat' dir='ltr'>valeret.</span> <span class='ocrx_word' id='word_1_364' title='bbox 553 4388 628 4440; x_wconf 88' lang='lat' dir='ltr'>luter</span> <span class='ocrx_word' id='word_1_365' title='bbox 651 4401 719 4455; x_wconf 88' lang='lat' dir='ltr'>quos</span> <span class='ocrx_word' id='word_1_366' title='bbox 741 4385 897 4440; x_wconf 86' lang='lat' dir='ltr'>Maxentius</span> <span class='ocrx_word' id='word_1_367' title='bbox 923 4386 952 4439; x_wconf 90' lang='lat' dir='ltr'>in</span> <span class='ocrx_word' id='word_1_368' title='bbox 975 4402 1097 4456; x_wconf 85' lang='lat' dir='ltr'>respons.</span> <span class='ocrx_word' id='word_1_369' title='bbox 1120 4386 1159 4441; x_wconf 87' lang='lat' dir='ltr'>ad</span> <span class='ocrx_word' id='word_1_370' title='bbox 1181 4387 1271 4457; x_wconf 88' lang='lat' dir='ltr'>ipsius</span> <span class='ocrx_word' id='word_1_371' title='bbox 1294 4388 1451 4444; x_wconf 76' lang='lat' dir='ltr'>Hormisdae</span> 
     </span>
     <span class='ocr_line' id='line_1_40' title="bbox 185 4469 1451 4543; baseline 0.003 -21"><span class='ocrx_word' id='word_1_372' title='bbox 185 4470 333 4539; x_wconf 85' lang='lat' dir='ltr'>epistolam</span> <span class='ocrx_word' id='word_1_373' title='bbox 351 4471 459 4524; x_wconf 87' lang='lat' dir='ltr'>scribit:</span> <span class='ocrx_word' id='word_1_374' title='bbox 483 4476 645 4538; x_wconf 82' lang='lat' dir='ltr'>Confidenter</span> <span class='ocrx_word' id='word_1_375' title='bbox 667 4478 757 4525; x_wconf 76' lang='lat' dir='ltr'>etenim</span> <span class='ocrx_word' id='word_1_376' title='bbox 780 4477 866 4525; x_wconf 77' lang='lat' dir='ltr'>dicere</span> <span class='ocrx_word' id='word_1_377' title='bbox 884 4477 975 4533; x_wconf 82' lang='lat' dir='ltr'>audes,</span> <span class='ocrx_word' id='word_1_378' title='bbox 999 4469 1102 4541; x_wconf 87' lang='lat' dir='ltr'>inquit,</span> <span class='ocrx_word' id='word_1_379' title='bbox 1125 4477 1187 4542; x_wconf 81' lang='grc' dir='ltr'>ραία</span> <span class='ocrx_word' id='word_1_380' title='bbox 1210 4478 1328 4543; x_wconf 70' lang='lat' dir='ltr'>quisquis</span> <span class='ocrx_word' id='word_1_381' title='bbox 1344 4479 1392 4530; x_wconf 75' lang='lat' dir='ltr'>boc</span> <span class='ocrx_word' id='word_1_382' title='bbox 1408 4494 1451 4528; x_wconf 75' lang='lat' dir='ltr'>ma</span> 
     </span>
     <span class='ocr_line' id='line_1_41' title="bbox 184 4559 1451 4631; baseline 0.006 -24"><span class='ocrx_word' id='word_1_383' title='bbox 184 4563 332 4622; x_wconf 75' lang='lat' dir='ltr'>confitetur,</span> <span class='ocrx_word' id='word_1_384' title='bbox 355 4576 405 4609; x_wconf 82' lang='lat' dir='ltr'>non</span> <span class='ocrx_word' id='word_1_385' title='bbox 423 4568 462 4610; x_wconf 80' lang='lat' dir='ltr'>est</span> <span class='ocrx_word' id='word_1_386' title='bbox 478 4562 588 4619; x_wconf 83' lang='lat' dir='ltr'>dubium,</span> <span class='ocrx_word' id='word_1_387' title='bbox 613 4563 680 4626; x_wconf 80' lang='grc' dir='ltr'><strong><em>ηαοδ</em></strong></span> <span class='ocrx_word' id='word_1_388' title='bbox 696 4562 868 4613; x_wconf 73' lang='lat' dir='ltr'>Nestorium</span> <span class='ocrx_word' id='word_1_389' title='bbox 890 4562 1015 4626; x_wconf 79' lang='lat' dir='ltr'>perfidiae</span> <span class='ocrx_word' id='word_1_390' title='bbox 1036 4559 1150 4610; x_wconf 76' lang='lat' dir='ltr'>tenebris</span> <span class='ocrx_word' id='word_1_391' title='bbox 1166 4571 1328 4613; x_wconf 67' lang='lat' dir='ltr'>exestuans</span> <span class='ocrx_word' id='word_1_392' title='bbox 1344 4571 1451 4631; x_wconf 72' lang='lat' dir='ltr'>quartu</span> 
     </span>
     <span class='ocr_line' id='line_1_42' title="bbox 184 4645 1451 4714; baseline 0.006 -23"><span class='ocrx_word' id='word_1_393' title='bbox 184 4649 209 4692; x_wconf 82' lang='lat' dir='ltr'>et</span> <span class='ocrx_word' id='word_1_394' title='bbox 228 4652 378 4694; x_wconf 73' lang='lat' dir='ltr'>extraneum</span> <span class='ocrx_word' id='word_1_395' title='bbox 394 4661 411 4694; x_wconf 83' lang='grc' dir='ltr'><strong><em>ο</em></strong></span> <span class='ocrx_word' id='word_1_396' title='bbox 426 4653 517 4695; x_wconf 75' lang='lat' dir='ltr'>sancta</span> <span class='ocrx_word' id='word_1_397' title='bbox 534 4653 559 4696; x_wconf 75' lang='lat' dir='ltr'>et</span> <span class='ocrx_word' id='word_1_398' title='bbox 577 4648 701 4711; x_wconf 72' lang='lat' dir='ltr'>ineffabili</span> <span class='ocrx_word' id='word_1_399' title='bbox 722 4647 845 4698; x_wconf 74' lang='grc' dir='ltr'><strong><em>Ττίπέλαλτ</em></strong></span> <span class='ocrx_word' id='word_1_400' title='bbox 858 4663 911 4696; x_wconf 84' lang='lat' dir='ltr'>eum</span> <span class='ocrx_word' id='word_1_401' title='bbox 929 4648 972 4711; x_wconf 80' lang='grc' dir='ltr'><strong><em>ραι·</em></strong></span> <span class='ocrx_word' id='word_1_402' title='bbox 987 4661 1037 4710; x_wconf 78' lang='lat' dir='ltr'>pro</span> <span class='ocrx_word' id='word_1_403' title='bbox 1049 4645 1121 4696; x_wconf 72' lang='lat' dir='ltr'>nobis</span> <span class='ocrx_word' id='word_1_404' title='bbox 1132 4661 1233 4697; x_wconf 71' lang='lat' dir='ltr'>mecm</span> <span class='ocrx_word' id='word_1_405' title='bbox 1244 4650 1368 4698; x_wconf 64' lang='lat' dir='ltr'>aurium!</span> <span class='ocrx_word' id='word_1_406' title='bbox 1381 4663 1451 4714; x_wconf 66' lang='lat' dir='ltr'>pne</span> 
     </span>
     <span class='ocr_line' id='line_1_43' title="bbox 184 4730 436 4779; baseline 0 -2"><span class='ocrx_word' id='word_1_407' title='bbox 184 4730 273 4779; x_wconf 81' lang='lat' dir='ltr'>dicare</span> <span class='ocrx_word' id='word_1_408' title='bbox 290 4731 436 4778; x_wconf 78' lang='lat' dir='ltr'>contendat.</span> 
     </span>
    </p>

    <p class='ocr_par' dir='ltr' id='par_1_7' title="bbox 184 4809 1449 4963">
     <span class='ocr_line' id='line_1_44' title="bbox 251 4809 1449 4883; baseline 0.004 -20"><span class='ocrx_word' id='word_1_409' title='bbox 251 4812 283 4878; x_wconf 82' lang='lat'>²⁰)</span> <span class='ocrx_word' id='word_1_410' title='bbox 302 4809 397 4863; x_wconf 83' lang='lat' dir='ltr'>Verba</span> <span class='ocrx_word' id='word_1_411' title='bbox 420 4816 499 4866; x_wconf 81' lang='lat' dir='ltr'>Unam</span> <span class='ocrx_word' id='word_1_412' title='bbox 518 4834 540 4867; x_wconf 88' lang='lat' dir='ltr'>e.</span> <span class='ocrx_word' id='word_1_413' title='bbox 559 4819 589 4866; x_wconf 89' lang='lat' dir='ltr'>P.</span> <span class='ocrx_word' id='word_1_414' title='bbox 605 4819 676 4883; x_wconf 80' lang='lat' dir='ltr'>prof.</span> <span class='ocrx_word' id='word_1_415' title='bbox 696 4834 718 4868; x_wconf 83' lang='lat' dir='ltr'>c.</span> <span class='ocrx_word' id='word_1_416' title='bbox 741 4834 878 4882; x_wconf 79' lang='lat' dir='ltr'>perronam</span> <span class='ocrx_word' id='word_1_417' title='bbox 901 4828 995 4867; x_wconf 83' lang='lat' dir='ltr'>errore</span> <span class='ocrx_word' id='word_1_418' title='bbox 1017 4811 1125 4867; x_wconf 87' lang='lat' dir='ltr'>librarii</span> <span class='ocrx_word' id='word_1_419' title='bbox 1147 4813 1316 4870; x_wconf 83' lang='lat' dir='ltr'>exoidcrunt</span> <span class='ocrx_word' id='word_1_420' title='bbox 1336 4813 1366 4869; x_wconf 91' lang='lat' dir='ltr'>in</span> <span class='ocrx_word' id='word_1_421' title='bbox 1382 4814 1449 4868; x_wconf 64' lang='grc' dir='ltr'>(Ν</span> 
     </span>
     <span class='ocr_line' id='line_1_45' title="bbox 184 4895 669 4963; baseline 0.016 -17"><span class='ocrx_word' id='word_1_422' title='bbox 184 4905 254 4963; x_wconf 82' lang='lat' dir='ltr'>scq.;</span> <span class='ocrx_word' id='word_1_423' title='bbox 273 4895 292 4947; x_wconf 85' lang='lat' dir='ltr'>b</span> <span class='ocrx_word' id='word_1_424' title='bbox 311 4915 383 4947; x_wconf 81' lang='grc' dir='ltr'><strong><em>ιυιοπι</em></strong></span> <span class='ocrx_word' id='word_1_425' title='bbox 402 4901 501 4961; x_wconf 77' lang='lat' dir='ltr'>Patris,</span> <span class='ocrx_word' id='word_1_426' title='bbox 520 4919 592 4951; x_wconf 77' lang='grc' dir='ltr'><strong><em>ιυιοιιι</em></strong></span> <span class='ocrx_word' id='word_1_427' title='bbox 613 4904 669 4955; x_wconf 70' lang='lat' dir='ltr'>riri.</span> 
     </span>
    </p>
   </div>
   <div class='ocr_carea' id='block_1_5' title="bbox 0 0 1606 5506">
    <p class='ocr_par' dir='ltr' id='par_1_8' title="bbox 0 0 1606 5506">
     <span class='ocr_line' id='line_1_46' title="bbox 0 0 1606 5506; baseline 0 0"><span class='ocrx_word' id='word_1_428' title='bbox 0 0 1606 5506; x_wconf 95' lang='lat' dir='ltr'> </span> 
     </span>
    </p>
   </div>
  </div>
 </body>
</html>
