3204 5506
126 550 152 587 a.
162 537 220 587 517.

121 1006 222 1066 Matth.

135 1081 223 1140 toas.

234 353 296 419 798
674 368 702 417 s.
718 367 927 417 noasasons
948 365 1063 414 elena

234 522 432 607 acquiescat,
456 522 540 586 sicut
561 520 750 605 scripsistis,
775 521 844 604 ejus
866 520 1028 584 mandatis
1050 520 1246 585 salutaribus
1253 519 1277 603 ,'
1290 520 1372 605 cujus
1388 520 1461 588 iano-

233 624 319 688 latur
340 624 498 706 imperiis3
521 626 553 686 et
575 623 610 686 in
633 643 738 686 errore
761 622 952 686 declinando
974 644 1041 686 non
1064 627 1220 707 sequatur
1241 623 1461 706 admonitionem,

235 726 323 809 cujus
345 726 380 788 in
403 725 537 810 agendis
564 725 659 788 rebus
688 725 851 808 experitur
878 724 939 788 sibi
967 723 1078 788 utilem
1105 728 1311 808 potestatem.
1351 723 1464 790 Undeet

234 828 354 909 majore
376 827 558 909 hujusmodi
579 826 725 889 homines
749 827 900 890 convenit
921 826 1136 891 detestatione
1158 827 1273 908 vitari,
1303 827 1385 912 quia,
1408 848 1464 911 quae

234 928 346 992 dooere
369 927 557 1010 debuerunt,
581 950 641 992 nec
664 928 739 991 dum
761 929 802 992 ab
825 928 895 991 aliis
917 928 1124 992 instruuntur
1146 934 1329 993 assumunt:
1349 948 1466 1012 spemen·

233 1033 283 1093 tes
304 1030 338 1093 in
361 1029 412 1093 his
434 1031 622 1115 imperantis
630 1032 655 1115 ὃ)
679 1030 813 1112 monita,
836 1031 872 1094 in
894 1030 1008 1114 quibus
1029 1034 1159 1094 tantum
1182 1052 1250 1094 non
1272 1030 1372 1094 timeri
1381 1029 1466 1113 juben·

233 1136 286 1194 tur
308 1133 457 1215 imperia,
481 1136 514 1196 et
534 1121 734 1196 immemores
757 1132 933 1195 devotionis
957 1135 1070 1196 contra
1092 1134 1230 1195 salutem
1253 1132 1388 1213 animae,
1413 1152 1468 1216 quos

235 1236 439 1297 contumaces
462 1256 529 1297 esse
552 1235 693 1318 oportuit
721 1255 779 1318 pro
801 1234 914 1297 salute.
960 1233 1029 1297 Hos
1057 1234 1219 1297 mentibus
1248 1234 1377 1317 perditis
1400 1254 1468 1296 ausu

233 1335 370 1398 nutrivit
386 1336 497 1399 Acacii
521 1358 590 1400 cum
614 1336 743 1420 perfidis
762 1337 878 1419 juncta
900 1336 1097 1399 communio:
1122 1339 1218 1420 atque
1240 1336 1312 1400 ideo
1332 1336 1468 1400 mman-

235 1436 293 1499 dus
316 1440 365 1499 cst
387 1439 526 1501 auctoris
548 1438 662 1521 locol),
687 1438 777 1520 cujus
800 1438 929 1522 gravius
952 1440 1103 1522 peccatur
1119 1439 1278 1522 exemplo.
1313 1437 1396 1502 Nihil
1408 1438 1470 1501 enin

233 1537 314 1600 vitia
336 1539 439 1622 magis
468 1561 564 1622 quam
591 1540 730 1603 imitatio
758 1539 861 1620 fovet,
895 1539 969 1603 dum
997 1539 1170 1603 creduntur
1202 1562 1269 1604 non
1296 1539 1470 1624 improbanda

235 1661 313 1721 esse,
338 1639 481 1723 adquae
504 1639 559 1703 alii
581 1662 704 1725 quoque
727 1640 875 1704 videntur
897 1642 1057 1705 accedere.
1097 1641 1237 1726 Fragilis
1260 1645 1361 1706 estet
1381 1641 1470 1706 cadua

234 1740 430 1804 mortalitas:
459 1741 512 1804 vix
533 1741 676 1805 nefariae
705 1742 918 1826 cogitationes
946 1743 1021 1807 dum
1049 1743 1305 1827 comprimuntur
1330 1743 1469 1807 intereunt

235 1841 329 1907 Jacet
351 1844 479 1927 saepe⁸)
510 1865 617 1907 semen
641 1845 772 1908 noxium
799 1844 858 1907 sub
880 1847 1001 1908 terrore
1029 1867 1089 1909 nec
1111 1845 1236 1909 deficit:
1265 1845 1363 1909 latum
1386 1843 1471 1928 pandit

236 1943 495 2028 delinquentibus
512 1945 644 2027 aditum,
662 1947 716 2030 qui
727 1946 841 2030 jungit
857 1968 929 2009 cum
948 1947 1108 2029 pravitate
1124 1968 1324 2012 consensum.
1358 1946 1469 2026 Utinam,

235 2047 445 2111 invictissime
477 2047 668 2130 imperator,
709 2048 796 2110 inter
828 2047 898 2130 ipsa
932 2047 1126 2132 apostolicae
1164 2049 1374 2115 districtionis
1400 2047 1470 2112 initia

236 2148 418 2212 Orientales
445 2148 597 2212 ecclesiae
626 2150 737 2213 mincii
767 2149 919 2232 contagia
945 2148 1088 2213 nefanda
1123 2151 1295 2216 vitassent!
1344 2150 1409 2216 Non
1431 2169 1472 2233 per

235 2249 351 2313 multos
374 2272 462 2314 error
482 2251 537 2314 ille
559 2251 656 2315 noxia
678 2272 802 2314 venena
824 2250 1043 2336 ‹tiffuderat⁹);
1066 2251 1137 2336 ipsa
1159 2274 1283 2338 quoque
1299 2257 1472 2319 erectanunc

235 2351 372 2415 fortasse
395 2351 612 2416 Alexandriae
644 2355 722 2416 tunc
750 2351 832 2416 colla
860 2352 1068 2437 cecidissent,
1102 2353 1179 2417 dum
1205 2355 1381 2439 perculsam
1404 2352 1473 2439 perli-

236 2453 321 2516 diam
350 2476 439 2516 suam
466 2455 501 2517 in
529 2452 735 2518 damnatione
764 2454 934 2518 imitatoris
962 2459 1168 2540 agnosceret,
1206 2460 1241 2520 et
1271 2456 1425 2541 displicere
1449 2455 1473 2517 in

237 2554 444 2638 complicibus
467 2577 501 2619 se
523 2555 654 2620 videret.
700 2555 762 2620 Sed
789 2556 864 2620 dum
885 2555 969 2620 male
991 2555 1106 2620 nutriti
1127 2557 1279 2622 foventur
1301 2579 1426 2641 errores,
1451 2558 1476 2618 et

236 2662 406 2739 pravorum
416 2658 453 2742 ¹⁰)
478 2679 650 2722 consensus
671 2658 796 2722 inutilis
812 2658 974 2742 aequitate
989 2658 1180 2743 corrigenda
1195 2659 1415 2742 dissimulatur,
1434 2677 1476 2742 per

236 2759 459 2842 impunitatem
482 2760 665 2844 sequacium
692 2761 777 2823 mala
804 2760 956 2845 dogmata
986 2760 1214 2844 multiplicavit
1242 2767 1408 2826 auctorum.
1444 2757 1476 2822 ll

236 2883 291 2924 vos
314 2861 451 2944 quidem,
476 2861 504 2924 si
524 2860 641 2946 placet,
666 2862 792 2946 adeon)
809 2862 984 2926 efficaciter
998 2863 1174 2947 imperetis,
1198 2885 1261 2948 quo
1277 2860 1476 2928 commendetis

235 2993 295 3000 -—
309 2996 312 2999 .
368 2995 389 3000 ,-
437 2995 539 3000 -..α-

303 3051 324 3116 ⁸)
342 3048 479 3102 Nimirum
497 3047 562 3103 fidei
574 3047 675 3115 causis,
694 3047 721 3101 in
740 3047 840 3116 quibus
852 3047 952 3102 Christi
970 3048 1098 3119 discipuli
1110 3065 1191 3119 reges
1208 3052 1239 3104 et
1254 3050 1391 3121 praesides
1400 3048 1477 3102 dooen

236 3135 281 3186 tur
303 3152 359 3188 non
381 3133 480 3188 timere
503 3133 612 3201 (Matth.
639 3141 683 3191 10,
707 3139 739 3186 ‘2ss
757 3135 787 3188 et
803 3137 855 3199 28).
901 3134 945 3187 lta
967 3133 1116 3188 Hormisda
1138 3135 1384 3190 Alexandrinorum
1404 3130 1478 3202 urged

236 3219 451 3284 contumaciam,
476 3220 507 3271 ut
525 3220 553 3271 et
571 3235 604 3270 ex
623 3217 736 3286 obliquo
754 3218 952 3288 imperatorem
970 3221 1095 3286 moueat,
1116 3218 1210 3289 ipsum
1232 3221 1326 3289 iniquo
1346 3219 1428 3275 animo
1441 3215 1477 3269 ni·

235 3303 310 3357 nirne
328 3304 400 3357 lerre
419 3303 534 3368 debere,
552 3302 575 3356 si
594 3303 660 3370 quid
678 3302 703 3356 ei
722 3304 819 3357 contra
836 3303 954 3357 salutem
972 3304 1081 3357 animae
1098 3303 1284 3375 praecipienti
1296 3321 1349 3359 non
1359 3304 1476 3374 pareant.

303 3391 324 3456 ⁷)
343 3388 374 3441 Id
392 3390 448 3442 cst:
465 3387 532 3442 licet
549 3388 738 3456 Eutychianae
756 3387 878 3442 haeresis
897 3389 994 3442 auctor
1011 3405 1067 3442 non
1085 3390 1134 3455 sit,
1151 3408 1203 3460 pro
1222 3392 1429 3445 auctor-atamen
1441 3385 1476 3439 hs

236 3471 343 3526 bandus
361 3474 414 3533 est,
434 3473 500 3540 quia
518 3473 644 3542 exemplo
662 3489 712 3526 suo
730 3471 800 3526 alios
818 3472 927 3526 induxit
944 3472 981 3527 ad
998 3473 1179 3543 peccandum.

302 3561 323 3625 ο)
342 3556 391 3612 Ed.
411 3557 499 3611 omitt
523 3578 617 3626 saepe,·
639 3574 757 3626 moxque
780 3562 824 3612 ereb
847 3578 938 3612 errore
1021 3563 1255 3629 derelinquentibus
1334 3580 1382 3615 αα
1402 3565 1474 3626 im

235 3647 322 3699 dilate.

303 3731 325 3794 ⁹)
344 3728 411 3781 bcc
429 3733 584 3796 diffunderet
655 3739 714 3782 tirno
786 3734 982 3783 Alexandrinae
995 3736 1117 3784 ecclesiae
1193 3741 1360 3800 apnoseerent
1421 3728 1472 3780 sidt-

236 3823 301 3869 rent.
320 3844 351 3850 -—
370 3812 433 3867 Jam
451 3813 600 3883 respondet
616 3813 766 3867 Hormisda
784 3812 820 3866 ad
839 3813 879 3878 id,
899 3813 973 3882 quod
992 3814 1154 3868 Anastasius
1172 3815 1252 3885 epist.
1268 3822 1299 3869 10
1316 3833 1341 3869 n.
1354 3821 1369 3867 '2
1384 3810 1473 3880 scn'pte

235 3899 291 3951 rat:
311 3904 364 3952 Pro
382 3902 430 3951 liae
447 3920 525 3952 carisa
543 3910 697 3953 attestantur
713 3903 785 3952 nobis
797 3905 872 3953 etiam
884 3904 983 3953 divinae
1000 3905 1101 3954 litterae
1113 3905 1346 3955 adelescentiam
1361 3918 1405 3953 noe
1416 3897 1473 3950 sesti

235 3989 282 4037 sed
299 3990 423 4038 mititaties
441 3990 584 4038 destinatae
603 3985 654 4038 eto.

306 4072 335 4135 ¹⁰)
354 4068 385 4121 ln
403 4068 524 4122 henotici
541 4067 715 4138 susceptione
737 4070 769 4122 fit
790 4089 926 4137 pravorum
944 4089 1081 4124 consensus
1097 4075 1209 4125 inutilis:
1227 4069 1294 4140 qnia
1310 4070 1371 4124 dnm
1387 4062 1471 4122 Colch?

237 4153 357 4207 donensc
376 4154 521 4208 concilium
538 4153 655 4221 rejicere
672 4171 723 4223 per
740 4153 809 4207 illud
827 4155 866 4209 eie
882 4154 1068 4225 pormIttitur,
1085 4153 1155 4208 nihil
1173 4157 1227 4221 est,
1245 4170 1301 4225 qno
1317 4149 1470 4222 uutyenoo

236 4254 344 4293 errores
363 4238 501 4308 deponere
521 4239 582 4307 jam
604 4242 748 4308 cogantur.
788 4238 895 4294 Deinde
919 4238 1063 4294 exitiosam
1084 4239 1264 4310 imperatoris
1282 4256 1348 4310 ergo
1367 4234 1469 4292 hanc

236 4323 337 4377 reticos
349 4323 541 4389 tolerantiam,
561 4340 615 4392 qno
631 4324 755 4378 debitam
767 4324 862 4393 regiae
874 4325 1016 4394 majestati
1028 4323 1214 4378 reverentiam
1226 4325 1266 4378 nil
1278 4323 1377 4387 laedat,
1392 4313 1469 4373 hmo

235 4414 382 4476 rceqrattntis,
401 4408 454 4461 hoc
472 4410 527 4473 est,
544 4408 567 4461 si
585 4409 662 4476 loqui
679 4409 720 4463 ita
736 4408 831 4471 liceat,
851 4408 1077 4479 aequanimitatis
1095 4426 1145 4463 seu
1161 4407 1376 4478 longanimitatis
1384 4399 1468 4459 nomht

236 4490 334 4546 donat:
356 4492 405 4546 scd
426 4509 461 4546 ne
483 4493 550 4561 quid
569 4493 723 4548 adulationi
741 4493 808 4548 dare
826 4494 965 4561 videatur,
987 4494 1060 4549 hanc
1076 4511 1133 4549 non
1152 4495 1328 4564 probandam
1346 4489 1390 4546 sed
1407 4480 1468 4542 οὑπὶ

235 4577 357 4644 gandam
375 4577 465 4631 docet.

305 4665 335 4729 ¹¹)
354 4661 387 4715 G¹
412 4685 428 4716 a
447 4669 502 4717 Deo
525 4670 667 4732 efficaciter·
689 4670 817 4734 imperetis
839 4687 888 4736 qno
910 4671 1088 4719 ramneeadatia
1109 4675 1218 4719 uestram
1240 4676 1266 4720 et
1288 4671 1333 4725 de,-
1352 4656 1467 4716 bocdfl

235 4751 376 4813 efficaciter
399 4753 550 4816 impetretis,
574 4761 599 4802 ut
617 4757 787 4806 condemnetis
805 4768 927 4805 steteram:
955 4749 1133 4805 Constantius
1152 4750 1273 4805 correxit
1294 4769 1340 4822 qno
1356 4743 1465 4802 emm·

235 4830 327 4885 nescio
350 4848 386 4884 on
408 4836 565 4888 neccssaria
587 4835 729 4895 correctio.
776 4836 813 4889 Ut
836 4854 870 4889 ne
892 4835 920 4888 iu
944 4852 1049 4890 cassum
1071 4836 1211 4906 imperata
1233 4853 1285 4890 sira
1301 4832 1366 4889 vorti
1384 4822 1465 4887 meret

236 4932 298 4970 cuni
317 4917 452 4973 hortatur.
