3204 5506
508 430 709 480 1111111111
732 432 765 480 v.
1207 418 1268 483 581

115 586 243 652 sibimet
264 586 367 670 ipsam
390 585 504 649 merita
527 585 618 648 lance
641 584 777 650 dimisit:
801 589 837 649 ut
853 590 971 670 tamen,
995 588 1070 671 quia
1088 592 1121 651 et
1135 588 1270 674 decepta

100 693 108 753 t
130 690 293 754 creaturae
316 687 448 772 potioris
470 688 617 771 incursu,
642 688 727 751 illius
751 689 888 772 scilieet,
913 712 995 774 quae
1016 690 1189 775 fremebat,
1214 692 1269 755 illo

100 814 161 855 iam
182 791 337 876 proficere
360 812 452 874 posse
475 789 701 872 substantiam,
726 790 810 854 unde
833 791 986 875 spiritalis
1008 791 1079 876 ipsa
1095 793 1266 878 deciderat,

100 916 217 977 nquam
240 892 390 956 solatimn
420 915 533 975 capiere
562 892 712 976 cupiebat
740 893 779 956 de
808 893 939 956 alterius
969 894 1063 958 ruina
1092 899 1267 979 creaturae,

114 1017 179 1059 non
203 995 350 1058 *solum
371 1017 405 1057 se
429 993 620 1078 culpandam
650 1016 687 1057 ex
711 994 842 1058 alterius
865 1017 988 1079 quoque
1011 997 1404 1082 trarrsgressione*f.soona

100 1097 233 1179 inderet,
257 1097 312 1159 sed
334 1096 461 1180 lapsum
483 1118 574 1159 suurn
595 1097 629 1159 in
646 1094 804 1161 Creatoris
827 1097 960 1160 referret
982 1098 1153 1181 opificium,
1178 1099 1268 1184 eujus

100 1200 138 1264 ud
160 1221 240 1283 opus
264 1202 409 1263 constare
433 1198 529 1263 veluti
552 1198 684 1262 minime
705 1200 878 1283 potuisset;
900 1200 1056 1264 ineffabili
1072 1200 1267 1266 circumven-

100 1301 195 1366 ietate
219 1300 408 1383 consuleret,
432 1303 599 1383 utramque
623 1322 696 1363 vero
720 1304 898 1365 creaturam
920 1306 1007 1365 reete
1023 1303 1184 1367 conditam
1207 1303 1267 1368 hac

100 1427 124 1468 ie
146 1407 349 1487 monstraret,
373 1403 449 1488 quia
472 1407 504 1466 et
526 1402 700 1487 degeneres
723 1403 831 1487 angeli
853 1426 911 1487 per
931 1407 1116 1468 sanctorum
1138 1405 1266 1490 angelo-

100 1506 325 1570 oeatitudinem
348 1506 567 1569 confutantur.
606 1503 696 1579 Quod
718 1503 830 1568 iisdem
853 1506 964 1589 modis,
988 1505 1103 1591 quibus
1124 1506 1182 1589 illi,
1207 1506 1267 1571 hoc

100 1608 196 1672 sbitae
218 1608 349 1691 pietatis
367 1606 489 1688 offici0,
514 1607 760 1690 Oreatorenrque
782 1629 874 1670 suum
897 1607 1005 1671 debita
1027 1608 1267 1692 praedic-atione

100 1709 173 1793 ndo,
202 1731 260 1793 per
287 1709 486 1794 dignationis
514 1709 582 1791 ejus
606 1711 780 1792 augmenta
807 1709 1047 1794 profectumque
1069 1711 1267 1774 reverentiae

100 1813 219 1894 stantis,
242 1811 524 1895 participationem
539 1810 615 1874 boni
630 1812 775 1895 parentis
790 1811 1064 1894 stabilitatemque
1078 1816 1267 1895 perpetuam

101 1917 210 1979 ternae
233 1912 363 1998 gloriae⁸
378 1914 454 1976 sunt
477 1912 600 1995 adepti3
637 1913 682 1975 sic
710 1913 763 1976 isti
793 1934 932 1997 quoque,
963 1912 990 1975 si
1018 1913 1127 1976 eudem
1154 1917 1266 1978 tenore

102 2019 193 2098 ntur,
222 2013 260 2078 ad
284 2015 420 2078 similem
443 2014 676 2078 beatitudinem
698 2014 806 2078 venire
829 2014 1025 2097 potuissent,
1058 2015 1120 2077 nisi
1143 2014 1265 2079 desides

110 2116 202 2180 laude
225 2116 358 2181 factoris
381 2119 413 2179 et
436 2119 669 2199 competentem
691 2116 904 2179 reverentiam
926 2137 991 2178 non
1015 2119 1194 2199 sequentes,
1225 2117 1265 2180 ab

100 2219 217 2282 stracti
240 2217 498 2303 participationis
514 2220 641 2302 affectu,
665 2218 812 2303 propriae
833 2217 1051 2302 nequivissent
1066 2217 1265 2282 incrementa

100 2320 289 2405 ttionemque
311 2342 435 2384 sumere
458 2320 643 2404 dignitatis,
675 2321 750 2383 dum
777 2341 852 2382 suae
880 2319 1093 2383 institutionis
1117 2319 1264 2384 claritate

100 2423 166 2509 5³²)
189 2423 323 2486 ulterius
346 2445 379 2486 se
401 2422 483 2485 nihil
506 2443 599 2507 egere
607 2473 615 2504 ,
648 2444 685 2485 ac
713 2421 773 2485 sibi
797 2443 830 2485 se
853 2422 999 2485 sufficere
1022 2443 1114 2505 posse
1136 2444 1264 2505 praesu-

100 2578 101 2587 ,
124 2546 241 2608 perque
265 2525 384 2608 seipsos
407 2524 552 2588 obtinere
574 2525 720 2606 fidentes,
750 2523 901 2608 quidquid
924 2546 981 2608 per
1003 2524 1104 2587 solam
1124 2524 1264 2609 gratiam

100 2629 176 2690 seut
200 2625 381 2690 Conditoris
404 2626 549 2710 adipisci,
579 2627 663 2709 quod
685 2627 719 2689 in
743 2648 817 2689 suae
840 2648 969 2709 prorsus
993 2626 1174 2690 conditione
1197 2649 1263 2691 mu·

100 2729 166 2792 :atis
189 2728 307 2791 habere
330 2751 394 2791 non
416 2730 576 2812 poterant.
622 2727 726 2791 Homo
749 2750 872 2813 quoque
894 2729 933 2791 de
956 2728 1060 2812 seipso
1083 2729 1263 2792 manifestis

99 2830 124 2893 is
146 2831 344 2912 revincatur,
373 2830 407 2892 in
430 2832 557 2893 tantum
581 2830 641 2893 rite
663 2831 784 2911 faetus,
815 2833 849 2893 ut
872 2831 926 2914 qui
947 2852 1005 2912 per·
1027 2829 1168 2893 <livinum
1191 2852 1263 2915 gra·

100 2934 201 3015 potest
223 2953 354 3016 surgere
375 2935 448 3016 post
471 2932 614 3014 ruinam,
643 2932 745 2995 multo
772 2932 908 3015 amplius
936 2931 1077 3014 potuisse
1099 2932 1262 3016 doceatur,

100 3033 193 3098 mlem
221 3033 358 3118 gratiam
386 3034 500 3098 devota
528 3038 636 3097 mente
665 3037 864 3118 sequeretur,
904 3033 1030 3117 integer
1062 3055 1261 3118 permanere,

102 3137 260 3220 11111133)
284 3137 391 3222 gratia
413 3137 474 3198 ista
497 3136 690 3218 praevaleat,
720 3136 825 3219 magis
847 3134 921 3197 inde
944 3134 1105 3219 cognosci,
1133 3134 1207 3197 dum
1230 3140 1263 3200 et

100 3237 162 3301 unis
186 3238 306 3322 absque
328 3238 438 3301 eadem
461 3240 546 3300 stare
570 3238 763 3320 nequiverit,
794 3239 826 3300 et
855 3237 960 3298 valeat
988 3236 1027 3299 ad
1050 3236 1192 3298 eamdem
1215 3237 1261 3300 in-

100 3338 212 3403 itatem
235 3339 337 3403 redire
359 3342 431 3423 post
453 3340 588 3422 lapsum.
625 3338 734 3401 Bonus
757 3358 833 3422 ergo
856 3338 973 3401 artifex
988 3337 1084 3419 Deus,
1109 3337 1163 3421 qui
1182 3360 1261 3401 sem-

100 3463 156 3504 1111
179 3446 216 3505 et·
234 3463 391 3504 summum
414 3464 539 3524 semper
561 3440 659 3504 habet
680 3462 758 3523 csse,
783 3440 865 3523 quod
881 3440 983 3503 bonus
999 3442 1057 3521 est,
1081 3443 1176 3524 atque
1192 3441 1262 3504 ideo

100 3565 218 3628 nquam
240 3545 402 3608 crescendi
425 3543 510 3629 gerit
532 3543 667 3629 amplius
684 3542 873 3626 appetitum,
897 3543 972 3627 quia
994 3541 1076 3606 nihil
1098 3545 1146 3606 est
1168 3565 1263 3627 super

100 3645 143 3710 rod
166 3647 394 3730 sempiternum
418 3648 535 3710 bonum
556 3668 681 3729 semper
696 3648 730 3707 et
744 3667 901 3708 summum
917 3648 975 3727 est,
1000 3667 1059 3708 neo
1075 3643 1140 3707 ulla
1154 3648 1261 3728 potest

101 3747 204 3811 atione
233 3748 367 3811 diminui
395 3749 433 3810 de
462 3747 522 3811 hoc
550 3749 635 3831 ipso,
670 3747 753 3830 quod
775 3769 933 3810 summum
955 3747 1075 3810 bonum
1097 3747 1260 3830 sempiter-

101 3872 136 3914 ue
159 3849 329 3914 consentit.
375 3849 515 3932 Undeff)
539 3853 571 3912 et
592 3849 747 3912 Dominus
771 3849 867 3912 etiam
890 3870 955 3912 non
977 3871 1035 3932 per
1056 3849 1204 3930 rapinam
1227 3849 1260 3911 in
1318 3923 1343 3932 ..

100 3997 101 4008 ,
120 3952 179 4016 Dei
202 3952 304 4015 dietus
328 3955 376 4015 est
399 3953 608 4035 constitutus,
638 3951 691 4035 qui
713 3949 773 4012 hoo
796 3949 935 4013 habebat
958 3951 1067 4035 utique
1089 3972 1147 4034 per
1168 3955 1260 4014 natu·
1274 3923 1296 3975 p
1296 3923 1392 4043 gllglu'·

110 4054 190 4118 sicut
217 4054 272 4117 illo
299 4054 446 4138 spiritus,
477 4054 531 4137 qui
563 4054 646 4137 quod
675 4055 744 4116 erat
773 4074 833 4115 nec
862 4052 1092 4135 sempiternum
1119 4052 1260 4116 habebat
1313 4033 1319 4056 ’
1348 4035 1352 4045 ’

100 4177 125 4219 ιο
146 4179 206 4221 neo
228 4178 402 4238 summum,
432 4178 488 4239 per
510 4156 657 4238 rapinam
680 4154 795 4218 maluit
816 4176 987 4237 occupare,
1009 4176 1105 4237 quam
1126 4175 1184 4237 per
1206 4177 1259 4217 au·

100 4270 189 4277 ---.....
198 4272 293 4278 -,-.--..

100 4319 118 4360 et
134 4320 258 4378 tmaquam
277 4312 337 4375 ete.)
357 4338 388 4345 -
407 4307 455 4361 ubi
474 4325 536 4361 oum
554 4311 582 4361 a3
600 4328 649 4361 raon
666 4313 743 4361 solam
760 4327 789 4360 se
806 4326 855 4361 aon
872 4311 1022 4374 culpandum
1042 4304 1192 4375 legendum
1210 4309 1259 4361 aut

100 4401 211 4448 nsotam
231 4392 397 4446 mutandum
419 4394 493 4446 foret
511 4425 550 4454 —‚
573 4411 608 4445 an
632 4392 667 4445 ad
690 4378 762 4444 ittam
781 4402 923 4445 mouturam
946 4389 1061 4458 (scilieet
1084 4396 1144 4460 quia
1165 4402 1190 4444 et
1214 4398 1259 4445 de-

100 4489 148 4532 ira!
219 4490 244 4530 et
262 4489 386 4546 lauranum
403 4484 518 4533 solatium
536 4482 596 4547 etc.)
614 4476 760 4531 referenda
781 4475 843 4528 siut.
880 4475 939 4528 Hoc
957 4474 1076 4528 altorum
1093 4476 1151 4528 fore
1169 4475 1259 4544 magis

100 4563 129 4630 a,
153 4562 219 4631 quia
242 4562 331 4616 oratio
354 4562 417 4616 inde
440 4563 530 4616 minus
553 4562 694 4616 salebrosa
712 4562 804 4626 fieret3
823 4560 941 4615 alterum
959 4560 1053 4614 autem
1072 4559 1164 4614 sensui
1182 4577 1258 4615 acco-

100 4646 133 4701 11
150 4650 201 4702 est.

112 4731 185 4787 Editi
204 4733 301 4787 contra
314 4733 347 4787 G¹
368 4740 476 4788 detentis
495 4735 524 4788 et
541 4733 613 4788 infra
629 4753 678 4802 per
696 4751 760 4802 quae
778 4751 806 4783 se
824 4737 902 4799 ipsos.

112 4817 153 4872 lta
170 4817 213 4872 G'.
250 4817 304 4871 Alii
322 4831 549 4890 quantumcumque.
590 4819 713 4886 Sequens
731 4822 849 4887 cognosci
870 4815 906 4870 ad
929 4822 1051 4872 doceatur·
1073 4817 1257 4873 referendum.

113 4903 145 4958 G¹
164 4910 230 4959 unde
248 4917 273 4958 et
291 4912 372 4959 omniu
391 4911 472 4959 etium.
503 4905 582 4960 Unde
601 4904 713 4957 indubie
732 4901 903 4957 restituimus
921 4909 986 4958 unde
1004 4914 1029 4958 et
1041 4907 1162 4959 Dominus
1174 4911 1256 4973 etiem,

100 5001 124 5040 11
141 4988 208 5043 editi
226 4995 292 5045 aude
310 4996 393 5044 eliam.
431 4989 517 5044 Iidem
536 5008 600 5044 mox
618 4989 751 5044 omittunt
768 5001 833 5046 errat.
