3204 5506
187 346 266 444 426,
661 364 689 413 s.
706 361 849 414 aunasrr
871 362 985 412 aaran

64 530 176 596 (anea)
188 521 311 605 primae
332 519 416 584 sedis
439 519 629 585 auctoritate
651 519 819 603 percepta,
848 541 909 584 nec
930 517 1137 584 examinandi
1159 518 1249 584 Petri
1266 519 1322 603 jus
1341 517 1402 585 hab

188 646 248 690 nec
270 621 597 708 recipiendipenitus
619 623 821 706 potestatem.

270 725 302 789 4.
339 723 456 806 Quo²⁷)
479 722 670 808 regulariter
692 723 878 808 constituto,
907 745 967 789 nec
989 725 1073 809 apud
1095 746 1154 790 nos
1176 723 1274 790 Petro
1295 723 1402 790 ullatei

188 827 349 910 absoluto,
383 849 477 912 quem
499 827 669 891 danmasse
690 828 933 910 nosnevimus,
970 827 1170 892 examinasse
1202 827 1253 892 vel
1282 826 1402 893 absolvi

187 931 361 996 nescimus:
390 932 501 1013 restet,
527 929 663 994 utillud
685 929 949 1012 demonstremus,
974 931 1117 994 eumdem
1138 930 1283 1014 Petrum,
1306 951 1400 1015 quem

187 1037 360 1120 purgatum
387 1032 609 1097 communione
637 1032 794 1116 recepisse
821 1032 1006 1117 praetendit
1027 1032 1183 1115 Aeacius,
1220 1055 1388 1119 nunquam

187 1137 367 1202 haereticae
389 1134 620 1201 communionis
643 1136 835 1220 contagione
858 1157 1014 1217 cessasse,
1043 1134 1128 1219 ac²⁸)
1158 1157 1226 1200 non
1254 1135 1359 1201 solum
1385 1135 1402 1222 i]

146 1221 151 1233 ’
186 1242 339 1324 tempore,
362 1260 424 1322 quo
446 1238 474 1302 ei
497 1237 744 1302 communicavit
757 1238 906 1321 Aeacius,
931 1237 1097 1303 sedetiam
1112 1241 1187 1322 post
1200 1238 1402 1304 communion

187 1341 452 1425 praevaricatoris
467 1340 579 1405 Aeacii
602 1361 728 1424 semper
742 1339 998 1405 Alexandrinum
1012 1338 1145 1404 Petrum
1165 1340 1201 1406 in
1223 1341 1402 1407 baereticor

188 1443 322 1529 collegio
344 1442 549 1528 perdurasse,
579 1445 675 1526 atque
703 1442 749 1507 itu
777 1445 810 1506 et
837 1464 894 1527 per
915 1442 1002 1507 huuc
1023 1443 1179 1508 Acacium
1206 1443 1347 1529 perfidae
1372 1466 1402 1509 ca

188 1546 349 1611 munionis
370 1543 548 1629 suscepisse
570 1545 765 1630 contagium,
790 1548 823 1609 et
844 1567 902 1629 per
924 1544 1068 1610 eamdem
1089 1545 1154 1610 illis
1175 1545 1359 1629 haereticis,
1387 1572 1402 1613 ι

188 1647 430 1733 buaPetn1s²⁹)
454 1647 727 1730 communicabat,
762 1647 873 1712 eadem
901 1651 992 1732 peste
1020 1648 1237 1731 conjunctum.
1283 1647 1346 1724 Qui
1366 1671 1402 1733 p:

188 1750 324 1836 sumpsit
344 1773 410 1815 non
432 1753 557 1815 servato
579 1749 689 1814 ordine
712 1750 843 1814 Petrum
865 1750 1036 1835 suscipere,
1059 1772 1120 1815 nec
1143 1751 1362 1816 examinatum
1385 1777 1402 1817 a

187 1875 248 1917 nec
270 1853 474 1939 cognoscitur
500 1853 658 1937 recepisse
685 1856 874 1938 purgatum:
902 1856 935 1917 et
961 1853 1033 1918 ideo
1061 1856 1191 1938 praeter
1217 1853 1303 1918 sedis
1331 1875 1402 1938 apo

187 1956 267 2021 licae
288 1955 485 2041 notitiam³⁰)
512 1978 579 2020 non
606 1956 784 2042 legitimam
811 1955 873 2019 sibi
895 1957 964 2040 ejus
990 1939 1206 2040 receptionem
1226 1977 1387 2040 usurpare

187 2059 294 2142 luisse,
317 2061 353 2122 ut
375 2058 645 2124 examinationem
667 2059 736 2141 ejus
758 2061 791 2122 et
811 2058 1037 2143 purgationem
1057 2059 1165 2142 posset
1185 2079 1244 2142 pro
1267 2080 1325 2123 sua
1348 2061 1402 2125 voi

187 2163 255 2226 tate
276 2160 393 2244 metiri,
424 2165 519 2247 atque
541 2183 614 2225 eum
636 2182 696 2225 nee
718 2160 937 2225 examinatum
964 2181 1024 2224 nec
1051 2160 1208 2245 reciperet
1228 2161 1361 2226 omnino
1384 2185 1402 2247 p

187 2267 309 2350 gutum.
353 2262 456 2339 Quem
483 2263 510 2328 si
538 2285 649 2327 revera
675 2262 772 2328 vellet
794 2262 1012 2327 examinatum
1038 2265 1275 2349 purgatumque
1302 2263 1402 2349 recipe

188 2366 332 2431 ordinem
360 2365 396 2430 in
423 2366 492 2450 ejus
521 2365 757 2430 examinatione
785 2368 818 2430 et
844 2365 1075 2450 receptione³¹)
1107 2365 1215 2449 potius
1247 2366 1402 2431 enudus

188 2469 244 2533 sed
264 2471 301 2533 ut
321 2466 482 2532 videretur
503 2468 624 2552 magis,
653 2490 748 2553 quam
774 2467 931 2532 veraciter
957 2471 1056 2552 esset,
1081 2467 1155 2551 jure
1176 2468 1320 2553 purgari.
1362 2467 1402 2535 Sic

188 2593 265 2655 ergo
287 2573 363 2635 ante
384 2591 451 2634 non
472 2570 560 2654 priua
582 2569 757 2653 damnavit,
781 2592 877 2655 quam
900 2574 932 2635 et
952 2570 1086 2634 referret
1108 2573 1141 2634 et
1162 2573 1308 2654 posceret
1329 2590 1402 2656 epea

188 2672 250 2738 lica
258 2671 297 2758 ⁸²)
319 2673 479 2756 potestate
501 2672 734 2757 damnandum,
773 2673 818 2738 sic
847 2676 878 2737 et
905 2672 940 2737 in
967 2672 1150 2756 recipiendo
1177 2673 1306 2738 modum
1328 2694 1402 2739 serra

189 2775 359 2859 debuisset,
382 2777 420 2840 ut
439 2775 624 2861 priusquam
647 2796 680 2839 se
703 2775 733 2840 ei
754 2775 977 2840 communione
991 2775 1149 2858 misceret,
1173 2797 1232 2861 per
1253 2775 1356 2841 sedem
1374 2798 1402 2861 aq

188 2877 334 2942 stolieam
356 2879 501 2962 posceret
522 2877 699 2942 examinari
722 2899 793 2942 eum
815 2880 847 2941 et
869 2877 1016 2963 legitima
1037 2879 1162 2943 ratione
1183 2878 1332 2964 purgari:
1353 2901 1402 2964 qui

188 3003 248 3045 nee
270 2979 476 3044 examinandi
499 2981 555 3043 aut
576 2979 750 3063 recipiendi
774 3003 846 3045 eum
867 2979 1002 3045 haberet
1017 2981 1085 3065 ipse
1100 2980 1311 3065 pontificium,
1334 2984 1402 3047 etn

187 3083 251 3147 nisi
272 3103 330 3166 per
352 3081 438 3147 illius
461 3081 544 3146 sedis
567 3082 790 3147 auctoritatem
818 3104 1070 3168 consensumque
1097 3082 1158 3148 hoe
1180 3087 1290 3168 posset
1309 3084 1402 3170 imple

189 3184 267 3269 et³³)
290 3183 359 3280 sine
381 3183 471 3267 cujus
494 3184 685 3273 auctoritate
708 3207 781 3249 eum
795 3206 862 3249 non
876 3188 1025 3269 potuerat
1043 3186 1112 3271 ipse
1126 3186 1293 3270 damnare,
1316 3190 1349 3252 et
1363 3209 1402 3272 eq

188 3412 237 3461 aiei
255 3413 338 3476 petita
354 3412 424 3461 redte
446 3413 602 3475 apostolicae
622 3413 815 3475 praeceptione,
839 3408 937 3476 utpote
958 3412 1013 3461 sine
1035 3413 1110 3474 cujus
1131 3412 1299 3475 cremate,
1322 3424 1402 3478 quem

187 3491 301 3546 modum
318 3490 393 3546 infra
409 3498 465 3546 nd
483 3491 596 3558 dicitur,
614 3507 677 3546 eum
695 3491 830 3561 (Petnrm)
848 3511 897 3546 aaa
913 3503 1037 3561 potuerat
1052 3497 1109 3562 ipse
1127 3498 1258 3552 damnare.
1361 3483 1368 3504 ⁸

254 3578 287 3646 ²²)
304 3575 340 3629 D¹
360 3579 442 3642 Quod,
461 3577 495 3631 0¹
509 3579 534 3632 e¹
553 3582 613 3647 quia
626 3582 780 3645 repetierit&
791 3583 916 3643 comeda,
936 3594 1057 3647 moxque
1068 3577 1098 3632 d¹
1111 3597 1183 3648 quen
1198 3589 1335 3649 parom
1351 3586 1402 3636 ine

186 3667 331 3724 manaem,
348 3662 385 3715 D·
401 3665 599 3716 comunionem.

254 3747 287 3815 ²⁸)
305 3746 349 3801 Ita
366 3747 393 3800 c‘
405 3749 430 3801 οτ
443 3747 484 3814 d²;
501 3746 536 3800 F<¹
548 3746 589 3800 Ffl
602 3746 635 3800 Ο1
655 3767 701 3802 nec
718 3768 768 3803 non
784 3755 876 3811 solum,
895 3748 930 3803 0¹
941 3754 1085 3804 mesebon.
1112 3753 1232 3818 Moxque
1244 3749 1283 3805 N·
1299 3771 1351 3822 qao
1367 3765 1394 3808 et

187 3832 221 3886 ud
233 3831 274 3885 Fe
287 3831 317 3885 d⁸
334 3831 467 3887 omittunt
484 3838 520 3895 εἰ,
539 3849 572 3887 ae
589 3831 689 3887 deinde
708 3832 742 3888 0¹
756 3832 791 3888 0²
803 3837 827 3888 οί
847 3846 871 3889 ee
887 3839 915 3888 in
932 3838 1124 3889 baereticorum.

254 3918 287 3986 ²⁰)
306 3917 335 3971 d¹
353 3921 433 3973 Petro
505 3938 555 3974 non
571 3923 690 3987 praedm
709 3924 807 3973 ordin.
842 3920 941 3974 Petrus
959 3921 1053 3974 autem
1071 3936 1134 3974 cum
1151 3919 1334 3990 Eutychiauis
1350 3924 1402 3978 a<

188 4002 390 4058 ehedonensem
405 4003 541 4073 synodum
559 4004 608 4058 aut
623 4002 723 4058 Leonis
740 4003 887 4074 epistolam
903 4005 1096 4074 respuentibus
1113 4004 1353 4075 communicabat,
1370 4024 1402 4076 qu

187 4087 302 4143 Aeacius
319 4087 419 4142 saltem
430 4088 459 4141 in
471 4086 592 4157 speeiem
605 4088 704 4143 horum
716 4089 938 4145 communionem
949 4090 1072 4145 aversari
1083 4090 1233 4145 videretur.
1260 4090 1402 4147 Petrumr

186 4172 263 4228 nulla
273 4172 382 4228 ratione
393 4172 533 4227 mutatum
550 4173 646 4241 fuisse,
664 4175 861 4230 confirmarunt
877 4175 950 4230 illius
962 4175 999 4229 ad
1010 4175 1148 4232 Flavitam
1158 4175 1272 4232 litterae
1284 4177 1321 4232 ub
1333 4176 1402 4248 Eva!

187 4256 234 4313 lib.
248 4265 264 4313 3
282 4275 304 4313 e.
318 4264 351 4313 23
369 4265 548 4313 memoratae.

254 4345 287 4410 ⁸⁰)
305 4342 339 4398 0¹
352 4343 388 4398 0²
399 4346 424 4397 c'
442 4349 578 4408 licentiam,
597 4361 716 4415 moxque
734 4345 769 4400 0²
781 4348 806 4400 c¹
820 4350 846 4400 οδ
862 4364 919 4415 seq.
938 4352 1046 4401 madri.

255 4429 333 4498 31)(11
352 4435 513 4499 perpaucae.
549 4430 621 4484 Turn
643 4433 669 4484 οδ
686 4447 762 4499 seqq.
783 4452 813 4486 ne
835 4437 965 4486 ametur
990 4441 1068 4500 mapa
1090 4452 1164 4503 mear
1185 4432 1345 4503 (sequeutia
1364 4432 1402 4490 eti

187 4513 233 4581 Db
250 4525 340 4582 posset
350 4519 415 4582 jare
429 4535 552 4585 purpure.
586 4514 733 4585 Sequimur
750 4533 813 4571 mss.
825 4517 862 4570 D¹
873 4516 909 4570 F*
920 4515 961 4569 F*
972 4515 1011 4570 Ν8
1022 4516 1056 4571 0¹
1070 4516 1106 4572 0¹
1118 4520 1143 4572 e¹
1156 4517 1184 4572 d¹
1197 4516 1227 4572 d·
1245 4518 1284 4586 (οι
1294 4537 1402 4590 m

189 4600 217 4654 et
233 4614 347 4669 prorsus
363 4599 449 4670 plana
466 4603 538 4656 esset
555 4600 657 4668 oratio,
675 4601 698 4656 si
715 4617 767 4671 pro
785 4607 833 4657 aed
848 4602 989 4672 legeretur
1005 4608 1102 4658 sedicet
1118 4602 1164 4658 vel
1179 4608 1278 4660 saum.

256 4684 288 4751 ³¹)
305 4684 349 4739 Ita
367 4702 430 4740 mss.
443 4687 468 4739 1)
479 4684 567 4740 ΡΨ
579 4686 608 4740 d¹
621 4685 659 4740 d2.
695 4686 766 4741 Oce
782 4691 815 4741 ab
833 4692 988 4757 apostolica,
1006 4704 1126 4757 moxque
1139 4688 1168 4743 d¹
1180 4692 1333 4752 simet,
1351 4686 1402 4744 dei

214 4770 225 4802 ³
498 4776 504 4788 .
558 4781 563 4792 ,
963 4777 968 4790 .
991 4779 996 4791 .
1050 4778 1056 4789 .

187 4767 212 4822 N
239 4772 1113 4926 zicigtxdisiaeffabzichlioiiiiaedlitidddleeirieeediiiiiiique
1125 4857 1161 4913 0¹
1173 4860 1199 4913 e¹
1212 4868 1333 4928 pom,
1348 4857 1402 4914 dd

186 4937 261 4995 eolus
279 4937 308 4994 d'
326 4951 352 4995 et
369 4946 485 4996 darnart
501 4948 540 4997 nel
554 4948 664 5012 perpuri
680 4954 706 4997 er
722 4948 769 5007 ad,
788 4944 817 4998 et
833 4942 917 5013 paulo
934 4944 998 5015 post
1014 4960 1077 4999 mss.
1098 4943 1159 4999 Ου’
1178 4949 1371 5001 eoram
