<?xml version="1.0" encoding="UTF-8"?>
<!DOCTYPE html PUBLIC "-//W3C//DTD XHTML 1.0 Transitional//EN"
    "http://www.w3.org/TR/xhtml1/DTD/xhtml1-transitional.dtd">
<html xmlns="http://www.w3.org/1999/xhtml" xml:lang="en" lang="en">
 <head>
  <title>
</title>
<meta http-equiv="Content-Type" content="text/html;charset=utf-8" />
  <meta name='ocr-system' content='tesseract 3.04.00' />
  <meta name='ocr-capabilities' content='ocr_page ocr_carea ocr_par ocr_line ocrx_word'/>
</head>
<body>
  <div class='ocr_page' id='page_1' title='image "./epistolaeromano00thiegoog/epistolaeromano00thiegoog_0296.png"; bbox 0 0 3204 5506; ppageno 0'>
   <div class='ocr_carea' id='block_1_1' title="bbox 589 357 1387 420">
    <p class='ocr_par' dir='ltr' id='par_1_1' title="bbox 589 357 1387 420">
     <span class='ocr_line' id='line_1_1' title="bbox 589 357 1387 420; baseline 0.005 -4"><span class='ocrx_word' id='word_1_1' title='bbox 589 370 783 419; x_wconf 77' lang='lat' dir='ltr'>umsrousu</span> <span class='ocrx_word' id='word_1_2' title='bbox 806 361 910 418; x_wconf 78' lang='grc'><strong>6-8.</strong></span> <span class='ocrx_word' id='word_1_3' title='bbox 1326 357 1387 420; x_wconf 79' lang='lat'>247</span> 
     </span>
    </p>
   </div>
   <div class='ocr_carea' id='block_1_2' title="bbox 99 523 1497 808">
    <p class='ocr_par' dir='ltr' id='par_1_2' title="bbox 99 523 1497 808">
     <span class='ocr_line' id='line_1_2' title="bbox 101 523 1497 608; baseline 0.001 -22"><span class='ocrx_word' id='word_1_4' title='bbox 101 523 238 587; x_wconf 79' lang='lat' dir='ltr'>Itoniae</span> <span class='ocrx_word' id='word_1_5' title='bbox 261 523 445 607; x_wconf 78' lang='lat' dir='ltr'>subscripsi.</span> <span class='ocrx_word' id='word_1_6' title='bbox 489 523 574 587; x_wconf 84' lang='lat' dir='ltr'>Data</span> <span class='ocrx_word' id='word_1_7' title='bbox 596 523 799 589; x_wconf 72' lang='lat' dir='ltr'>Vualendas</span> <span class='ocrx_word' id='word_1_8' title='bbox 820 524 983 608; x_wconf 74' lang='lat' dir='ltr'>rlrrgustas</span> <span class='ocrx_word' id='word_1_9' title='bbox 1007 525 1035 588; x_wconf 85' lang='lat' dir='ltr'>V</span> <span class='ocrx_word' id='word_1_10' title='bbox 1037 526 1168 589; x_wconf 81' lang='lat' dir='ltr'>errantia</span> <span class='ocrx_word' id='word_1_11' title='bbox 1191 526 1258 589; x_wconf 88' lang='lat' dir='ltr'>viro</span> <span class='ocrx_word' id='word_1_12' title='bbox 1282 526 1389 590; x_wconf 87' lang='lat' dir='ltr'>claris·</span> <span class='ocrx_word' id='word_1_13' title='bbox 1402 539 1497 588; x_wconf 56' lang='lat' dir='ltr'>anea</span> 
     </span>
     <span class='ocr_line' id='line_1_3' title="bbox 102 625 1389 710; baseline 0.003 -22"><span class='ocrx_word' id='word_1_14' title='bbox 102 625 349 689; x_wconf 81' lang='lat' dir='ltr'>simoconsule.</span> <span class='ocrx_word' id='word_1_15' title='bbox 379 625 614 710; x_wconf 67' lang='lat' dir='ltr'>Simnlqsce²²p</span> <span class='ocrx_word' id='word_1_16' title='bbox 629 634 878 705; x_wconf 80' lang='lat' dir='ltr'>septuepiate</span> <span class='ocrx_word' id='word_1_17' title='bbox 899 639 1037 706; x_wconf 78' lang='lat' dir='ltr'><em>septem</em></span> <span class='ocrx_word' id='word_1_18' title='bbox 1060 634 1231 707; x_wconf 76' lang='lat' dir='ltr'><em>episcopi</em></span> <span class='ocrx_word' id='word_1_19' title='bbox 1251 634 1389 708; x_wconf 78' lang='lat' dir='ltr'>cosque</span> 
     </span>
     <span class='ocr_line' id='line_1_4' title="bbox 99 733 563 808; baseline 0.004 -19"><span class='ocrx_word' id='word_1_20' title='bbox 99 749 214 807; x_wconf 84' lang='lat' dir='ltr'>pepo</span> <span class='ocrx_word' id='word_1_21' title='bbox 237 733 563 808; x_wconf 80' lang='lat' dir='ltr'>subscripserunt.</span> 
     </span>
    </p>
   </div>
   <div class='ocr_carea' id='block_1_3' title="bbox 637 931 866 1032">
    <p class='ocr_par' dir='ltr' id='par_1_3' title="bbox 637 931 866 1032">
     <span class='ocr_line' id='line_1_5' title="bbox 637 931 866 1032; baseline -0.009 -19"><span class='ocrx_word' id='word_1_22' title='bbox 637 931 818 1032; x_wconf 79' lang='lat' dir='ltr'>Epistola</span> <span class='ocrx_word' id='word_1_23' title='bbox 845 932 866 1011; x_wconf 80' lang='lat'>7</span> 
     </span>
    </p>
   </div>
   <div class='ocr_carea' id='block_1_4' title="bbox 730 1084 777 1118">
    <p class='ocr_par' dir='ltr' id='par_1_4' title="bbox 730 1084 777 1118">
     <span class='ocr_line' id='line_1_6' title="bbox 730 1084 777 1118; baseline 0 0"><span class='ocrx_word' id='word_1_24' title='bbox 730 1084 777 1118; x_wconf 79' lang='lat' dir='ltr'>seu</span> 
     </span>
    </p>
   </div>
   <div class='ocr_carea' id='block_1_5' title="bbox 14 1158 1525 1347">
    <p class='ocr_par' dir='ltr' id='par_1_5' title="bbox 14 1158 1525 1347">
     <span class='ocr_line' id='line_1_7' title="bbox 14 1158 1525 1281; baseline -0.007 -41"><span class='ocrx_word' id='word_1_25' title='bbox 14 1158 17 1187; x_wconf 68' lang='lat'>³</span> <span class='ocrx_word' id='word_1_26' title='bbox 54 1194 90 1240; x_wconf 80' lang='grc' dir='ltr'>ιι.</span> <span class='ocrx_word' id='word_1_27' title='bbox 185 1180 353 1236; x_wconf 75' lang='lat' dir='ltr'>Edictum</span> <span class='ocrx_word' id='word_1_28' title='bbox 375 1178 564 1235; x_wconf 78' lang='lat' dir='ltr'>sententiae</span> <span class='ocrx_word' id='word_1_29' title='bbox 586 1177 710 1233; x_wconf 78' lang='lat' dir='ltr'>Felicis</span> <span class='ocrx_word' id='word_1_30' title='bbox 732 1191 840 1244; x_wconf 83' lang='lat' dir='ltr'>papae</span> <span class='ocrx_word' id='word_1_31' title='bbox 861 1180 1000 1244; x_wconf 86' lang='lat' dir='ltr'>propter</span> <span class='ocrx_word' id='word_1_32' title='bbox 1023 1179 1141 1234; x_wconf 84' lang='lat' dir='ltr'>Aeacii</span> <span class='ocrx_word' id='word_1_33' title='bbox 1163 1178 1315 1246; x_wconf 77' lang='lat' dir='ltr'>episcopi</span> <span class='ocrx_word' id='word_1_34' title='bbox 1402 1161 1525 1281; x_wconf 49' lang='lat' dir='ltr'>{lffll‘b</span> 
     </span>
     <span class='ocr_line' id='line_1_8' title="bbox 423 1273 1501 1347; baseline -0.01 -11"><span class='ocrx_word' id='word_1_35' title='bbox 423 1279 793 1347; x_wconf 82' lang='lat' dir='ltr'>constantinopolitani</span> <span class='ocrx_word' id='word_1_36' title='bbox 814 1280 1076 1336; x_wconf 79' lang='lat' dir='ltr'><strong>damnationem.</strong></span> <span class='ocrx_word' id='word_1_37' title='bbox 1496 1273 1501 1282; x_wconf 89' lang='lat'>&#39;</span> 
     </span>
    </p>
   </div>
   <div class='ocr_carea' id='block_1_6' title="bbox 93 1441 1383 1934">
    <p class='ocr_par' dir='ltr' id='par_1_6' title="bbox 93 1441 1383 1934">
     <span class='ocr_line' id='line_1_9' title="bbox 191 1441 1383 1526; baseline 0.001 -20"><span class='ocrx_word' id='word_1_38' title='bbox 191 1442 347 1524; x_wconf 80' lang='lat' dir='ltr'>Aeacius,</span> <span class='ocrx_word' id='word_1_39' title='bbox 376 1443 430 1526; x_wconf 91' lang='lat' dir='ltr'>qui</span> <span class='ocrx_word' id='word_1_40' title='bbox 458 1441 596 1507; x_wconf 82' lang='lat' dir='ltr'>secundo</span> <span class='ocrx_word' id='word_1_41' title='bbox 624 1465 642 1504; x_wconf 91' lang='lat' dir='ltr'>a</span> <span class='ocrx_word' id='word_1_42' title='bbox 671 1442 763 1505; x_wconf 86' lang='lat' dir='ltr'>nobis</span> <span class='ocrx_word' id='word_1_43' title='bbox 793 1441 973 1505; x_wconf 84' lang='lat' dir='ltr'>admonitus</span> <span class='ocrx_word' id='word_1_44' title='bbox 996 1445 1188 1506; x_wconf 86' lang='lat' dir='ltr'>statutorum</span> <span class='ocrx_word' id='word_1_45' title='bbox 1210 1443 1383 1507; x_wconf 70' lang='lat' dir='ltr'>sarlubrirmr</span> 
     </span>
     <span class='ocr_line' id='line_1_10' title="bbox 99 1544 1382 1627; baseline -0.001 -17"><span class='ocrx_word' id='word_1_46' title='bbox 99 1568 171 1610; x_wconf 90' lang='lat' dir='ltr'>non</span> <span class='ocrx_word' id='word_1_47' title='bbox 193 1544 328 1609; x_wconf 73' lang='lat' dir='ltr'><strong>destitit</strong></span> <span class='ocrx_word' id='word_1_48' title='bbox 350 1566 419 1608; x_wconf 85' lang='lat' dir='ltr'>esse</span> <span class='ocrx_word' id='word_1_49' title='bbox 442 1548 653 1627; x_wconf 87' lang='lat' dir='ltr'>contemptor,</span> <span class='ocrx_word' id='word_1_50' title='bbox 677 1566 790 1627; x_wconf 84' lang='lat' dir='ltr'>meque</span> <span class='ocrx_word' id='word_1_51' title='bbox 812 1545 847 1607; x_wconf 91' lang='lat' dir='ltr'>in</span> <span class='ocrx_word' id='word_1_52' title='bbox 869 1545 947 1607; x_wconf 81' lang='lat' dir='ltr'>meis</span> <span class='ocrx_word' id='word_1_53' title='bbox 966 1544 1100 1607; x_wconf 88' lang='lat' dir='ltr'>credidit</span> <span class='ocrx_word' id='word_1_54' title='bbox 1116 1546 1382 1627; x_wconf 66' lang='lat' dir='ltr'><strong>carcerizandum,</strong></span> 
     </span>
     <span class='ocr_line' id='line_1_11' title="bbox 95 1645 1382 1729; baseline -0.001 -18"><span class='ocrx_word' id='word_1_55' title='bbox 95 1650 187 1711; x_wconf 88' lang='lat' dir='ltr'>hunc</span> <span class='ocrx_word' id='word_1_56' title='bbox 216 1646 312 1710; x_wconf 83' lang='lat' dir='ltr'>Deus</span> <span class='ocrx_word' id='word_1_57' title='bbox 339 1646 472 1709; x_wconf 80' lang='lat' dir='ltr'>coelitus</span> <span class='ocrx_word' id='word_1_58' title='bbox 501 1645 627 1729; x_wconf 87' lang='lat' dir='ltr'>prolata</span> <span class='ocrx_word' id='word_1_59' title='bbox 654 1646 815 1710; x_wconf 85' lang='lat' dir='ltr'>sententia</span> <span class='ocrx_word' id='word_1_60' title='bbox 837 1647 881 1709; x_wconf 72' lang='lat' dir='ltr'>sle</span> <span class='ocrx_word' id='word_1_61' title='bbox 909 1646 1086 1709; x_wconf 85' lang='lat' dir='ltr'>sacerdotio</span> <span class='ocrx_word' id='word_1_62' title='bbox 1112 1647 1190 1710; x_wconf 85' lang='lat' dir='ltr'>fecit</span> <span class='ocrx_word' id='word_1_63' title='bbox 1213 1651 1382 1711; x_wconf 75' lang='lat' dir='ltr'><strong>extorrem.</strong></span> 
     </span>
     <span class='ocr_line' id='line_1_12' title="bbox 96 1747 1382 1833; baseline 0.001 -22"><span class='ocrx_word' id='word_1_64' title='bbox 96 1748 191 1833; x_wconf 79' lang='lat' dir='ltr'>Ergo</span> <span class='ocrx_word' id='word_1_65' title='bbox 215 1750 247 1811; x_wconf 85' lang='lat' dir='ltr'>si</span> <span class='ocrx_word' id='word_1_66' title='bbox 270 1748 345 1832; x_wconf 86' lang='lat' dir='ltr'>quis</span> <span class='ocrx_word' id='word_1_67' title='bbox 367 1748 543 1831; x_wconf 80' lang='lat' dir='ltr'>episcopua,</span> <span class='ocrx_word' id='word_1_68' title='bbox 568 1748 711 1829; x_wconf 85' lang='lat' dir='ltr'>clericus,</span> <span class='ocrx_word' id='word_1_69' title='bbox 735 1747 920 1829; x_wconf 87' lang='lat' dir='ltr'>monachus,</span> <span class='ocrx_word' id='word_1_70' title='bbox 945 1747 1045 1811; x_wconf 85' lang='lat' dir='ltr'>laicus</span> <span class='ocrx_word' id='word_1_71' title='bbox 1067 1751 1140 1831; x_wconf 87' lang='lat' dir='ltr'>post</span> <span class='ocrx_word' id='word_1_72' title='bbox 1163 1749 1247 1811; x_wconf 68' lang='lat' dir='ltr'>heum</span> <span class='ocrx_word' id='word_1_73' title='bbox 1262 1750 1382 1812; x_wconf 88' lang='lat' dir='ltr'>denun-</span> 
     </span>
     <span class='ocr_line' id='line_1_13' title="bbox 93 1849 1381 1934; baseline 0.002 -21"><span class='ocrx_word' id='word_1_74' title='bbox 93 1851 276 1914; x_wconf 82' lang='lat' dir='ltr'>tiationem</span> <span class='ocrx_word' id='word_1_75' title='bbox 308 1849 410 1913; x_wconf 87' lang='lat' dir='ltr'>eidem</span> <span class='ocrx_word' id='word_1_76' title='bbox 433 1849 729 1931; x_wconf 86' lang='lat' dir='ltr'>communicaverit,</span> <span class='ocrx_word' id='word_1_77' title='bbox 760 1850 931 1913; x_wconf 72' lang='lat' dir='ltr'>sarrathema</span> <span class='ocrx_word' id='word_1_78' title='bbox 954 1849 1013 1931; x_wconf 89' lang='lat' dir='ltr'>sit,</span> <span class='ocrx_word' id='word_1_79' title='bbox 1047 1853 1158 1913; x_wconf 88' lang='lat' dir='ltr'>sancto</span> <span class='ocrx_word' id='word_1_80' title='bbox 1182 1851 1303 1934; x_wconf 69' lang='lat' dir='ltr'>Spiritu</span> <span class='ocrx_word' id='word_1_81' title='bbox 1330 1874 1381 1915; x_wconf 83' lang='lat' dir='ltr'>ex-</span> 
     </span>
    </p>
   </div>
   <div class='ocr_carea' id='block_1_7' title="bbox 92 1953 279 2037">
    <p class='ocr_par' dir='ltr' id='par_1_7' title="bbox 92 1953 279 2037">
     <span class='ocr_line' id='line_1_14' title="bbox 92 1953 279 2037; baseline -0.005 -21"><span class='ocrx_word' id='word_1_82' title='bbox 92 1955 259 2037; x_wconf 79' lang='lat' dir='ltr'>sequente</span> <span class='ocrx_word' id='word_1_83' title='bbox 272 1953 279 2015; x_wconf 91' lang='lat'>!</span> 
     </span>
    </p>
   </div>
   <div class='ocr_carea' id='block_1_8' title="bbox 335 2154 1518 2414">
    <p class='ocr_par' dir='ltr' id='par_1_8' title="bbox 335 2154 1518 2414">
     <span class='ocr_line' id='line_1_15' title="bbox 628 2154 869 2257; baseline -0.004 -20"><span class='ocrx_word' id='word_1_84' title='bbox 628 2154 807 2257; x_wconf 79' lang='lat' dir='ltr'>Epistola</span> <span class='ocrx_word' id='word_1_85' title='bbox 836 2156 869 2236; x_wconf 80' lang='lat'>8.</span> 
     </span>
     <span class='ocr_line' id='line_1_16' title="bbox 335 2279 1518 2414; baseline -0.014 -41"><span class='ocrx_word' id='word_1_86' title='bbox 335 2306 468 2374; x_wconf 77' lang='lat' dir='ltr'>Felicis</span> <span class='ocrx_word' id='word_1_87' title='bbox 483 2320 599 2390; x_wconf 76' lang='lat' dir='ltr'>&#39;prapae</span> <span class='ocrx_word' id='word_1_88' title='bbox 622 2307 666 2372; x_wconf 86' lang='lat' dir='ltr'>ad</span> <span class='ocrx_word' id='word_1_89' title='bbox 690 2308 864 2373; x_wconf 77' lang='lat' dir='ltr'>Zenonem</span> <span class='ocrx_word' id='word_1_90' title='bbox 888 2307 1157 2389; x_wconf 74' lang='lat' dir='ltr'>imperatorem.</span> <span class='ocrx_word' id='word_1_91' title='bbox 1391 2279 1518 2414; x_wconf 43' lang='lat' dir='ltr'>{ffl-</span> 
     </span>
    </p>
   </div>
   <div class='ocr_carea' id='block_1_9' title="bbox 45 2448 1345 2681">
    <p class='ocr_par' dir='ltr' id='par_1_9' title="bbox 45 2448 1345 2681">
     <span class='ocr_line' id='line_1_17' title="bbox 45 2448 1345 2512; baseline -0.005 -10"><span class='ocrx_word' id='word_1_92' title='bbox 45 2454 72 2501; x_wconf 77' lang='lat'>12</span> <span class='ocrx_word' id='word_1_93' title='bbox 117 2452 205 2501; x_wconf 74' lang='lat' dir='ltr'>Petri</span> <span class='ocrx_word' id='word_1_94' title='bbox 223 2448 409 2498; x_wconf 77' lang='lat' dir='ltr'>Alexandrini</span> <span class='ocrx_word' id='word_1_95' title='bbox 426 2448 565 2512; x_wconf 79' lang='lat' dir='ltr'>Acociipne</span> <span class='ocrx_word' id='word_1_96' title='bbox 584 2449 689 2496; x_wconf 84' lang='lat' dir='ltr'>crtrnina</span> <span class='ocrx_word' id='word_1_97' title='bbox 705 2448 816 2496; x_wconf 79' lang='lat' dir='ltr'>breviter·</span> <span class='ocrx_word' id='word_1_98' title='bbox 827 2449 1013 2511; x_wconf 77' lang='lat' dir='ltr'>perstrinpcns,</span> <span class='ocrx_word' id='word_1_99' title='bbox 1033 2454 1057 2497; x_wconf 82' lang='lat' dir='ltr'>et</span> <span class='ocrx_word' id='word_1_100' title='bbox 1071 2449 1134 2495; x_wconf 86' lang='lat' dir='ltr'>illum</span> <span class='ocrx_word' id='word_1_101' title='bbox 1148 2449 1229 2497; x_wconf 79' lang='lat' dir='ltr'>‹lcrruo</span> <span class='ocrx_word' id='word_1_102' title='bbox 1242 2449 1345 2497; x_wconf 69' lang='lat' dir='ltr'>docrina-</span> 
     </span>
     <span class='ocr_line' id='line_1_18' title="bbox 118 2532 1344 2598; baseline -0.003 -13"><span class='ocrx_word' id='word_1_103' title='bbox 118 2544 172 2585; x_wconf 68' lang='grc' dir='ltr'>ωε</span> <span class='ocrx_word' id='word_1_104' title='bbox 193 2541 227 2583; x_wconf 76' lang='lat' dir='ltr'>et</span> <span class='ocrx_word' id='word_1_105' title='bbox 246 2534 318 2582; x_wconf 78' lang='lat' dir='ltr'>tunc</span> <span class='ocrx_word' id='word_1_106' title='bbox 335 2548 353 2580; x_wconf 82' lang='lat' dir='ltr'>a</span> <span class='ocrx_word' id='word_1_107' title='bbox 370 2533 537 2582; x_wconf 70' lang='lat' dir='ltr'>comissione</span> <span class='ocrx_word' id='word_1_108' title='bbox 556 2539 581 2582; x_wconf 81' lang='lat' dir='ltr'>et</span> <span class='ocrx_word' id='word_1_109' title='bbox 599 2534 721 2598; x_wconf 78' lang='lat' dir='ltr'>dipnilulc</span> <span class='ocrx_word' id='word_1_110' title='bbox 740 2535 882 2596; x_wconf 80' lang='lat' dir='ltr'>apostolica</span> <span class='ocrx_word' id='word_1_111' title='bbox 900 2535 1035 2582; x_wconf 70' lang='lat' dir='ltr'>(liceretne</span> <span class='ocrx_word' id='word_1_112' title='bbox 1053 2549 1108 2582; x_wconf 84' lang='lat' dir='ltr'>csse</span> <span class='ocrx_word' id='word_1_113' title='bbox 1127 2533 1202 2581; x_wconf 79' lang='lat' dir='ltr'>docet</span> <span class='ocrx_word' id='word_1_114' title='bbox 1214 2534 1248 2593; x_wconf 81' lang='lat' dir='ltr'>(n.</span> <span class='ocrx_word' id='word_1_115' title='bbox 1261 2532 1344 2596; x_wconf 77' lang='lat'>1-4).</span> 
     </span>
     <span class='ocr_line' id='line_1_19' title="bbox 116 2616 1343 2681; baseline -0.002 -11"><span class='ocrx_word' id='word_1_116' title='bbox 116 2621 232 2681; x_wconf 65' lang='lat' dir='ltr'>,ilonea</span> <span class='ocrx_word' id='word_1_117' title='bbox 255 2623 286 2667; x_wconf 77' lang='lat' dir='ltr'>nl</span> <span class='ocrx_word' id='word_1_118' title='bbox 300 2616 442 2667; x_wconf 73' lang='lat' dir='ltr'>Ecclesiam</span> <span class='ocrx_word' id='word_1_119' title='bbox 453 2617 601 2667; x_wconf 73' lang='lat' dir='ltr'>catholicam</span> <span class='ocrx_word' id='word_1_120' title='bbox 619 2619 671 2666; x_wconf 73' lang='lat' dir='ltr'>siris</span> <span class='ocrx_word' id='word_1_121' title='bbox 689 2622 727 2665; x_wconf 85' lang='lat' dir='ltr'>nti</span> <span class='ocrx_word' id='word_1_122' title='bbox 742 2617 837 2681; x_wconf 74' lang='lat' dir='ltr'>lepidus</span> <span class='ocrx_word' id='word_1_123' title='bbox 855 2624 880 2665; x_wconf 87' lang='lat' dir='ltr'>cl</span> <span class='ocrx_word' id='word_1_124' title='bbox 898 2617 1015 2667; x_wconf 73' lang='lat' dir='ltr'>libertale</span> <span class='ocrx_word' id='word_1_125' title='bbox 1028 2619 1171 2680; x_wconf 80' lang='lat' dir='ltr'>imperator</span> <span class='ocrx_word' id='word_1_126' title='bbox 1182 2619 1250 2667; x_wconf 80' lang='lat' dir='ltr'>sinet</span> <span class='ocrx_word' id='word_1_127' title='bbox 1263 2618 1297 2678; x_wconf 79' lang='lat' dir='ltr'>(n,</span> <span class='ocrx_word' id='word_1_128' title='bbox 1309 2617 1343 2681; x_wconf 82' lang='lat'>5).</span> 
     </span>
    </p>
   </div>
   <div class='ocr_carea' id='block_1_10' title="bbox 60 2748 1461 4573">
    <p class='ocr_par' dir='ltr' id='par_1_10' title="bbox 253 2748 757 2835">
     <span class='ocr_line' id='line_1_20' title="bbox 253 2748 757 2835; baseline -0.004 -21"><span class='ocrx_word' id='word_1_129' title='bbox 253 2749 372 2814; x_wconf 82' lang='lat' dir='ltr'>Felix</span> <span class='ocrx_word' id='word_1_130' title='bbox 395 2748 544 2814; x_wconf 83' lang='lat' dir='ltr'>Zenoni</span> <span class='ocrx_word' id='word_1_131' title='bbox 568 2750 757 2835; x_wconf 80' lang='lat' dir='ltr'>Augusto.</span> 
     </span>
    </p>

    <p class='ocr_par' dir='ltr' id='par_1_11' title="bbox 60 2868 1461 4573">
     <span class='ocr_line' id='line_1_21' title="bbox 174 2868 1378 2952; baseline -0.004 -15"><span class='ocrx_word' id='word_1_132' title='bbox 174 2876 210 2937; x_wconf 91' lang='lat' dir='ltr'>l.</span> <span class='ocrx_word' id='word_1_133' title='bbox 254 2868 420 2944; x_wconf 85' lang='lat' dir='ltr'>Quoniam</span> <span class='ocrx_word' id='word_1_134' title='bbox 441 2870 544 2952; x_wconf 86' lang='lat' dir='ltr'>pietas</span> <span class='ocrx_word' id='word_1_135' title='bbox 567 2874 633 2949; x_wconf 87' lang='lat' dir='ltr'>tua,</span> <span class='ocrx_word' id='word_1_136' title='bbox 660 2868 736 2932; x_wconf 89' lang='lat' dir='ltr'>licet</span> <span class='ocrx_word' id='word_1_137' title='bbox 758 2868 936 2952; x_wconf 76' lang='lat' dir='ltr'>profusiora</span> <span class='ocrx_word' id='word_1_138' title='bbox 958 2868 1079 2952; x_wconf 75' lang='lat' dir='ltr'>pagiua</span> <span class='ocrx_word' id='word_1_139' title='bbox 1102 2869 1142 2931; x_wconf 85' lang='lat' dir='ltr'>ad</span> <span class='ocrx_word' id='word_1_140' title='bbox 1164 2891 1235 2932; x_wconf 88' lang='lat' dir='ltr'>mea</span> <span class='ocrx_word' id='word_1_141' title='bbox 1257 2870 1378 2952; x_wconf 86' lang='lat' dir='ltr'>scripta</span> 
     </span>
     <span class='ocr_line' id='line_1_22' title="bbox 70 2971 1377 3066; baseline -0.007 -23"><span class='ocrx_word' id='word_1_142' title='bbox 70 2971 320 3062; x_wconf 83' lang='lat' dir='ltr'>responderit,</span> <span class='ocrx_word' id='word_1_143' title='bbox 354 2971 419 3034; x_wconf 87' lang='lat' dir='ltr'>suis</span> <span class='ocrx_word' id='word_1_144' title='bbox 447 2971 576 3066; x_wconf 85' lang='lat' dir='ltr'>auribus</span> <span class='ocrx_word' id='word_1_145' title='bbox 598 2971 785 3055; x_wconf 76' lang='lat' dir='ltr'>diligentius</span> <span class='ocrx_word' id='word_1_146' title='bbox 812 2972 995 3034; x_wconf 76' lang='lat' dir='ltr'>intimatam</span> <span class='ocrx_word' id='word_1_147' title='bbox 1014 2975 1144 3046; x_wconf 67' lang='lat' dir='ltr'>solsticio</span> <span class='ocrx_word' id='word_1_148' title='bbox 1165 2975 1289 3048; x_wconf 68' lang='lat' dir='ltr'>dipsium</span> <span class='ocrx_word' id='word_1_149' title='bbox 1313 2993 1377 3034; x_wconf 87' lang='lat' dir='ltr'>crc-</span> 
     </span>
     <span class='ocr_line' id='line_1_23' title="bbox 65 3072 1377 3157; baseline -0.008 -12"><span class='ocrx_word' id='word_1_150' title='bbox 65 3080 164 3145; x_wconf 87' lang='lat' dir='ltr'>didit</span> <span class='ocrx_word' id='word_1_151' title='bbox 199 3074 401 3157; x_wconf 82' lang='lat' dir='ltr'>veritatem,</span> <span class='ocrx_word' id='word_1_152' title='bbox 431 3073 607 3137; x_wconf 89' lang='lat' dir='ltr'>curandum</span> <span class='ocrx_word' id='word_1_153' title='bbox 634 3072 712 3135; x_wconf 87' lang='lat' dir='ltr'>milri</span> <span class='ocrx_word' id='word_1_154' title='bbox 739 3072 812 3154; x_wconf 85' lang='lat' dir='ltr'>fuit,</span> <span class='ocrx_word' id='word_1_155' title='bbox 847 3076 882 3135; x_wconf 91' lang='lat' dir='ltr'>ut</span> <span class='ocrx_word' id='word_1_156' title='bbox 910 3073 1059 3153; x_wconf 88' lang='lat' dir='ltr'>breviter,</span> <span class='ocrx_word' id='word_1_157' title='bbox 1089 3094 1169 3155; x_wconf 72' lang='lat' dir='ltr'>quare</span> <span class='ocrx_word' id='word_1_158' title='bbox 1193 3093 1258 3135; x_wconf 90' lang='lat' dir='ltr'>non</span> <span class='ocrx_word' id='word_1_159' title='bbox 1281 3072 1377 3135; x_wconf 85' lang='lat' dir='ltr'>vultis</span> 
     </span>
     <span class='ocr_line' id='line_1_24' title="bbox 63 3173 1378 3262; baseline -0.008 -14"><span class='ocrx_word' id='word_1_160' title='bbox 63 3182 183 3247; x_wconf 79' lang='lat' dir='ltr'>latius</span> <span class='ocrx_word' id='word_1_161' title='bbox 213 3174 393 3262; x_wconf 87' lang='lat' dir='ltr'>publicari,</span> <span class='ocrx_word' id='word_1_162' title='bbox 417 3175 549 3239; x_wconf 89' lang='lat' dir='ltr'>definita</span> <span class='ocrx_word' id='word_1_163' title='bbox 573 3174 804 3239; x_wconf 85' lang='lat' dir='ltr'>concluderem.</span> <span class='ocrx_word' id='word_1_164' title='bbox 841 3175 955 3258; x_wconf 85' lang='lat' dir='ltr'>Itaque</span> <span class='ocrx_word' id='word_1_165' title='bbox 978 3173 1180 3237; x_wconf 88' lang='lat' dir='ltr'>officiositate</span> <span class='ocrx_word' id='word_1_166' title='bbox 1203 3174 1378 3256; x_wconf 88' lang='lat' dir='ltr'>praemissa</span> 
     </span>
     <span class='ocr_line' id='line_1_25' title="bbox 62 3275 1377 3362; baseline -0.009 -11"><span class='ocrx_word' id='word_1_167' title='bbox 62 3287 206 3351; x_wconf 82' lang='lat' dir='ltr'>timere</span> <span class='ocrx_word' id='word_1_168' title='bbox 239 3300 299 3342; x_wconf 88' lang='lat' dir='ltr'>me</span> <span class='ocrx_word' id='word_1_169' title='bbox 327 3278 432 3341; x_wconf 83' lang='lat' dir='ltr'>fateor</span> <span class='ocrx_word' id='word_1_170' title='bbox 459 3298 558 3362; x_wconf 82' lang='lat' dir='ltr'>regno</span> <span class='ocrx_word' id='word_1_171' title='bbox 586 3281 692 3340; x_wconf 84' lang='lat' dir='ltr'>vestro</span> <span class='ocrx_word' id='word_1_172' title='bbox 719 3277 841 3359; x_wconf 87' lang='lat' dir='ltr'>pariter</span> <span class='ocrx_word' id='word_1_173' title='bbox 869 3280 901 3340; x_wconf 89' lang='lat' dir='ltr'>et</span> <span class='ocrx_word' id='word_1_174' title='bbox 928 3275 1034 3340; x_wconf 87' lang='lat' dir='ltr'>saluti.</span> <span class='ocrx_word' id='word_1_175' title='bbox 1080 3275 1242 3359; x_wconf 76' lang='lat' dir='ltr'>Siquidem</span> <span class='ocrx_word' id='word_1_176' title='bbox 1266 3278 1377 3339; x_wconf 86' lang='lat' dir='ltr'>contra</span> 
     </span>
     <span class='ocr_line' id='line_1_26' title="bbox 63 3378 1376 3462; baseline -0.008 -10"><span class='ocrx_word' id='word_1_177' title='bbox 63 3387 240 3453; x_wconf 78' lang='lat' dir='ltr'>divinam</span> <span class='ocrx_word' id='word_1_178' title='bbox 266 3379 482 3443; x_wconf 85' lang='lat' dir='ltr'>reverentiam</span> <span class='ocrx_word' id='word_1_179' title='bbox 504 3378 701 3461; x_wconf 82' lang='lat' dir='ltr'>probabitur,</span> <span class='ocrx_word' id='word_1_180' title='bbox 724 3382 761 3442; x_wconf 88' lang='lat' dir='ltr'>ut</span> <span class='ocrx_word' id='word_1_181' title='bbox 783 3379 869 3441; x_wconf 89' lang='lat' dir='ltr'>beati</span> <span class='ocrx_word' id='word_1_182' title='bbox 892 3378 1027 3460; x_wconf 71' lang='lat' dir='ltr'>apiostoli</span> <span class='ocrx_word' id='word_1_183' title='bbox 1043 3378 1130 3442; x_wconf 83' lang='lat' dir='ltr'>Petri</span> <span class='ocrx_word' id='word_1_184' title='bbox 1154 3378 1274 3442; x_wconf 85' lang='lat' dir='ltr'>directa</span> <span class='ocrx_word' id='word_1_185' title='bbox 1290 3379 1376 3462; x_wconf 83' lang='lat' dir='ltr'>lega·</span> 
     </span>
     <span class='ocr_line' id='line_1_27' title="bbox 60 3478 1376 3571; baseline -0.007 -18"><span class='ocrx_word' id='word_1_186' title='bbox 60 3492 130 3571; x_wconf 81' lang='lat' dir='ltr'>fio,</span> <span class='ocrx_word' id='word_1_187' title='bbox 170 3486 273 3549; x_wconf 85' lang='lat' dir='ltr'>sicut</span> <span class='ocrx_word' id='word_1_188' title='bbox 302 3481 372 3564; x_wconf 87' lang='lat' dir='ltr'>ejus</span> <span class='ocrx_word' id='word_1_189' title='bbox 400 3480 558 3545; x_wconf 82' lang='lat' dir='ltr'>confessio</span> <span class='ocrx_word' id='word_1_190' title='bbox 583 3481 747 3562; x_wconf 80' lang='lat' dir='ltr'>patefecit,</span> <span class='ocrx_word' id='word_1_191' title='bbox 777 3485 940 3564; x_wconf 88' lang='lat' dir='ltr'>tamquam</span> <span class='ocrx_word' id='word_1_192' title='bbox 968 3481 1002 3543; x_wconf 92' lang='lat' dir='ltr'>iu</span> <span class='ocrx_word' id='word_1_193' title='bbox 1032 3479 1219 3563; x_wconf 82' lang='lat' dir='ltr'>captivitate</span> <span class='ocrx_word' id='word_1_194' title='bbox 1247 3478 1376 3548; x_wconf 73' lang='lat' dir='ltr'>rcdrrcta</span> 
     </span>
     <span class='ocr_line' id='line_1_28' title="bbox 60 3581 1375 3666; baseline -0.01 -8"><span class='ocrx_word' id='word_1_195' title='bbox 60 3590 278 3666; x_wconf 75' lang='lat' dir='ltr'>teneretur,</span> <span class='ocrx_word' id='word_1_196' title='bbox 309 3586 343 3645; x_wconf 88' lang='lat' dir='ltr'>et</span> <span class='ocrx_word' id='word_1_197' title='bbox 364 3581 493 3662; x_wconf 78' lang='lat' dir='ltr'>chartiS,</span> <span class='ocrx_word' id='word_1_198' title='bbox 521 3604 599 3665; x_wconf 88' lang='lat' dir='ltr'>quas</span> <span class='ocrx_word' id='word_1_199' title='bbox 622 3582 798 3664; x_wconf 76' lang='lat' dir='ltr'>bajulabat,</span> <span class='ocrx_word' id='word_1_200' title='bbox 823 3581 979 3645; x_wconf 85' lang='lat' dir='ltr'>violenter</span> <span class='ocrx_word' id='word_1_201' title='bbox 1001 3581 1116 3644; x_wconf 75' lang='lat' dir='ltr'>srlslatis</span> <span class='ocrx_word' id='word_1_202' title='bbox 1140 3582 1179 3644; x_wconf 87' lang='lat' dir='ltr'>ad</span> <span class='ocrx_word' id='word_1_203' title='bbox 1203 3586 1375 3646; x_wconf 87' lang='lat' dir='ltr'>communi-</span> 
     </span>
     <span class='ocr_line' id='line_1_29' title="bbox 61 3682 1376 3766; baseline -0.008 -6"><span class='ocrx_word' id='word_1_204' title='bbox 61 3692 234 3760; x_wconf 85' lang='lat' dir='ltr'>candum</span> <span class='ocrx_word' id='word_1_205' title='bbox 259 3683 444 3765; x_wconf 83' lang='lat' dir='ltr'>haereticis,</span> <span class='ocrx_word' id='word_1_206' title='bbox 468 3682 528 3750; x_wconf 89' lang='lat' dir='ltr'>hoc</span> <span class='ocrx_word' id='word_1_207' title='bbox 551 3686 600 3746; x_wconf 89' lang='lat' dir='ltr'>est</span> <span class='ocrx_word' id='word_1_208' title='bbox 622 3683 835 3766; x_wconf 78' lang='lat' dir='ltr'>apocrisiariis</span> <span class='ocrx_word' id='word_1_209' title='bbox 851 3683 1062 3746; x_wconf 83' lang='lat' dir='ltr'>Alexandrini</span> <span class='ocrx_word' id='word_1_210' title='bbox 1086 3682 1184 3765; x_wconf 84' lang='lat' dir='ltr'>Petri,</span> <span class='ocrx_word' id='word_1_211' title='bbox 1209 3684 1376 3749; x_wconf 83' lang='lat' dir='ltr'>adversum</span> 
     </span>
     <span class='ocr_line' id='line_1_30' title="bbox 60 3774 1461 3883; baseline -0.006 -25"><span class='ocrx_word' id='word_1_212' title='bbox 60 3816 179 3883; x_wconf 85' lang='lat' dir='ltr'>quem</span> <span class='ocrx_word' id='word_1_213' title='bbox 208 3790 314 3869; x_wconf 84' lang='lat' dir='ltr'>ieret,</span> <span class='ocrx_word' id='word_1_214' title='bbox 338 3785 376 3850; x_wconf 90' lang='lat' dir='ltr'>de</span> <span class='ocrx_word' id='word_1_215' title='bbox 399 3786 540 3850; x_wconf 74' lang='lat' dir='ltr'>crustodia</span> <span class='ocrx_word' id='word_1_216' title='bbox 563 3785 605 3849; x_wconf 89' lang='lat' dir='ltr'>sit</span> <span class='ocrx_word' id='word_1_217' title='bbox 627 3785 792 3869; x_wconf 88' lang='lat' dir='ltr'>producta.</span> <span class='ocrx_word' id='word_1_218' title='bbox 827 3784 1225 3869; x_wconf 73' lang='lat' dir='ltr'>Quapropterl&#39;italen1¹)</span> <span class='ocrx_word' id='word_1_219' title='bbox 1249 3787 1375 3869; x_wconf 86' lang='lat' dir='ltr'>quidem</span> <span class='ocrx_word' id='word_1_220' title='bbox 1449 3774 1461 3783; x_wconf 58' lang='grc'>”</span> 
     </span>
     <span class='ocr_line' id='line_1_31' title="bbox 61 3886 1376 3971; baseline -0.01 -7"><span class='ocrx_word' id='word_1_221' title='bbox 61 3903 103 3963; x_wconf 85' lang='lat' dir='ltr'>et·</span> <span class='ocrx_word' id='word_1_222' title='bbox 130 3894 332 3969; x_wconf 80' lang='lat' dir='ltr'>Misenum,</span> <span class='ocrx_word' id='word_1_223' title='bbox 359 3910 416 3952; x_wconf 89' lang='lat' dir='ltr'>cur</span> <span class='ocrx_word' id='word_1_224' title='bbox 444 3889 493 3951; x_wconf 88' lang='lat' dir='ltr'>vel</span> <span class='ocrx_word' id='word_1_225' title='bbox 520 3887 648 3971; x_wconf 88' lang='lat' dir='ltr'>impulsi</span> <span class='ocrx_word' id='word_1_226' title='bbox 672 3888 711 3950; x_wconf 89' lang='lat' dir='ltr'>ad</span> <span class='ocrx_word' id='word_1_227' title='bbox 733 3887 796 3951; x_wconf 87' lang='lat' dir='ltr'>ista</span> <span class='ocrx_word' id='word_1_228' title='bbox 821 3887 1056 3967; x_wconf 82' lang='lat' dir='ltr'>consenserint,</span> <span class='ocrx_word' id='word_1_229' title='bbox 1085 3886 1205 3949; x_wconf 88' lang='lat' dir='ltr'>honore</span> <span class='ocrx_word' id='word_1_230' title='bbox 1227 3887 1321 3951; x_wconf 91' lang='lat' dir='ltr'>simul</span> <span class='ocrx_word' id='word_1_231' title='bbox 1344 3891 1376 3951; x_wconf 93' lang='lat' dir='ltr'>et</span> 
     </span>
     <span class='ocr_line' id='line_1_32' title="bbox 62 3989 1375 4073; baseline -0.011 -7"><span class='ocrx_word' id='word_1_232' title='bbox 62 3992 329 4065; x_wconf 82' lang='lat' dir='ltr'>communione</span> <span class='ocrx_word' id='word_1_233' title='bbox 356 3989 530 4073; x_wconf 87' lang='lat' dir='ltr'>apostoliea</span> <span class='ocrx_word' id='word_1_234' title='bbox 554 4010 688 4053; x_wconf 89' lang='lat' dir='ltr'>censura</span> <span class='ocrx_word' id='word_1_235' title='bbox 715 3989 863 4071; x_wconf 82' lang='lat' dir='ltr'>privarit.</span> <span class='ocrx_word' id='word_1_236' title='bbox 910 3990 970 4052; x_wconf 72' lang='lat' dir='ltr'>soa</span> <span class='ocrx_word' id='word_1_237' title='bbox 996 4011 1093 4072; x_wconf 89' lang='lat' dir='ltr'>qmun</span> <span class='ocrx_word' id='word_1_238' title='bbox 1116 3989 1200 4072; x_wconf 87' lang='lat' dir='ltr'>apud</span> <span class='ocrx_word' id='word_1_239' title='bbox 1223 3989 1375 4052; x_wconf 87' lang='lat' dir='ltr'>barbaras</span> 
     </span>
     <span class='ocr_line' id='line_1_33' title="bbox 63 4089 1374 4175; baseline -0.01 -9"><span class='ocrx_word' id='word_1_240' title='bbox 63 4102 189 4166; x_wconf 79' lang='lat' dir='ltr'>etiam</span> <span class='ocrx_word' id='word_1_241' title='bbox 221 4092 379 4157; x_wconf 86' lang='lat' dir='ltr'>nationes</span> <span class='ocrx_word' id='word_1_242' title='bbox 407 4096 501 4175; x_wconf 90' lang='lat' dir='ltr'>atque</span> <span class='ocrx_word' id='word_1_243' title='bbox 529 4091 629 4175; x_wconf 90' lang='lat' dir='ltr'>ipsius</span> <span class='ocrx_word' id='word_1_244' title='bbox 651 4089 791 4154; x_wconf 86' lang='lat' dir='ltr'>Deitatis</span> <span class='ocrx_word' id='word_1_245' title='bbox 813 4090 944 4174; x_wconf 83' lang='lat' dir='ltr'>ignaras</span> <span class='ocrx_word' id='word_1_246' title='bbox 966 4112 1024 4173; x_wconf 90' lang='lat' dir='ltr'>pro</span> <span class='ocrx_word' id='word_1_247' title='bbox 1047 4091 1255 4173; x_wconf 84' lang='lat' dir='ltr'>exsequendis</span> <span class='ocrx_word' id='word_1_248' title='bbox 1278 4112 1374 4174; x_wconf 80' lang='lat' dir='ltr'>nego-</span> 
     </span>
     <span class='ocr_line' id='line_1_34' title="bbox 62 4191 1373 4278; baseline -0.011 -10"><span class='ocrx_word' id='word_1_249' title='bbox 62 4204 130 4268; x_wconf 79' lang='lat' dir='ltr'>tiis</span> <span class='ocrx_word' id='word_1_250' title='bbox 166 4196 229 4261; x_wconf 82' lang='lat' dir='ltr'>vel</span> <span class='ocrx_word' id='word_1_251' title='bbox 260 4193 412 4257; x_wconf 88' lang='lat' dir='ltr'>humanis</span> <span class='ocrx_word' id='word_1_252' title='bbox 436 4193 509 4275; x_wconf 88' lang='lat' dir='ltr'>jure</span> <span class='ocrx_word' id='word_1_253' title='bbox 536 4193 682 4278; x_wconf 82' lang='lat' dir='ltr'>gentium</span> <span class='ocrx_word' id='word_1_254' title='bbox 703 4191 875 4276; x_wconf 77' lang='lat' dir='ltr'>legationis</span> <span class='ocrx_word' id='word_1_255' title='bbox 902 4191 1071 4275; x_wconf 89' lang='lat' dir='ltr'>cujuslibet</span> <span class='ocrx_word' id='word_1_256' title='bbox 1092 4192 1249 4255; x_wconf 86' lang='lat' dir='ltr'>habeatur</span> <span class='ocrx_word' id='word_1_257' title='bbox 1270 4213 1373 4255; x_wconf 88' lang='lat' dir='ltr'>sacro-</span> 
     </span>
     <span class='ocr_line' id='line_1_35' title="bbox 66 4293 1373 4377; baseline -0.011 -8"><span class='ocrx_word' id='word_1_258' title='bbox 66 4302 207 4369; x_wconf 77' lang='lat' dir='ltr'>saneta</span> <span class='ocrx_word' id='word_1_259' title='bbox 238 4294 393 4377; x_wconf 77' lang='lat' dir='ltr'>libertae,</span> <span class='ocrx_word' id='word_1_260' title='bbox 428 4297 539 4358; x_wconf 89' lang='lat' dir='ltr'>notum</span> <span class='ocrx_word' id='word_1_261' title='bbox 567 4296 616 4358; x_wconf 85' lang='lat' dir='ltr'>est</span> <span class='ocrx_word' id='word_1_262' title='bbox 643 4293 800 4376; x_wconf 85' lang='lat' dir='ltr'>omnibus,</span> <span class='ocrx_word' id='word_1_263' title='bbox 833 4297 953 4377; x_wconf 72' lang='lat' dir='ltr'>(proauita</span> <span class='ocrx_word' id='word_1_264' title='bbox 980 4293 1084 4376; x_wconf 83' lang='lat' dir='ltr'>magis</span> <span class='ocrx_word' id='word_1_265' title='bbox 1114 4294 1153 4355; x_wconf 86' lang='lat' dir='ltr'>ab</span> <span class='ocrx_word' id='word_1_266' title='bbox 1182 4293 1373 4376; x_wconf 87' lang='lat' dir='ltr'>imperatore</span> 
     </span>
     <span class='ocr_line' id='line_1_36' title="bbox 66 4394 1373 4478; baseline -0.01 -7"><span class='ocrx_word' id='word_1_267' title='bbox 66 4406 245 4471; x_wconf 79' lang='lat' dir='ltr'>Romano</span> <span class='ocrx_word' id='word_1_268' title='bbox 276 4399 311 4460; x_wconf 86' lang='lat' dir='ltr'>et</span> <span class='ocrx_word' id='word_1_269' title='bbox 332 4394 514 4461; x_wconf 77' lang='lat' dir='ltr'>Christiano</span> <span class='ocrx_word' id='word_1_270' title='bbox 542 4395 698 4478; x_wconf 86' lang='lat' dir='ltr'>principe,</span> <span class='ocrx_word' id='word_1_271' title='bbox 727 4395 761 4458; x_wconf 93' lang='lat' dir='ltr'>in</span> <span class='ocrx_word' id='word_1_272' title='bbox 789 4396 883 4458; x_wconf 77' lang='lat' dir='ltr'>reims</span> <span class='ocrx_word' id='word_1_273' title='bbox 911 4395 1100 4477; x_wconf 81' lang='lat' dir='ltr'>praesertim</span> <span class='ocrx_word' id='word_1_274' title='bbox 1129 4394 1255 4476; x_wconf 72' lang='lat' dir='ltr'>diau&#39;rris,</span> <span class='ocrx_word' id='word_1_275' title='bbox 1283 4416 1373 4478; x_wconf 88' lang='lat' dir='ltr'>opor·</span> 
     </span>
     <span class='ocr_line' id='line_1_37' title="bbox 66 4497 600 4573; baseline -0.024 0"><span class='ocrx_word' id='word_1_276' title='bbox 66 4505 190 4573; x_wconf 85' lang='lat' dir='ltr'>tuerit</span> <span class='ocrx_word' id='word_1_277' title='bbox 213 4499 449 4565; x_wconf 83' lang='lat' dir='ltr'>intemeratam</span> <span class='ocrx_word' id='word_1_278' title='bbox 470 4497 600 4562; x_wconf 86' lang='lat' dir='ltr'>servari.</span> 
     </span>
    </p>
   </div>
   <div class='ocr_carea' id='block_1_11' title="bbox 73 4750 1444 4994">
    <p class='ocr_par' dir='ltr' id='par_1_12' title="bbox 73 4750 1444 4994">
     <span class='ocr_line' id='line_1_38' title="bbox 150 4750 1374 4821; baseline -0.005 -9"><span class='ocrx_word' id='word_1_279' title='bbox 150 4761 191 4821; x_wconf 59' lang='grc' dir='ltr'>η)</span> <span class='ocrx_word' id='word_1_280' title='bbox 212 4756 263 4810; x_wconf 77' lang='lat' dir='ltr'>lta</span> <span class='ocrx_word' id='word_1_281' title='bbox 280 4752 317 4807; x_wconf 81' lang='lat' dir='ltr'>D&#39;</span> <span class='ocrx_word' id='word_1_282' title='bbox 330 4750 368 4805; x_wconf 63' lang='grc' dir='ltr'>Β*</span> <span class='ocrx_word' id='word_1_283' title='bbox 379 4751 416 4804; x_wconf 75' lang='lat' dir='ltr'>D⁵</span> <span class='ocrx_word' id='word_1_284' title='bbox 427 4751 463 4804; x_wconf 78' lang='lat' dir='ltr'>D⁸</span> <span class='ocrx_word' id='word_1_285' title='bbox 474 4752 510 4805; x_wconf 72' lang='lat' dir='ltr'>D&#39;</span> <span class='ocrx_word' id='word_1_286' title='bbox 523 4752 559 4805; x_wconf 75' lang='lat' dir='ltr'>D¹³</span> <span class='ocrx_word' id='word_1_287' title='bbox 571 4752 598 4806; x_wconf 80' lang='lat' dir='ltr'>‹l&#39;</span> <span class='ocrx_word' id='word_1_288' title='bbox 614 4752 655 4817; x_wconf 75' lang='lat'>(1²3</span> <span class='ocrx_word' id='word_1_289' title='bbox 674 4752 710 4805; x_wconf 80' lang='lat' dir='ltr'>N³</span> <span class='ocrx_word' id='word_1_290' title='bbox 727 4754 749 4806; x_wconf 80' lang='lat'>0</span> <span class='ocrx_word' id='word_1_291' title='bbox 764 4770 778 4805; x_wconf 92' lang='lat' dir='ltr'>c</span> <span class='ocrx_word' id='word_1_292' title='bbox 791 4770 805 4806; x_wconf 87' lang='lat' dir='ltr'>e</span> <span class='ocrx_word' id='word_1_293' title='bbox 817 4755 845 4805; x_wconf 80' lang='lat' dir='ltr'>a³</span> <span class='ocrx_word' id='word_1_294' title='bbox 862 4758 934 4806; x_wconf 69' lang='lat' dir='ltr'>stercor!</span> <span class='ocrx_word' id='word_1_295' title='bbox 951 4758 1088 4819; x_wconf 74' lang='lat' dir='ltr'>scutopinla</span> <span class='ocrx_word' id='word_1_296' title='bbox 1104 4763 1209 4818; x_wconf 81' lang='lat' dir='ltr'>septem.</span> <span class='ocrx_word' id='word_1_297' title='bbox 1246 4752 1277 4805; x_wconf 92' lang='lat' dir='ltr'>In</span> <span class='ocrx_word' id='word_1_298' title='bbox 1297 4753 1326 4805; x_wconf 77' lang='grc' dir='ltr'>Ε1</span> <span class='ocrx_word' id='word_1_299' title='bbox 1340 4752 1374 4807; x_wconf 77' lang='lat' dir='ltr'>E²</span> 
     </span>
     <span class='ocr_line' id='line_1_39' title="bbox 73 4836 894 4906; baseline -0.016 -4"><span class='ocrx_word' id='word_1_300' title='bbox 73 4840 238 4901; x_wconf 69' lang='lat' dir='ltr'>1⁸²11³1i²</span> <span class='ocrx_word' id='word_1_301' title='bbox 257 4838 323 4891; x_wconf 78' lang='lat' dir='ltr'>tota</span> <span class='ocrx_word' id='word_1_302' title='bbox 340 4836 505 4906; x_wconf 78' lang='lat' dir='ltr'>subscriptio</span> <span class='ocrx_word' id='word_1_303' title='bbox 524 4842 624 4891; x_wconf 73' lang='lat' dir='ltr'>Caelina</span> <span class='ocrx_word' id='word_1_304' title='bbox 641 4842 718 4892; x_wconf 71' lang='lat' dir='ltr'>Felic-</span> <span class='ocrx_word' id='word_1_305' title='bbox 736 4839 787 4891; x_wconf 88' lang='lat' dir='ltr'>etc.</span> <span class='ocrx_word' id='word_1_306' title='bbox 808 4837 894 4891; x_wconf 72' lang='lat' dir='ltr'>«lecet.</span> 
     </span>
     <span class='ocr_line' id='line_1_40' title="bbox 156 4921 1444 4994; baseline 0 -17"><span class='ocrx_word' id='word_1_307' title='bbox 156 4930 181 4994; x_wconf 80' lang='lat'>¹)</span> <span class='ocrx_word' id='word_1_308' title='bbox 200 4924 285 4992; x_wconf 79' lang='lat' dir='ltr'>Hace</span> <span class='ocrx_word' id='word_1_309' title='bbox 303 4923 334 4977; x_wconf 87' lang='lat' dir='ltr'>et</span> <span class='ocrx_word' id='word_1_310' title='bbox 350 4921 496 4991; x_wconf 78' lang='lat' dir='ltr'>sequentia</span> <span class='ocrx_word' id='word_1_311' title='bbox 512 4923 599 4978; x_wconf 81' lang='lat' dir='ltr'>rerba</span> <span class='ocrx_word' id='word_1_312' title='bbox 615 4922 745 4977; x_wconf 81' lang='lat' dir='ltr'>Nicotaus</span> <span class='ocrx_word' id='word_1_313' title='bbox 763 4922 776 4975; x_wconf 93' lang='lat' dir='ltr'>l</span> <span class='ocrx_word' id='word_1_314' title='bbox 795 4922 910 4977; x_wconf 74' lang='lat' dir='ltr'>edist‘t</span> <span class='ocrx_word' id='word_1_315' title='bbox 929 4922 965 4977; x_wconf 87' lang='lat' dir='ltr'>ad</span> <span class='ocrx_word' id='word_1_316' title='bbox 982 4921 1147 4977; x_wconf 73' lang='lat' dir='ltr'>lliehatclcrn</span> <span class='ocrx_word' id='word_1_317' title='bbox 1163 4921 1230 4992; x_wconf 87' lang='lat' dir='ltr'>imp.</span> <span class='ocrx_word' id='word_1_318' title='bbox 1250 4921 1354 4978; x_wconf 73' lang='lat' dir='ltr'>laudm.</span> <span class='ocrx_word' id='word_1_319' title='bbox 1387 4924 1444 4993; x_wconf 57' lang='lat' dir='ltr'>[ad]</span> 
     </span>
    </p>
   </div>
   <div class='ocr_carea' id='block_1_12' title="bbox 0 0 1606 5506">
    <p class='ocr_par' dir='ltr' id='par_1_13' title="bbox 0 0 1606 5506">
     <span class='ocr_line' id='line_1_41' title="bbox 0 0 1606 5506; baseline 0 2"><span class='ocrx_word' id='word_1_320' title='bbox 0 0 1606 5506; x_wconf 95' lang='lat' dir='ltr'> </span> 
     </span>
    </p>
   </div>
  </div>
 </body>
</html>
