3224 5506
635 345 829 395 nsssnonnn
853 336 882 394 l.
904 336 934 394 8.
1359 334 1419 397 141

198 505 230 566 te
248 501 401 568 incolumem
430 500 597 584 custodiat,
630 499 731 564 frater
754 500 925 564 carissime.
971 500 1056 565 Data
1078 501 1127 566 Ill
1149 501 1260 567 Nonas
1283 502 1418 568 Novem·
1432 516 1526 567 ame-2.

198 604 288 693 brial.
333 682 340 690 ‚

666 789 848 893 Epistola
875 790 909 873 8.

1431 935 1456 973 a.
1465 925 1515 973 462
1528 919 1553 973 d.

208 943 302 1013 ililsrl
320 962 418 1029 papae
440 945 486 1012 ad
506 928 690 1028 episcopos
711 942 937 1010 diversarum
961 945 1229 1026 provinciarum
1252 944 1403 1013 (talliae.
1451 987 1542 1041 suec.

109 1098 141 1148 p.
156 1084 184 1131 3.
211 1085 326 1135 lucense
337 1086 491 1135 luterensi
507 1085 632 1135 ωοὶοιίιο
649 1084 797 1146 praesidere
814 1085 853 1133 ita
870 1084 1011 1146 permittit,
1029 1090 1059 1134 nt
1076 1087 1271 1135 ordinandorum
1289 1087 1418 1149 episcopo·

249 1183 290 1219 rrn
304 1175 379 1220 eareat
394 1175 531 1234 potestate.
1067 1203 1069 1206 >

203 1254 231 1302 ll.
244 1255 269 1302 us
283 1256 372 1305 eandlla
388 1258 525 1318 quotannis
546 1257 610 1304 liant
631 1268 665 1304 ex
687 1255 781 1316 qnibns
798 1255 938 1316 provinciis
956 1260 1088 1317 poterant,
1115 1261 1143 1306 et
1165 1271 1182 1305 a
1199 1257 1304 1306 Leontio
1327 1269 1418 1306 conve·

249 1345 324 1390 matur.
788 1385 791 1388 ,

192 1424 231 1472 ill
244 1424 268 1472 ur
280 1426 325 1476 sins
333 1427 518 1489 nsuepsiitani
528 1427 626 1485 litteris
637 1427 750 1489 episcopi
762 1425 789 1475 in
801 1426 881 1476 alian
893 1427 1052 1490 provinciam
1063 1439 1112 1477 non
1124 1429 1325 1489 proficiscantur.
1348 1428 1419 1483 cuod

249 1511 316 1561 sisae
328 1512 459 1574 impanare
477 1525 525 1563 non
541 1516 673 1574 poteram,
690 1525 795 1563 eausam
813 1512 935 1562 meumst
952 1514 1084 1574 episeopus
1102 1511 1271 1564 Arelatensis

191 1594 228 1640 lv.
243 1595 269 1642 ls
282 1598 390 1656 paream
408 1598 535 1647 eeclesiae
552 1598 724 1658 breutensis,
742 1610 807 1658 quas
824 1598 958 1660 repetebat
975 1597 1108 1657 leontius,
1127 1596 1254 1659 jniieinn
1272 1599 1304 1647 ai
1322 1599 1418 1661 episeo-

294 1682 395 1731 amittit

201 1763 227 1809 V·
242 1690 364 1826 ibamus
379 1769 557 1818 ”elmlea
578 1780 628 1817 non
646 1768 804 1828 alienentur,
830 1768 882 1817 nisi
892 1751 971 1829 'apua
993 1769 1129 1817 concinnus
1151 1769 1318 1818 alienationis
1339 1783 1417 1819 sensa

249 1849 303 1908 psius
316 1851 432 1902 lassatur.

314 1999 591 2070 Dilectissimis
612 2004 812 2069 fratribus
833 2003 1034 2088 episcopis
1050 2004 1288 2088 provinciae
1303 2004 1417 2069 Vien-

391 2106 548 2192 nensis,
576 2105 870 2193 Lugdunensis,
902 2105 1178 2171 Narbonensis
1207 2107 1357 2191 primae
1380 2111 1418 2170 et

391 2208 604 2292 secundae,
634 2213 672 2273 et
694 2208 902 2294 Alpinae¹)
925 2207 1088 2273 Hilarus
1111 2209 1331 2293 episcopus.

262 2339 282 2400 l·
312 2341 498 2428 Quamquam
517 2345 667 2410 notitiam
689 2345 870 2408 dilectionis
891 2348 1016 2408 vestrae
1038 2349 1159 2430 quanta
1180 2346 1232 2409 vel
1253 2346 1360 2429 qualia
1382 2348 1416 2410 in

194 2434 354 2510 Narbonensi
375 2468 412 2511 ac
436 2446 612 2512 Biterrensi
640 2447 774 2511 ecclesia
796 2446 915 2510 dudum
942 2448 1009 2511 sint
1031 2447 1170 2511 admissa
1191 2469 1257 2512 non
1280 2448 1414 2531 lateant,

195 2542 222 2600 θῒ
240 2548 471 2633 praesumptionis
494 2550 681 2634 improbitas
703 2548 744 2613 ad
766 2570 825 2613 nos
848 2536 946 2633 usque
973 2549 1162 2634 perveniens
1188 2550 1417 2634 proculdubio

196 2640 337 2738 regionibus
361 2652 534 2717 manifesta
556 2651 598 2716 sit
621 2650 815 2735 Gallicanis,
844 2651 1038 2736 apostolicae
1061 2654 1170 2716 tamen
1193 2651 1417 2717 sollicitudinis

195 2744 305 2830 infermi,
328 2754 432 2838 culpas
460 2755 496 2819 in
523 2756 633 2818 nostro
655 2753 869 2838 deprehensas
892 2753 1038 2818 examine
1062 2776 1127 2817 non
1150 2757 1268 2839 tacere,
1297 2777 1338 2819 ne
1360 2777 1418 2840 per

196 2846 361 2932 issfflssffruum
387 2855 550 2921 silentium
581 2878 653 2920 cum
680 2855 791 2940 iniqua
818 2855 990 2939 agentibus
1017 2854 1135 2919 habere
1159 2855 1321 2921 videamur
1344 2879 1417 2921 eon-

196 2946 320 3018 niieutiae
351 2957 541 3040 portionem.
594 2958 680 3022 Olim
708 2958 808 3042 igitur
834 2957 961 3022 urbium
993 2957 1155 3040 praesides
1181 2956 1429 3041 praedictarum

195 3052 294 3116 mlius
310 3059 473 3123 memoriae
494 3058 653 3124 decessori
674 3081 745 3124 meo
766 3079 833 3123 non
840 3059 867 3146 ²)
890 3059 995 3123 minus
1011 3082 1105 3143 quam
1127 3060 1220 3123 nobis
1240 3061 1417 3124 etiamtunc

193 3151 331 3223 attulerunt
348 3160 484 3245 doloris,
507 3160 628 3226 illicitis
656 3161 868 3246 petitionibus
893 3160 1039 3225 audendo
1066 3162 1230 3246 prosequi,
1259 3162 1417 3246 quodvis

191 3253 257 3338 spilli
273 3261 447 3342 patientiam
466 3267 611 3329 nostram
631 3263 699 3329 sola
714 3264 942 3329 necessitatum
957 3264 1062 3348 potuit
1077 3263 1295 3349 deploratione
1310 3264 1415 3329 leniri.

191 3429 449 3447 Q

182 3574 187 3584 .
238 3531 377 3599 tenuantis
396 3551 498 3592 nomen
516 3553 550 3595 ex
566 3537 694 3606 sequenti
711 3536 831 3609 epistola
849 3535 948 3591 eodcm
966 3534 1034 3590 data
1052 3535 1096 3590 dio
1114 3535 1298 3607 supplendum
1317 3538 1366 3591 eet.

238 3635 256 3702 ¹)
268 3633 304 3691 iu
316 3637 347 3693 Β*
358 3639 386 3693 a¹
399 3639 445 3704 c¹¹,
463 3638 507 3695 cui
525 3640 660 3695 consonat
676 3638 820 3709 inscriptio
839 3654 915 3707 sequ.
936 3638 1070 3706 epistolae
1085 3645 1123 3694 il.
1161 3641 1190 3693 al
1209 3644 1311 3707 Alpium
1323 3644 1416 3694 Penas·-

175 3738 258 3785 ιω,
271 3723 297 3775 «⁸
307 3721 337 3777 12²
352 3728 456 3793 Alpium
468 3727 595 3781 Perorsos
613 3727 654 3792 (es⁸
666 3728 828 3792 Poeaus-em),
848 3723 920 3778 unde
938 3722 972 3776 m
983 3722 1002 3776 b
1016 3727 1222 3791 Apenninum:
1241 3725 1267 3779 c⁵
1278 3741 1355 3792 seqq.
1370 3730 1417 3779 Ai-

167 3814 231 3877 ptm
247 3808 410 3876 Poeaa‘srarass,
427 3809 509 3868 male.
545 3808 630 3867 Nulla
646 3807 783 3878 mqiudem
800 3824 834 3862 eo
852 3810 980 3877 tempore
997 3807 1158 3877 provinciae
1174 3814 1276 3877 Alpium
1289 3814 1416 3864 Poenina·

166 3911 216 3947 raa
236 3889 262 3945 iu
279 3893 369 3951 ordine
391 3893 580 3953 apostatico
606 3894 679 3949 ratio
702 3893 801 3951 habite
822 3899 875 3960 est,
907 3892 984 3961 cuijus
1006 3893 1167 3963 metropolis
1190 3893 1357 3950 Tarantasia
1383 3910 1417 3948 ox

164 3974 256 4032 Leonis
275 3976 380 4034 decreto
397 3977 550 4035 Viennensi
573 3978 694 4036 antistiti
714 3979 840 4051 parebat.
886 3977 1048 4043 Quesnellus
1071 3978 1218 4034 (besentv
1239 3980 1269 4034 ia
1290 3997 1311 4033 s.
1330 3979 1414 4033 Leon.

160 4079 218 4132 esp.
232 4065 247 4115 ‘l
261 4070 313 4117 aa
331 4063 480 4132 legandum
502 4065 587 4133 punt
608 4069 712 4133 Alpium
732 4070 925 4122 mammarum:
951 4063 1042 4132 primo
1064 4063 1131 4131 quia
1151 4063 1227 4118 nulla
1250 4063 1286 4116 sit
1307 4063 1416 4119 ratione

155 4145 304 4220 prebebis,
320 4147 454 4217 Hilarum,
471 4149 537 4207 dum
554 4148 591 4205 ad
609 4164 704 4207 omues
722 4148 782 4205 lere
795 4147 951 4205 Galliarum
967 4147 1124 4217 provmeise
1142 4147 1285 4213 scriberet,
1303 4133 1416 4218 Alpium

153 4229 349 4288 maritimarum
366 4235 538 4304 provinciam
556 4235 619 4289 octo
637 4235 810 4291 constantem
829 4232 987 4289 civitatibus
1011 4232 1147 4298 onnisisse3
1174 4234 1235 4287 tum
1258 4232 1324 4301 quia
1341 4231 1416 4287 Hila-
1468 4295 1473 4302 .

150 4338 197 4374 rus
214 4318 287 4372 infra
306 4318 421 4388 epistola
441 4325 472 4374 io
497 4336 560 4377 cum
583 4318 683 4375 ceteris
705 4317 855 4389 episcopis,
885 4318 986 4387 quibus
1010 4316 1156 4387 epistolam
1179 4334 1259 4372 suam
1280 4315 1415 4383 inscribit,

148 4405 304 4474 ingenuum
320 4405 457 4459 memorat
464 4404 580 4475 Alpium
591 4403 795 4461 mariamnam
812 4404 985 4473 episcopum
1002 4405 1146 4474 postremo
1164 4401 1230 4470 quia
1247 4419 1341 4457 rursus
1359 4402 1415 4471 epi·

146 4489 222 4545 stola
236 4493 267 4542 11
289 4489 447 4545 mumdum
466 4488 672 4560 prouinciarum
694 4487 832 4559 episcopis
854 4487 977 4543 scdbens
998 4488 1123 4558 generali
1145 4487 1293 4543 dumtaxat
1304 4492 1416 4556 Alpinae
1484 4519 1485 4523 =

144 4571 262 4631 nomine
279 4572 373 4629 utitur.
407 4574 449 4631 Re
465 4573 531 4644 ipsa
543 4574 656 4633 Hilarus
675 4573 795 4644 epistola
813 4580 843 4628 11
862 4591 889 4628 n.
905 4580 918 4628 1
936 4572 1034 4628 iisdem
1053 4573 1198 4642 episcopia,
1217 4572 1316 4641 quibus
1335 4590 1416 4640 nune,

142 4678 173 4717 se
192 4658 320 4713 scribere
336 4675 369 4715 ac
384 4665 504 4730 repetem
520 4665 614 4719 issem
631 4665 727 4729 eedem,
747 4675 819 4728 quae
832 4659 894 4728 jam
905 4658 1131 4728 praescripserat,
1148 4663 1309 4713 emersuras
1327 4664 1416 4714 decer·

140 4765 208 4801 aere
229 4744 354 4799 neuen.
381 4744 414 4801 In
430 4743 545 4814 antiquo
563 4747 686 4803 tractatu
704 4759 843 4813 anonymo
861 4743 964 4798 veteris
982 4743 1041 4798 cod.
1057 4742 1137 4797 Coisl.
1156 4742 1197 4798 ita
1215 4742 1318 4800 citatur
1333 4745 1416 4814 hirjus

139 4849 206 4901 esp.
222 4834 251 4883 a:
271 4831 378 4885 Hilarus
392 4850 464 4901 popa
479 4835 507 4886 ta
524 4835 636 4889 &mstis
652 4837 689 4889 aa
704 4837 813 4902 palaque
828 4835 976 4899 provincias
993 4834 1058 4883 illud
1074 4848 1171 4898 qaoque
1189 4831 1241 4884 etc.

214 4915 238 4980 ²)
256 4911 340 4969 Nulli
356 4913 493 4983 &asmodi
510 4916 629 4985 epistola
642 4918 703 4988 jam
721 4917 854 4988 superest.
