3204 5506
657 121 857 171 cancarrus
881 123 916 169 n.
1355 105 1419 172 529

135 274 227 340 stoli
251 297 315 340 non
337 279 429 340 erant
451 275 548 340 simili
570 275 688 338 virtute
711 274 891 339 succincti?
913 273 990 349 Quis
1012 275 1072 339 hoc
1095 273 1214 338 audeat
1235 273 1419 339 affirmare?

135 376 207 441 Sed
240 384 390 459 resopita
410 384 570 442 constituto
591 383 760 442 schismatis
787 383 944 441 tolleretur
966 383 1095 453 occasio,
1120 379 1153 440 et
1174 397 1240 440 una
1260 379 1418 441 monstra·

133 478 244 544 retur
263 501 416 565 compago
444 480 584 563 eorporis
613 477 749 561 Christi,
779 500 859 562 quae
888 477 926 540 ad
949 501 1047 541 unum
1072 480 1167 560 caput
1189 478 1418 562 gloriosissima

132 575 331 646 dilectionis
352 582 506 646 societate
530 583 742 662 concurreret,
768 583 800 643 et
823 603 886 643 una
910 583 994 642 esset
1016 579 1172 661 Ecclesia,
1204 580 1254 642 cui
1282 580 1419 644 fideliter

130 682 343 765 crederetur,
373 707 500 768 unaque
528 683 639 747 domus
668 682 762 746 unius
785 681 915 745 Domini
944 685 976 745 et
1004 682 1099 747 unius
1126 681 1353 764 redemptoris,
1383 682 1419 746 in

126 803 203 864 qua
238 785 273 849 de
295 807 359 849 uno
382 808 465 869 pane
488 788 520 849 ct
544 786 581 848 de
604 807 667 848 uno
697 784 794 848 calice
823 784 1028 847 nutriremur.
1074 782 1143 859 Qua
1165 783 1306 865 ratione,
1336 784 1420 847 sicut
1438 780 1526 834 100r·

124 880 231 967 dixi,
257 887 393 970 majores
420 886 533 969 nostri,
565 886 731 951 reverendi
754 885 799 949 illi
829 884 1035 949 eeclesiarum
1057 884 1206 968 magistri
1230 883 1419 949 clarissima·
1434 855 1523 914 Μ’

122 1006 203 1068 que.
236 986 288 1051 illa
310 987 420 1072 populi
444 987 619 1052 Christiani
641 989 774 1070 lumino,
804 1009 881 1071 quos
904 987 1018 1051 merita
1040 987 1195 1050 virtutum
1217 1008 1346 1050 suarum
1368 1011 1418 1051 ns-

119 1109 203 1170 que
237 1090 272 1153 ad
296 1089 505 1154 consessionis
534 1089 780 1175 gloriosissimas
808 1089 930 1172 palmas
960 1091 992 1152 et
1014 1088 1160 1171 martyrii
1182 1087 1344 1172 fulgentes
1368 1112 1419 1153 ex-

117 1186 252 1254 tulere
274 1213 417 1272 coronas,
442 1192 481 1254 ad
504 1191 593 1255 illam
615 1192 731 1274 sedem,
761 1213 857 1275 quam
880 1190 1029 1274 princeps
1052 1188 1267 1273 apostolorum
1295 1192 1420 1256 sederat

116 1287 279 1376 Petrus,
303 1293 351 1357 sui
376 1294 544 1358 sacerdotii
567 1297 695 1377 sumpta
717 1294 877 1377 principia
899 1292 1012 1376 repleti
1029 1290 1149 1355 Christi
1166 1292 1299 1356 caritate
1314 1294 1419 1359 mitte·

116 1391 242 1476 bant,
269 1417 345 1459 suae
374 1396 448 1459 inde
480 1395 651 1459 soliditatis
685 1395 877 1480 gravissima
911 1393 1072 1458 firmitatis
1108 1394 1331 1459 roboramenta
1365 1418 1419 1479 po·

116 1495 293 1560 scentes?
321 1496 367 1561 Ut
389 1519 446 1582 per
468 1496 552 1561 hanc
580 1497 719 1582 speeiem
747 1497 895 1560 omnibus
923 1499 1092 1579 appareat,
1123 1516 1196 1559 vere
1225 1519 1322 1560 unam
1351 1520 1419 1563 esse

117 1616 202 1680 per
232 1599 336 1663 omnia
357 1599 392 1663 ‘et
414 1598 665 1663 indissolubilem
684 1598 804 1664 Christi
821 1598 1010 1680 Ecclesiam,
1035 1619 1116 1681 quae
1140 1599 1328 1663 concordiae
1350 1599 1419 1664 vin-

119 1696 227 1761 culo
253 1699 453 1785 mirabilique
482 1701 625 1765 caritatis
653 1704 781 1764 textura
811 1700 1002 1784 composita,
1037 1699 1104 1763 sola
1137 1703 1169 1763 et
1197 1701 1335 1764 indivisa
1362 1725 1421 1786 per

120 1801 255 1863 atum
275 1802 497 1867 ostenderetur
525 1826 592 1866 esse
619 1803 730 1866 tunica
754 1802 889 1876 Christi,
919 1824 1014 1886 quam
1043 1823 1102 1864 nec
1125 1801 1241 1865 milites
1264 1802 1337 1885 ipsi,
1362 1803 1417 1886 qui
1435 1798 1497 1852 J0h·

123 1897 322 1967 Dominum
346 1905 582 1987 crucifixerunt,
607 1904 746 1968 dividere
770 1904 838 1967 ausi
861 1903 1008 1967 fuissent.
1432 1872 1518 1932 Μ’

240 2004 265 2068 a.
309 2004 398 2081 Quae
420 2029 506 2070 nunc
534 2005 560 2069 si
590 2010 721 2090 propter
749 2005 916 2090 perfidiam
938 2005 1042 2086 Petri,
1074 2005 1185 2068 Aeacii
1214 2006 1418 2088 tyrannicam

130 2105 331 2184 superbiam
354 2108 548 2192 impiamque
570 2108 863 2192 praesumptionem
893 2108 961 2191 ejus
991 2106 1127 2171 violatur
1150 2110 1245 2191 atque
1274 2109 1419 2173 conscin-

134 2199 248 2288 ditur,
270 2208 374 2273 videte
397 2213 430 2272 et
452 2209 615 2292 sapienter
631 2209 810 2293 expendite,
837 2209 869 2273 in
885 2231 981 2293 quam
996 2230 1094 2292 grave
1109 2207 1287 2292 perieulum
1306 2214 1418 2274 nostra

136 2299 315 2374 deducitur
349 2311 561 2393 conscientia,
601 2311 676 2374 <lum
710 2314 803 2374 tanta
842 2312 997 2394 majorum
1033 2310 1168 2374 solvitur
1202 2312 1418 2377 observantia.

138 2397 231 2470 Quis
244 2413 328 2476 enim
343 2434 409 2477 nou
432 2418 510 2498 agat
532 2413 741 2496 quodcunque
763 2412 903 2494 libuerit,
928 2413 954 2475 si
978 2412 1075 2476 semel
1097 2412 1131 2476 in
1155 2415 1418 2480 consuetudinem

139 2517 317 2596 corruptus
339 2515 416 2577 ordo
438 2514 645 2599 pervenerit?
667 2514 699 2577 Si
724 2518 831 2577 antem
853 2514 912 2577 boc
929 2514 1121 2598 sacrilegum
1143 2518 1191 2579 est
1214 2516 1310 2579 etiam
1334 2519 1418 2602 cogi-

137 2597 228 2690 iare,
255 2637 309 2680 cur
331 2639 398 2679 non
427 2639 498 2680 cum
521 2617 768 2702 diligentissima
797 2616 1024 2703 obseruatione
1042 2619 1191 2679 tencatur
1214 2617 1292 2681 haee
1314 2618 1418 2682 forma

136 2705 317 2798 maJ'Orum,
341 2741 437 2802 quum
455 2719 497 2781 sit
512 2719 546 2782 in
562 2717 622 2782 hoc
639 2719 872 2781 observationis
888 2722 999 2782 tenore
1015 2717 1186 2781 ineffabilis
1203 2718 1417 2784 indubitatae·

135 2815 204 2878 (1¹¹0
230 2819 366 2884 unitatis
390 2820 520 2884 evidens
543 2824 576 2883 et
597 2820 719 2902 grande
743 2820 951 2903 mysterium?
975 2820 1027 2882 An
1051 2818 1131 2882 duac
1154 2826 1230 2882 sunt
1251 2819 1417 2885 Ecclesiae

133 2899 166 2960 et
200 2911 272 2984 duo
298 2923 466 3006 pastores?
499 2923 609 2986 Absit!
655 2921 746 2986 Unus
781 2926 830 2985 est
853 2922 948 3002 eninr,
980 2929 1033 3000 qui
1056 2924 1135 2997 scri!
1157 2934 1286 3000 utroque
1315 2916 1500 3005 anam,EPh·

131 2996 266 3086 tollen,
287 3023 325 3087 de
348 3024 451 3087 medio
474 3023 716 3088 inimicitiarum
745 3025 898 3107 parietem
926 3024 960 3085 in
990 3044 1120 3106 corpore
1143 3044 1209 3086 suo.
1256 3022 1319 3087 Cur
1341 2991 1454 3108 ergoi'
1468 2991 1506 3037 Μ’

128 3115 192 3176 Ρθῖ
230 3118 321 3189 Petri
344 3129 376 3188 et
400 3126 511 3189 Aeacii
540 3127 670 3190 nomina
699 3149 807 3189 rursus
836 3125 967 3188 inimica
999 3125 1083 3208 sepis
1117 3123 1289 3207 intexitur,
1324 3147 1419 3209 quam

126 3215 250 3287 8(ἪΜΞΙ
270 3224 387 3291 Christi
412 3250 498 3309 crux,
523 3250 607 3291 mors
630 3233 663 3291 et
685 3227 818 3312 sanguis
834 3226 1002 3308 destruxit,
1027 3225 1122 3289 solvit
1137 3228 1169 3288 et
1185 3226 1322 3290 evertit?
1344 3227 1419 3291 Non

126 3315 221 3391 ergo
257 3327 377 3391 dividat
404 3350 457 3391 eos
485 3330 709 3413 interpositum
740 3329 827 3392 Petri
862 3332 893 3392 et
922 3328 1033 3392 Aeacii
1062 3349 1193 3410 nomen,
1227 3351 1305 3412 quos
1333 3331 1419 3393 tanti

125 3414 334 3493 mediatoris
357 3431 516 3513 pretiosus
540 3432 672 3515 sanguis
695 3432 813 3494 ursivit!
1278 3415 1301 3453 ⁹

242 3529 286 3592 10.
316 3530 482 3595 Postremo
505 3553 640 3615 aequum
664 3537 721 3605 est,
747 3536 783 3595 ut
804 3533 859 3616 qui
883 3532 961 3595 alios
983 3532 1121 3594 libenter
1145 3536 1176 3594 et
1200 3537 1419 3616 competenter

128 3609 253 3693 vustis
272 3631 390 3696 habere
413 3633 583 3716 subjectos,
615 3635 735 3698 cedatis
764 3637 797 3697 et
819 3633 880 3716 ipsi
904 3633 1035 3717 antiquo
1059 3654 1144 3696 more
1167 3633 1353 3716 majoribus,
1383 3639 1420 3698 ut

132 3718 349 3798 eonfidenter
371 3734 528 3818 imperare
544 3736 673 3817 possitis
688 3734 865 3798 minoribus
888 3735 1011 3797 vestris.
1036 3734 1212 3798 Duodecim
1229 3739 1313 3799 certe
1328 3737 1417 3800 fuere

137 3821 298 3917 “rosan
326 3836 457 3919 paribus
479 3837 602 3900 meritis
624 3837 756 3920 parique
779 3836 939 3920 dignitate
968 3835 1099 3899 suffulti.
1124 3834 1289 3920 annnque
1309 3859 1419 3901 ornnes

142 3923 326 4024 {Qualiter
348 3937 507 4021 spirituali
530 3938 601 4002 luce
622 3937 797 4022 fulgerent,
828 3960 928 4002 unum
950 3942 1059 4000 tamen
1088 3936 1267 4020 principem
1291 3959 1358 4000 esse
1381 3961 1418 4001 ex

146 4005 211 4121 lll¹⁸
243 4037 338 4102 voluit
349 4037 506 4120 Christus,
531 4061 665 4122 eumque
688 4038 927 4122 dispensatione.
949 4038 1089 4102 mirabili
1111 4039 1146 4100 in
1162 4038 1322 4101 dominam
1342 4059 1419 4120 gen-

151 4110 395 4204 1311ῑὶὶῆοῑηιιη]
423 4140 549 4223 direxit,
580 4144 615 4204 ut
642 4141 676 4203 in
705 4142 877 4224 praecipua
906 4141 984 4203 urbe
1012 4138 1062 4202 vcl
1090 4139 1193 4221 prima
1221 4139 1359 4220 primum
1387 4142 1420 4202 et

155 4237 358 4330 praecipuum
380 4242 534 4326 dirigeret
555 4241 696 4306 Petrum.
741 4242 852 4326 Ibique
875 4242 959 4305 sicut
981 4241 1145 4304 doetrinae
1176 4240 1293 4303 virtute
1323 4239 1418 4303 subli-

159 4341 217 4393 Μ
239 4344 374 4426 emicuit,
403 4344 450 4406 ita
472 4346 640 4429 sanguinis
669 4343 809 4429 gloriosa
831 4343 983 4406 effusione
1011 4342 1177 4405 decoratus
1201 4344 1331 4405 aeterno
1363 4341 1418 4404 ho-

163 4428 250 4513 ipim
270 4445 476 4530 conquiescit,
500 4449 668 4529 praestans
691 4446 767 4529 sedi,
793 4466 888 4528 quam
909 4447 978 4528 ipse
1000 4443 1174 4524 benedixit,
1208 4446 1243 4505 ut
1272 4465 1290 4505 a
1318 4443 1419 4527 portis

167 4531 248 4608 inlesi
274 4569 440 4632 nunquam
472 4569 530 4630 pro
558 4546 688 4611 Domini
717 4547 926 4631 promissione
954 4546 1117 4626 vincatur,
1147 4544 1351 4628 omniumque
1378 4548 1421 4607 srt

99 4678 101 4743 j
169 4636 377 4714 fluctuantium
409 4648 588 4713 tutissimus
622 4654 742 4733 portus.
786 4649 826 4713 In
859 4670 921 4733 qno
943 4648 998 4735 qui
1025 4647 1225 4734 requieverit,
1265 4646 1359 4710 beata
1389 4650 1421 4709 et

99 4768 101 4772 ·
198 4755 624 4807 saracenicosaosrral.
1179 4755 1220 4815 34

1430 4421 1530 4476 Matth.

1441 4497 1526 4555 rano.
