3204 5506
596 406 767 456 arrsrona
792 398 819 454 1.
1282 394 1346 459 225

40 559 265 641 antistitem,
290 559 341 623 vel
363 580 420 644 pro
440 560 504 623 mei
525 560 646 624 ordinis
668 561 824 645 qualitate
847 561 896 623 vel
919 582 977 644 pro
999 564 1073 624 tuae
1096 563 1279 626 securitatis
1297 564 1345 626 in·
1358 572 1452 622 uasa

39 661 147 724 cuitu
183 659 411 744 hujuscemodi
438 661 509 725 ideo
536 662 712 746 promenda
736 662 904 745 judicavit,
938 666 973 725 ut
1000 685 1066 726 non
1093 667 1161 726 tarn
1190 686 1247 748 per
1276 666 1344 747 ejus
1395 696 1401 708 1

42 762 329 848 qualemcunque
356 763 509 828 vicarium
542 786 638 849 quam
665 765 844 848 praesentis
873 765 1009 848 apostoli
1037 766 1125 829 velut
1151 767 1344 831 auctarii-ate

44 866 298 949 commonitus,
321 866 416 930 altius
432 866 500 930 rias
516 869 548 930 et
563 866 690 930 divinae
710 867 907 930 reverentiae
929 870 962 930 et
976 867 1136 931 humanae
1153 868 1345 933 conditionis

46 966 272 1052 adspiciens,
296 968 378 1052 quod
400 968 485 1032 absst
507 990 525 1031 a
546 971 603 1032 tua
625 972 749 1051 mente,
772 990 838 1032 non
860 969 1007 1054 ingratus
1029 971 1181 1034 exsistere
1207 971 1344 1034 videaris

47 1069 206 1133 collatae
229 1069 397 1134 felicitatis
418 1071 552 1134 auctori.
598 1069 732 1154 Redeat,
762 1071 903 1153 obsecro,
928 1072 962 1134 in
986 1071 1084 1134 animi
1108 1073 1154 1135 tui
1178 1073 1294 1136 intima
1304 1074 1343 1158 ¹³)

47 1171 305 1236 deliberatione
328 1176 543 1256 conspectum,
567 1193 649 1256 quae
672 1172 818 1237 inimicos
841 1177 912 1237 tuos
934 1173 1023 1238 factu
1045 1174 1232 1256 dejecerint,
1263 1196 1344 1258 quae

48 1277 89 1337 te
113 1273 162 1337 ad
185 1274 356 1358 imperiale
376 1275 543 1360 fastigium
558 1272 626 1338 Deo
648 1276 821 1355 comitante
837 1277 1032 1339 revexerint:
1055 1276 1194 1359 qualiter
1208 1276 1254 1339 illi
1272 1298 1344 1339 eum

50 1375 213 1439 nefanda
241 1375 400 1461 dogmatis
427 1377 611 1462 receptione
639 1377 853 1459 conciderint,
885 1381 917 1440 et
944 1379 1207 1462 quemadmodum
1240 1379 1344 1462 gloria

50 1480 116 1540 tua
141 1476 385 1542 haereticorum
405 1479 505 1543 fuerit
526 1480 712 1563 depulsione
738 1483 904 1565 reparata3
937 1483 974 1542 ut
1001 1480 1048 1544 illi
1078 1483 1190 1543 contra
1213 1480 1350 1544 Calcha<
1387 1493 1390 1503 ·

52 1579 222 1643 elenensis
252 1580 365 1664 synodi
392 1582 589 1646 venerabilia
623 1582 800 1646 constituta
833 1585 865 1644 et
893 1581 1069 1645 beatissimi
1098 1604 1201 1665 papae
1228 1582 1343 1645 Leonis

54 1684 191 1767 scripta
213 1683 391 1765 venientes,
420 1684 492 1768 ipsa
520 1685 569 1748 sui
591 1684 757 1748 molitione
781 1684 912 1767 collapsi
936 1684 1011 1765 sint,
1050 1687 1083 1746 et
1105 1684 1219 1767 quibus
1242 1684 1343 1747 modis

54 1796 178 1848 eorum
199 1784 446 1850 reformationes
470 1786 510 1850 ad
533 1787 704 1870 pristinum
731 1785 991 1870 remeaverint¹⁴)
1018 1790 1109 1849 tuam
1132 1786 1343 1850 reverentiam

56 1887 301 1971 principatum.

148 1989 183 2053 5.
224 1988 348 2072 Liceat,
370 2011 435 2073 uro,
459 1990 544 2075 apud
566 1995 599 2055 te
621 1990 759 2056 fidenter
781 1993 984 2077 exserere¹⁵),
1008 2012 1090 2074 cquae
1113 1992 1264 2054 convenit
1278 2012 1344 2054 non

57 2098 187 2157 tacere.
235 2089 376 2155 Unicum
403 2093 438 2156 in
460 2097 494 2156 te
522 2097 667 2177 superest
688 2094 785 2177 prisci
807 2116 924 2157 nomen
948 2093 1084 2176 imperii.
1129 2092 1190 2166 Nc,
1215 2113 1358 2176 (quaeso,x

57 2195 160 2258 nobis
182 2192 326 2258 salutem
340 2197 445 2278 tuam,
469 2195 521 2279 pie
536 2195 721 2279 imperator,
746 2197 900 2278 invideas,
924 2217 965 2258 ne
987 2195 1136 2258 fiduciam
1159 2216 1217 2280 pro
1240 2198 1272 2258 tc
1288 2196 1344 2257 mi·

57 2318 146 2362 uuas
175 2294 399 2380 supplicandi!
444 2296 577 2381 Causae,
609 2298 724 2382 quibus
747 2297 903 2362 Dominus
926 2297 968 2360 sit
989 2299 1157 2381 propitiae,
1181 2297 1343 2380 inquiren—

58 2399 121 2463 dae
152 2400 246 2481 suut,
280 2418 347 2462 non
374 2399 489 2482 quibus
517 2399 585 2481 ejus
612 2400 796 2484 indignatio
823 2401 1022 2483 provocetur.
1068 2399 1239 2480 Corrvenio,
1271 2420 1344 2462 eon-

59 2504 178 2583 testor,
209 2499 370 2583 obtestor,
398 2501 550 2584 quoniam
576 2505 700 2583 metuo,
730 2501 889 2584 horresco,
919 2501 1066 2583 formido,
1096 2523 1137 2563 ne
1165 2501 1344 2564 mutatione

59 2601 345 2687 causarum'sspet
366 2624 485 2686 earum,
510 2603 593 2687 quod
616 2604 710 2687 absit,
734 2607 877 2668 mutetur
899 2607 1041 2668 eventus.
1080 2603 1215 2686 Respice
1238 2603 1344 2686 potius

59 2706 99 2769 ad
123 2704 316 2768 decessores
338 2707 409 2768 tuos
432 2709 589 2790 augustae
603 2706 775 2769 memoriae
790 2706 990 2770 Marcianum
1007 2706 1130 2769 scilicet
1145 2709 1177 2768 ct
1192 2705 1342 2785 Leonem,

59 2811 92 2871 et
113 2810 293 2870 tantorum
314 2807 497 2890 principum
512 2807 618 2890 fidem,
642 2808 806 2892 legitimus
822 2830 930 2871 eorum
946 2829 1118 2887 successor,
1138 2807 1341 2890 amplectere.

58 2907 171 2973 Debes
200 2907 333 2973 illorum
366 2909 514 2994 relim'oni
549 2930 754 2992 consensum,
789 2910 884 2974 debes
912 2911 1083 2973 memoriae
1115 2909 1342 2971 reverentiam:

59 3011 195 3076 absita
218 3014 277 3074 trra
299 3010 476 3094 devotione,
507 3012 592 3076 absit
614 3034 633 3075 a
655 3016 712 3076 tua
733 3015 903 3096 potestate,
933 3016 968 3075 ut
996 3011 1110 3075 talium
1135 3011 1273 3074 credaris
1296 3032 1342 3072 re-

58 3115 190 3198 spuisse
209 3112 387 3196 judicium!

147 3216 181 3281 6.
231 3213 398 3279 Postremo
429 3215 659 3300 professionem
693 3222 782 3280 tuam
816 3218 1107 3300 conscientiamque
1140 3215 1342 3279 recolendam

58 3318 217 3382 sensibus
245 3320 320 3380 tuae
348 3318 477 3400 pietatis
504 3317 643 3381 insinuo.
689 3317 808 3382 Palatii
836 3320 882 3382 tui
909 3319 1008 3383 facito
1031 3318 1150 3381 scrinia
1172 3319 1341 3398 recenseri,

129 3507 164 3573 ¹⁸)
182 3504 233 3558 lta
250 3503 284 3557 E*
296 3504 344 3571 Εἲς
367 3504 434 3559 editi
452 3521 514 3558 cum
532 3504 565 3556 F’
577 3504 614 3557 H'³
631 3511 740 3573 integra.
777 3505 883 3559 Deinde
901 3506 934 3558 Ε*
953 3523 1006 3559 sec.
1025 3523 1110 3559 manu
1127 3517 1278 3574 conspectus
1301 3511 1344 3574 qni

58 3596 224 3644 inhr'eom
243 3599 342 3643 tuorum
357 3593 431 3656 suctu
448 3594 594 3656 dejecerat,
614 3608 699 3658 quum
716 3589 807 3659 prima
824 3607 909 3644 manu
927 3609 989 3645 cum
1006 3591 1038 3643 Ε1
1053 3591 1085 3643 F²
1098 3591 1134 3643 Ha
1147 3592 1176 3645 et
1192 3590 1273 3644 editis
1285 3611 1343 3644 con·

55 3687 174 3744 spectum
188 3694 259 3744 quae
272 3679 423 3740 dejecerunt
434 3673 479 3741 (E'
491 3680 635 3741 dejecerint
697 3682 865 3742 conciderint,
879 3675 912 3727 ΙΜ
974 3682 1107 3729 evenerint
1117 3717 1122 3728 .
1131 3718 1135 3728 .
1145 3715 1150 3727 .
1162 3680 1342 3741 condiderint).

55 3760 122 3816 Mox
141 3758 219 3815 editi
236 3765 264 3812 in
281 3763 473 3815 naereticorum.

125 3848 160 3912 “j
180 3844 219 3898 ΕΙ
232 3843 270 3896 E²
287 3854 461 3898 remeaverunt
479 3855 522 3897 tua
539 3851 696 3908 reverentia,
715 3845 748 3898 F²
760 3846 796 3899 H‘³
813 3853 981 3899 remeaverint
993 3858 1060 3899 tuum
1073 3853 1251 3905 reuerentiam.
1271 3846 1343 3900 unde

54 3934 157 3986 noma
175 3927 277 3983 lectio.
288 3973 299 3983 ,
312 3927 388 3981 Edit
404 3942 581 3983 remeaverunt
603 3940 708 3984 tucrum
755 3931 842 3985 Porro
861 3938 1028 3985 remeaverint
1046 3930 1090 3984 hic
1109 3931 1226 3985 sumitur
1244 3930 1343 3997 active,

55 4022 84 4068 et
100 4016 184 4070 idem
209 4015 312 4080 sonat,
340 4014 415 4081 quod
431 4021 585 4069 redemerint
603 4016 632 4081 (b
652 4015 687 4069 ad
705 4033 793 4084 marg.
814 4019 981 4084 repararunt)
1008 4032 1056 4069 seu
1075 4034 1199 4070 remeare
1218 4016 1356 4069 feceriut„

55 4098 135 4153 Felix
154 4097 271 4153 Zenoni
287 4097 317 4151 in
334 4098 498 4153 memoriam
516 4092 642 4166 revocat,
667 4101 807 4167 quomodo
824 4100 973 4154 Basiliscus
992 4101 1246 4154 Galelrcdonensenr
1265 4116 1344 4167 syno-

54 4184 123 4238 dum
141 4185 175 4237 et
194 4181 307 4250 scripta
323 4183 423 4238 Leonis
442 4184 629 4239 condemnans
643 4185 829 4254 eprincipatu
848 4185 993 4250 exciderit,
1011 4185 1071 4254 ipse
1089 4201 1155 4243 aero
1174 4185 1344 4237 contrariam

53 4266 254 4324 taminiam
278 4265 315 4320 ad
337 4267 465 4322 eumdem
488 4269 690 4337 capessendum
714 4269 835 4324 redierit.
877 4271 964 4333 Quom
988 4286 1086 4322 revera
1114 4269 1156 4321 his
1180 4271 1343 4322 obsecutum

54 4369 129 4419 esse,
148 4350 237 4407 team
256 4351 301 4404 est
318 4351 363 4406 lex
380 4351 505 4420 ejusdem
523 4370 596 4408 anno
614 4360 665 4408 476
684 4357 801 4408 enarrate
815 4354 882 4407 data
894 4355 910 4408 l.
927 4361 958 4407 16
971 4353 1037 4408 cod.
1051 4354 1120 4406 Just.
1135 4354 1159 4419 l,
1170 4361 1198 4406 2:
1220 4358 1343 4406 Decerni-

51 4441 175 4500 ωλι
201 4442 347 4506 antiquatis
369 4456 401 4489 uc
422 4443 555 4505 infimioris
575 4443 704 4505 scandilia,
729 4460 793 4508 qnae
817 4450 908 4492 contra
932 4446 1011 4507 ipsura
1029 4444 1190 4493 orthodoune
1214 4444 1344 4506 relipionis

51 4530 134 4581 oen
155 4528 276 4595 quodam
292 4527 457 4587 madefacta
474 4535 543 4582 sieut,
562 4529 587 4576 in
606 4530 728 4592 inlapsum
745 4530 914 4578 restituantur
931 4532 1050 4577 irniucrsu
1069 4535 1117 4579 etc.

121 4613 157 4679 ¹⁵)
177 4610 228 4663 Ita
246 4607 280 4661 Ε1
293 4607 341 4673 13²3
360 4606 394 4660 F’
405 4606 442 4660 Hq
460 4627 585 4662 exercere
604 4629 682 4677 quae,
702 4608 769 4663 editi
788 4628 920 4677 exponere
939 4629 1017 4677 quem.
1048 4609 1155 4662 Deinde
1168 4608 1200 4660 E·
1214 4608 1248 4660 13²
1266 4614 1343 4676 impe·

49 4703 97 4763 ra',
116 4695 172 4751 ubi
194 4692 246 4749 alii
265 4697 439 4761 inperatoris.

121 4784 157 4850 ¹⁸)
178 4780 227 4834 lta
246 4776 279 4831 ΕΙ
293 4776 330 4831 Ε*
341 4776 384 4831 F'.
417 4776 491 4831 Editi
508 4790 534 4831 et
556 4799 642 4832 euram
660 4779 804 4844 omittunt,
827 4795 946 4846 moxque
966 4778 1104 4831 scribunt:
1129 4785 1236 4848 Respice
1254 4785 1342 4847 propi-

47 4875 100 4921 n‘u
123 4867 172 4935 (ΕΙ
193 4866 295 4934 potius)
316 4903 339 4916 ..
358 4868 479 4930 amplecti
495 4867 573 4918 debes
590 4870 689 4918 illoram
710 4870 736 4917 in
759 4870 881 4930 relipione
899 4881 1058 4918 consensum.
1083 4885 1185 4932 paronam
1204 4868 1280 4917 debes
1298 4861 1343 4928 (Ε2

48 4953 181 5009 correxit
198 4967 256 5005 sec.
276 4964 369 5002 manu
383 4952 513 5015 religionis
531 4967 677 5003 eonsensum
695 4969 829 5019 eorumque
847 4951 944 5015 debes).

81 5026 255 5093 neronom
267 5050 382 5090 sous.
397 5049 510 5087 rorrrr.
528 5036 551 5088 1.
1101 5042 1139 5105 15
