3204 5506
468 360 681 410 ascensura
705 355 809 413 5-8.
1213 347 1275 417 487

470 516 751 618 Fragmentum
778 519 811 600 8.

102 658 151 708 ado
168 658 343 706 consulendum
362 658 493 712 ccclesiae,
512 657 586 719 cujas
603 660 709 720 praesul
721 658 852 722 frequenti
869 661 1012 710 incursione
1030 663 1106 711 elisar
1118 663 1256 715 dicebatur.

158 771 344 837 Gelasius
367 771 531 836 Rustico
554 774 592 836 et
614 771 835 838 Fortunato
858 775 1068 859 episeopis,

102 891 527 977 iuperFuropopiliensis1)
556 891 708 956 ecclesiae
738 893 845 957 elerici
874 917 938 958 uua
968 917 1038 959 cum
1062 895 1214 978 Sabin02)
1243 901 1275 961 et

103 995 136 1059 io
158 994 248 1058 laricis
271 995 401 1078 propria
423 994 631 1078 suggestione
652 998 844 1078 reserarunt,
869 995 1046 1080 praesulem
1069 1021 1160 1062 suum
1183 1000 1275 1084 gravi

102 1120 139 1161 ‚ru
163 1097 355 1161 necessitate
378 1097 497 1179 vexari,
523 1096 611 1181 reuujus
628 1119 699 1160 euin
718 1097 863 1162 dicerent
883 1098 1067 1164 incursione
1089 1101 1275 1185 frequenter

102 1222 129 1263 r.
174 1199 264 1276 Quod
287 1221 328 1263 ne
350 1199 538 1264 scandalum
561 1199 707 1264 fidelibus
731 1199 892 1264 videretur
913 1202 1077 1286 ingerere,
1111 1206 1144 1266 et
1165 1203 1274 1267 Eccle-

106 1301 167 1367 Dei
190 1301 307 1386 ubique
330 1301 468 1385 positam
491 1300 551 1365 hac
574 1302 748 1367 offensione
771 1303 916 1367 turbaret
924 1303 962 1390 ³),
985 1305 1156 1389 praecipue
1177 1327 1274 1391 quum

102 1427 115 1468 1
136 1405 206 1488 ipso
228 1403 356 1468 volerutc
378 1404 440 1467 hue
462 1427 496 1467 se
518 1405 695 1487 perrexisse
717 1406 899 1470 firmarent:
928 1407 968 1470 ud
996 1406 1200 1471 dilectionem
1222 1430 1272 1471 ve-

102 1562 104 1569 .
127 1507 248 1590 scripta
270 1506 453 1588 direximus,
478 1510 513 1569 ut
536 1506 698 1588 ecclesiae,
731 1507 822 1590 eujus
844 1513 949 1573 rector
971 1508 1028 1571 tali
1053 1531 1128 1572 casu
1150 1512 1272 1574 tenere-

101 1609 261 1691 dstrictus,
288 1608 504 1672 visitationem
528 1630 702 1692 congruam
726 1609 909 1674 redderetis.
946 1609 1066 1674 Verum
1088 1611 1163 1694 quia
1185 1634 1273 1676 nuuc

111 1712 178 1795 ipse
202 1711 290 1775 verrit
312 1710 375 1774 huo
397 1710 544 1794 pontifex
567 1710 712 1795 falsaque
741 1712 848 1776 omnnia
871 1713 909 1776 dc
931 1736 965 1777 se
984 1713 1110 1795 jactata
1132 1713 1274 1777 dissemi-

101 1814 156 1877 sub
178 1813 278 1878 divini
303 1812 573 1896 couternplutionc
592 1813 706 1896 judicii
729 1817 916 1898 vestraeque
935 1815 1151 1879 eorrseieutiac
1167 1815 1273 1879 existi-

101 1916 216 2000 ·nisque
239 1918 386 1999 respectu
408 1936 514 1978 rerum
537 1915 598 1978 fide
614 1914 832 1980 sollertissime
848 1916 1034 2000 perquisita,
1058 1918 1085 1982 si
1102 1917 1273 2001 aliquando

101 2022 126 2082 st
154 2017 202 2082 vel
226 2018 260 2081 in
283 2018 376 2082 domo
400 2017 447 2080 vel
471 2017 504 2080 in
527 2017 729 2100 processione
759 2017 808 2081 vel
839 2018 872 2081 iu
903 2018 964 2082 atio
987 2040 1175 2102 quocunque
1203 2019 1273 2083 loco

101 2123 155 2185 tur
182 2123 314 2205 repente
343 2120 535 2203 collapsusl)
564 2142 718 2203 vocesque
747 2119 870 2183 dedisse
902 2121 1052 2185 corifusas
1084 2123 1116 2184 ct
1143 2143 1272 2204 spumas

101 2227 219 2305 stesso,
237 2225 360 2306 quauta
375 2222 442 2285 fieri
458 2225 575 2305 petest,
593 2223 830 2287 examinatione
846 2225 1027 2307 quaeratur.
1057 2222 1147 2299 Quod
1162 2225 1271 2286 tamen

101 2327 232 2409 possit⁵)
261 2324 438 2409 aliquorum
465 2324 691 2388 testificatione
714 2325 852 2407 liminari,
883 2325 949 2388 sive
977 2347 1143 2408 utinquam
1171 2325 1272 2389 couti-

111 2427 251 2511 dicatur,
280 2449 347 2491 non
369 2427 547 2511 putandum
570 2430 619 2491 est
640 2449 733 2511 posse
755 2427 919 2509 sufficere,
949 2426 1004 2490 sed
1028 2430 1148 2491 certum
1171 2429 1272 2491 mani-

100 2553 180 2615 uqua
213 2529 453 2610 (lucrementum,
492 2529 566 2612 (pauiu
599 2530 637 2592 de
669 2531 762 2593 tanta
795 2551 828 2593 rc
857 2551 922 2592 urin
949 2529 1079 2613 scgrrius
1104 2530 1272 2614 'agendum

105 2631 216 2697 Faciat
242 2654 309 2695 rem
332 2635 388 2695 tua
411 2630 554 2713 dilectio,
588 2633 690 2696 frater
712 2631 862 2714 Itustice,
900 2631 948 2694 sui
977 2631 1074 2695 moris
1102 2635 1134 2695 et
1162 2636 1272 2717 aptam

102 2760 119 2799 o
147 2733 308 2820 pontifici,
339 2736 374 2797 ut
403 2756 474 2797 curn
503 2734 640 2818 triginta
650 2733 675 2817 6)
704 2733 814 2798 diebus
850 2737 956 2797 tecum
985 2756 1053 2798 esse
1082 2735 1270 2818 constituas,

110 2974 127 3026 Z
147 2977 370 3040 Foropopalensia.
406 2977 499 3025 Forum
523 2977 618 3040 Popilii
641 2970 706 3024 olim
731 2972 792 3024 erat
815 2970 982 3040 episcopalis
1005 2971 1034 3023 in
1052 2971 1171 3024 Aemilia
1194 2971 1272 3025 sedes

100 3059 290 3126 Fortr'mpopoli)
312 3056 363 3109 sub
386 3056 594 3125 archiepiscopo
617 3057 788 3110 ltaveunate.
830 3055 885 3109 Sed
910 3055 963 3109 hoc
986 3055 1046 3108 loco
1071 3055 1146 3109 aliud
1170 3056 1271 3109 Forum

99 3144 116 3209 i,
138 3140 306 3212 Campaniae
335 3140 468 3210 oppidum
494 3141 567 3194 iuter
590 3141 714 3211 Capuam
738 3144 767 3193 ct
789 3140 938 3193 Trebulam
961 3139 1062 3204 situla,
1090 3139 1157 3192 illud
1181 3136 1271 3207 Φάρος

99 3231 134 3283 ἴου
152 3225 318 3293 Ptolemaei,
338 3226 441 3279 dietum
459 3226 615 3295 putaverim
636 3227 679 3291 (cf.
693 3224 828 3279 llolsteuii
847 3224 972 3277 adnotat.
987 3223 1014 3276 iu
1028 3224 1146 3277 Cluverii
1159 3224 1270 3278 Italiam

104 3356 108 3365 .
129 3331 194 3383 pag.
216 3319 267 3366 258
290 3328 345 3379 seq,
371 3313 399 3365 ct
421 3311 546 3364 Bischoff
566 3330 590 3364 u.
612 3311 728 3365 Mocllcr
751 3308 983 3378 Verglciehendes
1006 3309 1193 3363 Warterbueh
1221 3309 1271 3362 der

100 3397 218 3452 mittieru
237 3397 293 3450 und
312 3412 401 3450 ncuien
420 3395 598 3465 Gcographie
617 3396 660 3450 ed.
683 3399 766 3455 1829).

111 3484 151 3538 Ita
167 3483 203 3536 Da
218 3484 254 3537 Π1
268 3482 304 3534 lt²
329 3483 404 3543 (nanu
426 3498 509 3547 quem
530 3481 651 3535 Maurius
673 3481 718 3537 hic
741 3480 897 3550 generatim
920 3486 1109 3535 versatissimum
1132 3486 1271 3535 burensem

119 3568 241 3640 suspicor
259 3584 317 3621 esse
335 3566 448 3621 Lucan.
471 3573 517 3619 1⁶24
535 3566 689 3621 Burchardi
708 3565 895 3634 collectionis).
932 3566 970 3618 ut
988 3566 1006 3620 Z
1025 3586 1079 3620 curru
1098 3569 1191 3620 Setino
1217 3571 1270 3634 epi-

104 3667 126 3708 st
143 3660 249 3719 Pelopia
268 3664 293 3705 ei
310 3657 390 3705 luicis.

110 3739 127 3793 Z
146 3744 251 3793 turture
268 3753 388 3805 moxque
407 3748 506 3790 tenetur
579 3742 703 3792 reddatis.

110 3825 143 3878 u²
164 3832 317 3893 prolapsus,
340 3837 394 3875 nou
418 3820 472 3874 alio
497 3840 590 3886 sensu,
617 3821 722 3875 seilicet
744 3823 877 3890 quantum
902 3840 935 3874 ex
958 3821 1090 3890 subjectis
1113 3821 1271 3889 conjectare

99 3909 229 3964 comtiali
247 3909 345 3962 morbo
364 3907 519 3961 laborabat.
543 3908 583 3960 Ae
596 3908 668 3961 forte
681 3905 803 3976 episcopi
821 3907 902 3976 hujus
913 3906 1060 3961 infirmitas
1072 3906 1187 3960 tandem
1200 3921 1271 3959 com·

99 4010 122 4050 'a
134 3995 245 4050 Gelasio
264 3993 365 4048 edendi
384 3992 501 4058 decreti,
521 3993 595 4059 quod
614 3992 692 4062 epist.
711 3997 740 4045 lt
759 4010 818 4061 cap.
835 3999 866 4045 19
879 3992 1010 4047 adversus
1023 4009 1115 4046 seueros
1131 3990 1271 4044 ministros

98 4088 171 4136 siccis
188 4085 357 4148 sterilibusque
373 4081 536 4148 passionibus
554 4084 669 4131 irretitor
686 4077 785 4143 sauncit,
804 4076 979 4131 occasionem
998 4075 1083 4131 dedit.

110 4168 152 4220 Ita
169 4185 231 4220 mss.
268 4166 306 4217 At
323 4165 341 4217 Z
362 4185 410 4218 aron
427 4170 510 4231 possit
528 4169 668 4231 otiqrrorum
683 4167 780 4229 soceros
798 4167 982 4230 teseptcatiune.

110 4255 137 4305 a²
153 4251 304 4305 secuudum
322 4268 385 4303 mss.
406 4265 470 4302 suos
488 4247 587 4317 legisse
600 4247 708 4301 sistetur
728 4253 834 4316 triptota
851 4254 890 4300 uel
907 4252 1048 4314 acroama,
1068 4249 1190 4299 anteum
1205 4245 1271 4297 duo-

98 4331 130 4389 lis
151 4335 266 4390 vetustis
285 4334 411 4388 Gratiani
434 4333 575 4387 codicibus
599 4334 785 4387 correctorum
808 4333 997 4386 Romanorum
1020 4329 1181 4401 simpliciter
1201 4343 1269 4384 orto·

120 4421 177 4475 Hoc
195 4419 308 4489 quidem
326 4418 472 4473 Rielrterus
490 4419 518 4471 in
536 4418 602 4471 edit.
622 4434 695 4486 corp.
712 4417 766 4485 jur.
787 4434 846 4470 man.
866 4416 909 4470 ad.
930 4423 981 4470 αἱ)
1001 4416 1029 4469 C.
1043 4415 1096 4468 Vll
1113 4432 1158 4484 qu.
1173 4422 1188 4468 2
1206 4415 1271 4469 inde

98 4522 144 4560 sse
165 4504 332 4570 arbitratur,
355 4503 430 4571 quod
451 4505 480 4557 in
499 4502 638 4558 veteribus
661 4502 865 4571 exemplaribus
883 4501 1010 4554 omnibus
1032 4500 1164 4570 scriptum
1186 4500 1272 4556 fuerit

98 4592 115 4644 t
132 4596 148 4645 ι’.
160 4613 182 4645 e.
202 4599 240 4645 aet
257 4595 372 4658 eripiam.
394 4621 422 4628 -
444 4588 545 4642 Similis
568 4587 706 4655 quaedam
729 4585 836 4641 concilii
860 4585 1062 4641 suessionensis
1081 4586 1106 4639 u
1129 4602 1202 4641 anno
1220 4591 1270 4641 853

114 4694 134 4728 c.
152 4683 167 4730 2
185 4674 324 4731 sententia
347 4675 411 4740 suit,
436 4692 491 4742 qua
509 4673 618 4728 Wenilo
638 4671 804 4725 Senonensis
822 4671 1052 4741 metropolitanus
1071 4670 1271 4726 Herimannum

98 4776 199 4816 sanaem
218 4760 380 4830 episcopum
398 4759 517 4814 molesta
534 4757 694 4812 infirmitate
714 4759 871 4825 correptum
885 4756 959 4827 apud
973 4774 1011 4823 se,
1030 4757 1122 4825 quoad
1135 4757 1272 4812 aestivum

97 4860 117 4897 us
132 4845 324 4914 pertransiret,
343 4845 467 4898 det-inere
485 4862 518 4897 ac
536 4844 655 4913 probare
670 4843 762 4912 jussus
780 4843 830 4896 cst.
866 4841 1052 4896 Herimannus
1069 4859 1135 4898 vcro
1152 4842 1192 4897 sic
1209 4861 1272 4912 pro·

110 4945 177 4985 anno
194 4931 293 4986 codem
311 4928 340 4984 in
359 4929 474 4985 concilio
492 4928 679 4984 vermeriensi
697 4929 721 4982 11
741 4947 762 4982 c.
779 4936 792 4982 1
811 4926 944 4984 ecclesiae
962 4944 1027 4984 suas
1045 4927 1192 4984 restitutus
1210 4927 1269 4982 fuit
