3204 5506
363 975 771 1109 PRAEFATIO
807 1011 1161 1110 spinosis.

720 1426 751 1514 s.
782 1427 814 1494 1.

173 1553 237 1616 De
266 1552 395 1617 eurisis
418 1553 456 1616 et
477 1552 618 1634 origine
640 1553 749 1636 hujus
771 1570 882 1619 nonne
905 1553 1076 1619 editionis
1099 1552 1336 1634 epistolarum

468 1722 473 1728 ,
520 1653 760 1721 Romanorum
785 1655 1006 1738 pontifioum.

224 1818 259 1884 1.
296 1812 421 1883 Multa
439 1816 557 1900 erant,
585 1836 680 1906 quae
707 1815 754 1885 ad
781 1836 916 1886 novam
941 1814 1141 1886 editionem
1159 1813 1401 1906 epistolarum

112 1930 382 2003 Romanorum
400 1930 616 2024 pontifieum
643 1933 767 2005 doetos
785 1956 912 2005 omnes
925 1933 1006 2023 jam
1025 1931 1163 2002 dudum
1182 1931 1398 2003 invitarent.

114 2047 205 2122 Sive
235 2051 341 2122 enim
367 2050 563 2121 historiam
589 2051 666 2123 sive
698 2053 906 2125 doctrinam
933 2056 1000 2123 aut
1022 2051 1083 2142 jus
1111 2050 1400 2122 ecelesiastieum

117 2169 373 2262 spec-tavers,
402 2169 441 2239 in
468 2169 540 2239 illis
567 2171 647 2241 fons
673 2171 825 2263 quidam
858 2171 1056 2265 prunarius
1084 2169 1288 2253 invenitur;
1324 2168 1401 2240 sive

119 2288 224 2359 viros
252 2287 351 2380 ipsos
378 2288 594 2381 respexeris,
623 2312 711 2382 prae
729 2291 899 2361 omnibus
925 2289 1103 2362 memoria
1120 2288 1243 2361 lueida
1265 2287 1401 2383 dignis·

120 2406 212 2478 simi
254 2409 354 2477 sunt.
414 2405 551 2478 Verum
584 2408 675 2480 haee
707 2408 855 2502 quidem
887 2432 944 2480 res
985 2431 1087 2480 seeus
1127 2411 1293 2480 tractata
1332 2410 1399 2479 est.

123 2523 253 2607 Qumn
282 2525 380 2596 enim
398 2523 636 2599 Constantius
663 2528 782 2620 etqui
800 2527 925 2598 studia
952 2528 1029 2618 ejus
1048 2528 1264 2600 continuare
1282 2549 1401 2600 susee-

126 2648 268 2737 peruut
295 2642 517 2737 Mopinotius
545 2648 583 2716 et
609 2644 806 2717 Druandus
833 2647 934 2717 mala
969 2647 1119 2717 fortuna
1146 2647 1194 2718 ab
1221 2646 1399 2740 incoeptis

126 2762 296 2856 propulsi
314 2767 453 2849 essent,
472 2763 535 2834 vix
553 2788 686 2837 manea
704 2766 879 2858 repetitio
892 2766 973 2856 jam
992 2766 1082 2837 editi
1100 2766 1219 2859 operis
1238 2768 1398 2846 tentata,

127 2905 249 2954 novae
277 2904 385 2953 ennae
412 2883 445 2953 ei
472 2883 684 2955 nullatenus
711 2861 885 2960 admotae
911 2887 1009 2956 sunt.
1051 2884 1237 2955 Nimirum
1263 2884 1326 2977 qui
1353 2883 1401 2955 ad

128 3000 168 3070 id
193 3000 297 3072 omni
324 3003 500 3094 exparte
527 3001 697 3073 axiomati
726 3007 832 3075 erant
860 3004 929 3073 viri
956 3003 1064 3090 (loeti,
1100 3006 1167 3074 {nint
1194 3003 1327 3074 animis
1355 3002 1401 3074 ad

129 3120 208 3190 alia
234 3119 359 3190 studia
385 3120 539 3192 honesta
565 3124 604 3193 et
630 3122 734 3194 bonis
766 3123 902 3194 litteris
930 3122 1039 3193 utilia
1066 3122 1296 3208 ferebantur,
1334 3124 1401 3192 aut

129 3238 245 3310 certis
272 3239 390 3310 eainsis
418 3239 659 3311 fastidiebant
685 3241 784 3326 iliud,
813 3265 879 3313 nee
906 3241 1070 3328 deerant,
1098 3240 1160 3332 qui
1187 3262 1337 3333 operam
1363 3241 1402 3312 et

131 3357 324 3452 ingenium
351 3381 459 3429 snum
486 3359 594 3431 rebus
628 3364 695 3431 aut
721 3360 809 3431 viris
836 3360 1015 3433 memoria
1049 3359 1311 3449 indignissimis
1339 3358 1401 3430 ad-

129 3481 279 3547 vertere
304 3477 504 3549 malebant.
544 3477 643 3549 Alios
671 3479 786 3565 etiam
813 3479 932 3573 operis
958 3479 1157 3550 dii'iieultas
1184 3483 1223 3550 et
1240 3458 1406 3550 locorum

130 3601 415 3689 temporumque
442 3597 619 3690 iniquitas
646 3597 879 3687 deterruerit,
913 3622 1028 3690 quum
1055 3620 1120 3690 pro
1147 3596 1225 3688 ejus
1251 3597 1401 3691 integri·

132 3720 216 3786 tate
243 3715 476 3807 aliquatenus
503 3716 733 3788 restituenda
759 3718 835 3789 iere
853 3717 1037 3788 innumeri
1056 3716 1141 3786 libri
1160 3714 1328 3801 adeundi,
1358 3738 1402 3787 ex

130 3833 389 3906 diversissimis
416 3834 688 3907 collectionibus
716 3839 754 3907 et
780 3835 1035 3908 remotissimis
1057 3834 1239 3907 eodieilms
1258 3833 1403 3927 singula

131 3951 361 4024 enueleanda
386 3956 519 4025 essent.
572 3952 632 4024 lta
663 3954 811 4046 quidem
844 3956 1086 4041 factumest,
1127 3957 1170 4023 ut
1196 3975 1286 4046 opus
1312 3952 1402 4022 illud

130 4070 385 4144 desiderarent
409 4071 575 4165 plurimi,
603 4096 711 4144 nemo
737 4074 831 4144 serio
858 4096 1070 4167 promovere
1097 4074 1255 4144 curaret.

236 4193 272 4261 2.
315 4188 432 4274 Quam
458 4213 537 4262 rem
563 4213 678 4282 quum
698 4191 779 4283 jam
806 4191 953 4284 juvenis
987 4214 1095 4287 aegre
1128 4212 1272 4283 semper
1297 4189 1401 4262 tulis-

132 4332 221 4397 sem,
250 4308 403 4381 tandem
421 4308 488 4381 Dei
515 4308 652 4381 auxilio
678 4309 834 4381 eoufisus
861 4310 938 4404 ipse
956 4310 1106 4405 aggredi
1124 4308 1312 4381 constitui.
1348 4307 1402 4381 Ae

132 4429 265 4500 statim
291 4428 413 4522 magis
439 4451 641 4522 congruum
659 4428 846 4521 doctisque
863 4429 1033 4500 omnibus
1051 4431 1201 4523 gratum
1219 4427 1296 4499 fore
1310 4427 1402 4499 mihi

131 4549 253 4620 visum
280 4550 348 4633 est,
378 4547 409 4618 si
435 4546 595 4639 primum
622 4547 868 4641 prosecutioni
896 4548 1102 4619 studiorum
1129 4543 1336 4620 Constantii
1363 4550 1401 4618 et

130 4670 292 4738 flatrum
320 4664 605 4736 Balleriniorum
632 4689 786 4737 manum
813 4666 1058 4752 admoverem,
1093 4667 1226 4740 ethan
1253 4666 1399 4739 demum

128 4790 236 4880 parte
264 4783 441 4856 absoluta
466 4782 611 4856 illorum
637 4807 772 4856 novam
799 4782 997 4856 editionem
1024 4808 1203 4882 ourarem.
1247 4783 1402 4855 Omnem

127 4906 244 5000 igitur
271 4903 313 4974 in
339 4900 379 4973 id
405 4901 545 4972 intendi
571 4903 754 4992 animum,
790 4905 833 4974 ut
859 4903 969 4974 simili
997 4903 1122 4994 modo,
1156 4926 1227 4996 quo
1254 4903 1304 4973 ilii
1330 4900 1401 4972 viri

156 5035 323 5074 stratore:
338 5031 445 5070 nouis.
460 5032 570 5070 nonnis.
588 5021 609 5072 1.
1182 5039 1200 5078 a
