3224 5506
507 371 700 421 arrsroaaa
724 361 742 416 5
765 370 952 419 APPENDnt.
1299 355 1360 422 673

98 518 319 589 innocentiam
351 525 549 590 absolutione
582 526 750 610 gauderet,
791 528 847 589 arrt
874 528 1008 610 propter,
1031 525 1157 608 objecta
1185 527 1358 611 convictus,
1372 537 1468 586 ator.

93 625 210 690 reatui
228 627 416 711 subjaceret.

192 730 218 794 b.
253 728 331 794 Post
352 728 532 814 hujusmodi
556 731 729 795 constituta
757 732 827 814 quis
855 730 950 794 finem
980 734 1071 795 tanto
1100 732 1242 816 darunt)
1271 733 1360 798 dubi-

76 834 194 897 taret
205 853 268 896 esse
281 832 438 918 negotio?
472 831 549 908 Quis
570 833 609 896 de
630 836 697 896 tarn
713 854 879 897 numeroso
896 833 1029 897 concilio
1044 834 1241 898 sacerdotum
1256 835 1360 920 magis

67 934 197 1003 nasci
216 934 357 999 crederet
378 935 573 999 confusionis
596 934 804 1019 ambiguum?
835 933 950 1020 auide)
973 935 1103 1019 profuit,
1127 937 1196 1000 seni
1216 938 1301 1001 vitoe
1322 937 1361 1000 de

60 1035 225 1128 prolixo
245 1036 371 1101 itineris
393 1037 479 1101 ultra
502 1037 541 1100 ad
563 1058 621 1100 nos
644 1037 830 1121 imposuisse
852 1037 1032 1121 negotium,
1067 1038 1174 1122 quidt)
1197 1042 1361 1103 tantarum

60 1138 305 1210 ecclesiarum
328 1139 513 1203 absentibus
535 1138 751 1203 sacerdotibus
766 1139 863 1202 fuisse
879 1140 1089 1223 suspensum?
1121 1138 1201 1214 Quid
1218 1141 1286 1224 spei
1301 1141 1362 1204 erit

56 1242 273 1324 reliquum,
307 1241 334 1305 si
357 1242 395 1304 de
417 1245 510 1305 tanto
532 1241 619 1305 exitu
641 1263 707 1305 non
728 1240 822 1304 datur
848 1241 1019 1325 impetrare
1042 1241 1257 1306 conventum?
1300 1241 1361 1308 Sed

62 1346 268 1415 transacta
295 1343 477 1427 sufficiant,
515 1365 594 1427 quae
623 1343 662 1406 ad
689 1343 749 1406 hoc
775 1345 902 1406 tanturn
935 1345 970 1407 in
997 1345 1181 1408 memoriam
1208 1344 1286 1408 satis
1314 1347 1363 1409 est

63 1437 265 1528 revocare,
303 1445 414 1530 quo¹⁰)
437 1443 597 1509 desinant.
643 1445 734 1509 Bona
762 1447 810 1509 est
838 1446 1080 1528 praeteritorum
1107 1446 1300 1530 recordatio,
1335 1447 1362 1511 si

70 1567 191 1637 quac
210 1545 387 1632 displicent,
411 1550 520 1611 secuta
542 1569 617 1611 cura
634 1547 842 1632 correptionis
858 1547 1014 1611 emendet.
1047 1547 1078 1610 N
1079 1569 1121 1611 on
1137 1549 1250 1612 saltem
1265 1549 1362 1612 disce-

76 1647 252 1716 dentibus
278 1649 436 1733 aliquibus
464 1649 670 1734 dilatoque¹¹)
692 1650 822 1734 negotio
853 1650 892 1713 ad
919 1649 1075 1713 secundae
1103 1651 1363 1735 congregationis

82 1749 262 1816 venientis
283 1751 421 1835 repetitu
439 1750 576 1834 judicia,
604 1773 662 1834 pro
689 1752 765 1834 fide,
798 1773 854 1835 pro
882 1751 1082 1834 innocentia,
1117 1774 1175 1834 pro
1203 1754 1363 1837 aequitate

90 1852 285 1936 concordis,
319 1852 451 1916 remotis
484 1852 596 1916 studiis
630 1852 787 1936 aliquibus
815 1853 984 1917 dissentiat
1009 1853 1195 1937 integritas!
1247 1853 1317 1917 Hoc
1327 1853 1365 1938 ¹²)

94 1953 268 2032 petitionis
289 1957 430 2037 nostrae,
454 1953 514 2018 hoc
542 1955 707 2039 religionis
735 1954 880 2018 affectus:
903 1955 963 2018 hoc
986 1954 1082 2038 quieti
1106 1954 1269 2019 Romanae
1293 1977 1365 2020 con·

98 2051 196 2116 ferre
216 2056 367 2140 civitatis,
396 2058 431 2119 ut
459 2056 649 2120 sacerdotali
678 2056 930 2120 consideratione
952 2055 1114 2140 proposito
1136 2056 1282 2141 delegato
1304 2062 1365 2121 ter-

103 2153 230 2235 minum
250 2158 330 2223 detis
353 2159 422 2222 sine
445 2157 649 2222 contentione
672 2158 812 2242 negotio,
836 2158 972 2222 scientes
995 2179 1128 2222 examen
1149 2162 1290 2223 restrum
1306 2158 1365 2223 Dei

13 2302 16 2307 <
46 2284 49 2289 ·
108 2259 286 2324 secumrum
309 2281 378 2324 esse
396 2259 562 2343 judicium.

193 2359 222 2423 6.
258 2361 421 2448 Cogitate,
450 2364 586 2425 matrem
609 2362 803 2426 confusionis
832 2384 899 2426 esse
923 2362 1127 2445 discordiam,
1158 2366 1190 2427 et
1216 2363 1365 2448 quemad-

112 2454 233 2526 modum
255 2484 411 2528 consensu
433 2463 529 2527 dubia
551 2463 742 2547 solidantur,
772 2465 819 2527 ita
846 2465 942 2536 etiam
971 2464 1062 2527 firma
1085 2464 1281 2529 dissensione
1303 2464 1364 2530 dis·

10 2571 32 2655 [“
115 2551 195 2622 ⁸⁰lvi·
245 2564 408 2650 Numquid
440 2565 615 2647 laboriosa,
653 2565 804 2650 numquid
839 2566 1053 2630 conscientiae
1085 2569 1209 2631 vestrae
1242 2567 1363 2651 gravia,

10 2666 39 2759 ’,-
114 2665 259 2747 llllmquid
274 2666 406 2732 inimica
420 2667 592 2752 proposito,
618 2667 657 2731 ab
673 2656 875 2732 antistitibus
885 2668 949 2733 suis
965 2689 1077 2750 pacem
1092 2669 1194 2752 poscit
1209 2668 1364 2752 Ecclesia,

10 2826 13 2831 ’
114 2823 407 2851 ᾨ-

10 2976 58 3020 ίέ
108 2973 112 2983 ’
172 2966 194 3034 ⁷)
213 2973 255 3028 Ite
271 2975 314 3040 13¹,
333 2973 378 3029 cui
396 2991 490 3029 sensum
508 2976 611 3045 aperteu
622 2973 814 3044 adstipulatur.
850 2973 904 3028 Alii
921 2979 1161 3029 doudumdubitorit
1218 2981 1366 3033 crediderit.

173 3052 195 3120 ²)
213 3056 247 3111 Fi
258 3059 306 3113 ΚΗ
318 3059 337 3114 b
351 3062 376 3113 θ’
389 3075 445 3126 seq.
463 3058 554 3125 lectio,
572 3076 643 3128 quas
662 3076 726 3114 vere
739 3058 876 3128 Oedipum
893 3060 1010 3127 quaerit,
1028 3059 1097 3114 haec
1115 3064 1168 3114 est:
1187 3064 1252 3126 Quid
1268 3065 1367 3129 profuit

20 3135 62 3187 t*
120 3130 162 3182 ’lie
180 3144 231 3196 utra
247 3144 291 3211 (Fi¹
309 3147 395 3210 vitam)
418 3150 449 3197 de
470 3150 575 3212 prolixo
597 3150 695 3198 itineris
717 3151 783 3198 citro
802 3144 847 3211 (Fd
865 3150 955 3198 itinere
972 3148 1062 3213 sritru)
1090 3152 1126 3198 ad
1147 3164 1192 3199 uos
1215 3150 1366 3213 imposuistis

10 3239 44 3294 F*
122 3227 227 3279 Mando?
254 3229 312 3283 Nec
329 3226 435 3282 felicior
453 3230 495 3282 est
512 3232 551 3282 cl:
570 3235 632 3298 quid
646 3233 745 3295 profuit
766 3235 819 3282 siue
836 3235 861 3282 oi
876 3239 927 3282 tum
945 3235 976 3282 de
992 3236 1098 3297 pretim
1116 3234 1205 3284 itinere
1228 3242 1315 3284 cetera
1332 3234 1367 3283 ad

124 3311 160 3349 ’θ’
176 3309 317 3378 inponere
337 3318 455 3381 repotia?
485 3312 585 3367 Noster
603 3313 689 3367 codex
706 3313 747 3367 its
764 3313 861 3367 babet:
881 3319 941 3382 quid
956 3318 1056 3382 profuit
1072 3321 1128 3368 seui
1144 3321 1195 3368 uita
1213 3320 1244 3368 de
1261 3320 1365 3383 prolixo

10 3409 30 3448 έ
125 3382 211 3446 limis
226 3405 290 3453 ulau
308 3404 344 3452 od
361 3418 406 3452 uos
424 3404 569 3466 imposuisse
588 3407 694 3464 nepotis.
731 3402 778 3462 Qiri
795 3409 919 3451 tantorum
937 3410 997 3460 etr„
1025 3399 1099 3465 quod
1117 3398 1291 3466 aliquatenus
1308 3417 1365 3453 mu·

10 3485 28 3517 ·’
43 3482 69 3515 ²⁴·
126 3461 183 3525 t²¹5⁸
198 3482 329 3538 mutandis
345 3483 411 3537 ferri
429 3484 529 3552 potest.
567 3482 743 3537 Constantius
762 3481 847 3536 etiam
864 3483 910 3535 Κ12
928 3483 1014 3537 verba
1037 3482 1188 3537 reddidisse
1211 3485 1365 3550 contentus,

125 3542 171 3606 l⁰0
187 3562 271 3622 tanen
287 3567 372 3623 modo
390 3585 407 3621 a
425 3567 590 3622 'l'heodorici
608 3568 700 3621 mente
723 3582 778 3623 non
802 3567 891 3621 alieno
915 3568 1106 3623 extricandam
1128 3568 1271 3638 proponit:
1302 3571 1368 3633 Quid

124 3646 219 3714 p'‘istrit,
233 3659 255 3708 ti
270 3659 296 3707 iu
313 3659 432 3708 evitanda
448 3659 547 3720 prolixi
564 3659 662 3706 itineris
679 3673 742 3706 curn
760 3659 795 3705 ud
812 3673 857 3707 uos
875 3659 1027 3721 imposuistis
1045 3661 1176 3722 nepotum,
1199 3660 1268 3723 quod
1283 3664 1366 3706 teutu-

125 3731 173 3777 Μ
194 3743 343 3793 eeclesiarum
365 3742 540 3792 sacerdotibus
565 3741 709 3791 absentibus
732 3742 824 3804 suisset
850 3744 1013 3806 suspensum?
1049 3741 1115 3803 Quid
1138 3750 1286 3807 suppeteret
1307 3744 1367 3792 reii-

17 3818 55 3853 Ψ
125 3816 199 3881 Μ.
212 3829 232 3876 o'
247 3834 292 3882 etc.

18 3894 59 3939 =·÷·,'
188 3905 272 3973 'llice
288 3907 397 3963 felicior
413 3909 441 3961 in
459 3908 636 3977 sequentibus
659 3909 701 3962 est
718 3926 782 3962 mss.
800 3908 891 3963 lectio.
928 3910 975 3963 K¹²
987 3909 1005 3962 b
1019 3911 1044 3962 ο9
1062 3914 1123 3978 quid
1139 3919 1265 3963 tantarum
1325 3928 1363 3961 su-

26 3981 54 4012 ‘³”
123 3983 243 4045 'mauu-⁹
259 3998 321 4064 quid
336 3999 465 4062 supererit
482 3993 511 4060 (b
528 3996 639 4062 peteret)
657 3998 776 4063 reliquum
836 3999 961 4062 imperare
973 4000 1135 4048 conuentura?
1153 3995 1181 4061 (b
1194 4000 1218 4048 si
1228 4004 1299 4048 teoto
1312 3999 1366 4047 etei·

11 4072 18 4105 ²
40 4128 45 4135 ,
123 4058 168 4114 ’ἦ
188 4093 228 4130 reu
244 4083 319 4132 detur
334 4084 472 4146 impetrare
490 4082 631 4145 conventu).
666 4078 697 4131 B¹
712 4078 745 4131 Fr
763 4077 911 4133 lectionem
928 4078 1068 4132 reddimus
1081 4079 1255 4147 aliquatenus
1267 4077 1366 4131 tolera·

10 4153 53 4189 π’
122 4130 246 4230 bssiorem,
261 4163 315 4217 nisi
332 4162 407 4231 quod
425 4166 472 4228 Qui
489 4174 614 4217 tertiarum
685 4169 807 4233 quidquid
822 4171 878 4232 spei
895 4171 944 4218 erit
963 4164 1006 4231 (Fd
1025 4170 1087 4233 quid
1100 4167 1216 4231 peterit).

191 4245 353 4316 ⁵⁰)bc⁸seq.
373 4253 435 4318 quid
451 4254 557 4312 desinat,
580 4248 627 4302 Ka
638 4248 670 4301 B'
684 4248 718 4300 F‘l
738 4254 805 4318 quod
822 4254 929 4309 desinet,
953 4251 977 4301 0⁹
997 4255 1064 4317 quod
1081 4253 1204 4304 desinant.
1239 4246 1366 4300 Librario

181 4321 204 4339 '¹
266 4336 309 4390 est
329 4333 450 4405 primam
471 4333 546 4388 vocis
569 4333 709 4401 sequentis
735 4333 858 4387 litteram
884 4333 1039 4403 geminare,
1069 4349 1184 4400 eamque
1212 4331 1367 4401 adjungere

10 4407 40 4439 ’”“
122 4400 292 4473 &hadent

10 4510 44 4528 ''
192 4497 217 4568 ¹¹)
229 4501 274 4558 K¹²
290 4510 434 4574 dictatoque
451 4511 549 4571 nepotis
568 4510 604 4558 ed
619 4511 745 4559 secundae
766 4510 971 4559 concordationis
991 4509 1112 4556 venientis
1135 4508 1245 4571 repetite
1318 4521 1367 4570 pro

10 4576 45 4657 ‘J
123 4575 241 4642 “su'tm
255 4594 390 4645 cauendis
407 4595 508 4644 remotis
530 4596 621 4643 studiis
642 4594 765 4659 aliquibus
787 4596 912 4644 dissentit.
957 4588 988 4640 Β1
1009 4605 1070 4641 cum
1088 4590 1113 4641 0⁹
1132 4585 1293 4653 concordat,
1315 4584 1367 4640 nisi

124 4655 199 4716 ΨΜ
212 4674 320 4729 nemra
336 4674 399 4729 1000
418 4680 558 4732 dissentiat.

14 4749 34 4763 „
194 4749 320 4820 'ittam
336 4759 383 4814 hic
398 4759 431 4812 B¹
450 4759 601 4827 sequimur,
628 4760 679 4813 nisi
703 4760 777 4829 quod
795 4766 878 4829 quiete
948 4765 1050 4816 ciuitati.
1089 4757 1145 4811 Alii
1167 4763 1226 4812 Hoc
1246 4762 1368 4826 petitione

126 4826 211 4887 ”mm
223 4845 344 4900 Romnae
362 4848 494 4910 confertur
511 4844 556 4911 (td
573 4851 692 4913 petitioni
709 4857 811 4900 nostrae
830 4849 861 4901 R.
879 4846 1008 4911 conferre)
1027 4848 1128 4903 ciuitati,
1147 4855 1220 4898 ut
1239 4841 1284 4909 (Fi
1303 4847 1369 4895 detis

10 4921 28 4960 ἶ
126 4910 189 4964 ⁸²³²
202 4932 378 4999 strumosum)
447 4949 553 4985 examen
571 4941 677 4984 uestrum
696 4937 727 4984 de
745 4935 783 4986 iis
799 4950 911 4984 socierum
928 4949 983 4983 esse
995 4933 1128 4995 judicium.

159 5008 297 5069 ‘Furem
311 5034 415 5070 nortus.
429 5034 541 5070 rosms.
560 5019 581 5072 1.
1127 5019 1167 5079 43
