3204 5506
443 353 657 404 raaouaura
680 341 828 402 38-41.
1206 333 1270 404 505

100 514 263 579 stantum
291 509 489 575 venerationi
517 509 670 592 deputata
696 509 866 593 utrumque
895 506 956 571 sibi
981 505 1078 572 licere
1107 504 1269 570 existimat

100 638 156 681 uae
177 613 353 679 voluntatis
375 611 524 694 arbitrio,
552 614 589 675 ut
609 608 826 675 humilitatem
847 609 943 695 sibit)
966 607 1107 674 vindicet
1129 610 1164 674 et
1183 607 1270 673 furo-

124 716 201 802 Etl)
224 715 311 798 ideo,
341 715 459 779 fratres
488 713 659 794 carissimi,
689 710 907 796 supradictos,
942 711 969 776 si
995 710 1169 776 manifesta
1198 732 1268 774 reos

102 819 298 904 conquestio,
322 817 363 881 ab
385 816 533 881 omnibus
555 814 774 900 paroeciarum
790 815 968 879 vestrarum
983 813 1124 878 ecclesiis
1140 815 1268 877 nostrae

100 921 234 1006 cptionis
250 920 442 985 auctoritate
457 918 634 1003 prohibete,
658 919 779 981 utnon
802 914 904 980 solum
926 915 959 999 ii,
983 916 1037 1000 qui
1059 916 1094 980 in
1116 915 1268 999 injuriam

100 1046 184 1088 arum
205 1024 348 1088 locorum
370 1021 554 1107 prosiluisse
571 1018 804 1105 probabuntur,
828 1018 942 1083 merito
959 1020 1195 1102 consequantur
1210 1038 1268 1107 pro

102 1126 150 1191 sui
165 1124 321 1210 qualitate
337 1124 522 1207 vindictam,
547 1146 657 1189 verum
673 1121 771 1187 etiam
786 1120 885 1185 ceteri
902 1143 921 1184 a
935 1120 994 1185 tali
1008 1119 1268 1206 praesumptione

100 1228 132 1294 is
152 1228 247 1293 istius
269 1227 385 1292 timore
407 1228 607 1291 revocentur.

452 1396 733 1501 Fragmentum
760 1396 817 1479 41.

105 1540 224 1603 smutm,
249 1541 292 1605 qui
309 1546 373 1589 metu
391 1538 485 1587 domini
500 1538 540 1587 aui
557 1539 593 1587 ad
610 1538 740 1587 eeclesiam
757 1536 921 1600 confugerat,
944 1542 1004 1600 post
1020 1536 1170 1600 praestitum
1187 1536 1220 1584 de

195 1626 342 1690 impunitate
360 1629 543 1673 samaraentum
560 1623 660 1674 domino
676 1638 722 1672 aua
739 1623 866 1672 reddatur
884 1623 958 1672 etiarn
976 1622 1074 1671 inuitus.

154 1739 339 1805 Gelasius
362 1736 574 1803 Bonifacio
596 1737 793 1822 episcopo.

100 1859 268 1924 iletuentes
295 1858 441 1923 dominos
468 1857 580 1922 famuli
615 1857 642 1922 si
671 1858 711 1922 ad
743 1856 895 1922 ecclesiae
927 1860 1018 1942 septa
1052 1859 1269 1944 confugerint,
1346 1926 1349 1932 ,

100 1963 264 2027 :essionem
286 1961 405 2025 debent
426 1982 578 2045 quaerere
599 1959 873 2042 nonlatebras¹l,
908 1982 949 2024 ne
976 1960 1056 2023 haec
1083 1959 1154 2043 ipsa
1180 1981 1271 2043 prae-

100 2065 142 2129 tio
162 2064 327 2128 tarditatis
348 2063 564 2128 temeritatem
586 2064 704 2147 augeat
725 2061 895 2127 renitendi.
930 2060 1030 2125 Filius
1053 2060 1139 2125 enim
1162 2065 1272 2127 noster

100 2166 257 2251 pectabilis
280 2165 394 2230 Petrus
417 2165 576 2250 queritur,
607 2185 733 2228 servum
755 2163 790 2228 in
811 2164 947 2228 ecelesia
968 2163 1073 2228 sancti
1096 2163 1271 2229 Clementis

100 2291 124 2332 rs
146 2268 352 2351 commorari,
377 2267 426 2332 eui
442 2290 540 2352 quum
555 2267 739 2350 deputasset
762 2268 963 2330 sacramenta
985 2266 1157 2349 praestari,
1180 2264 1272 2330 illum

100 2370 114 2434 li
134 2370 223 2435 nulla
245 2370 370 2434 ratione
392 2369 539 2434 voluisse.
577 2369 622 2434 Et
635 2368 707 2432 ideo
723 2368 894 2453 directus²)
917 2366 1092 2453 supradicti
1115 2367 1210 2433 homo
1232 2368 1271 2433 de

101 2473 165 2537 enti
188 2494 260 2538 cum
283 2493 336 2554 ee,
360 2493 453 2556 quem
476 2471 610 2556 elegeris
633 2492 700 2534 esse
722 2470 931 2554 mittendum,
954 2493 1051 2556 quum
1073 2468 1112 2535 de
1135 2470 1272 2556 impuni-

100 2575 162 2660 ajus
184 2576 386 2640 sacramenta
407 2573 659 2658 praebuerint³),
690 2595 762 2638 eum
790 2573 900 2638 statim
920 2573 1021 2639 facies
1044 2573 1085 2638 ad
1107 2573 1272 2639 dominum

111 2797 200 2864 Quam
222 2796 328 2853 scilieet
348 2812 416 2866 prae
439 2812 467 2849 se
489 2794 546 2848 fert
566 2793 725 2863 supplicans
748 2811 875 2863 quaeque
891 2794 970 2849 illum
989 2795 1080 2862 decet;
1104 2805 1128 2849 et
1149 2801 1272 2862 furorem.

107 2882 206 2954 spirat,
225 2881 273 2952 qui
292 2881 328 2935 ad
346 2878 490 2935 ecclesiam
509 2879 716 2947 confugientem
732 2879 797 2934 inde
815 2880 842 2933 vi
860 2879 1005 2935 abstrahit.

112 2965 264 3037 Sequentia
281 2967 382 3021 desunt
398 2965 427 3017 in
444 2964 489 3018 X¹.
525 2963 632 3019 [bidem
651 2965 669 3018 Z
688 2968 838 3034 probantur.

111 3053 217 3123 Nempe
234 3051 357 3121 majores
375 3049 463 3105 nostri
480 3066 622 3104 sacrarum
640 3049 751 3104 aedium
769 3049 847 3119 asyla
863 3067 919 3106 non
936 3048 1000 3105 ideo
1013 3052 1156 3113 curarunt,
1176 3053 1206 3105 nt
1223 3051 1271 3105 fla·
1286 3049 1339 3120 [ai]

100 3155 137 3192 rm
154 3135 398 3209 patrocinarentur
414 3133 583 3205 impunitati,
601 3134 649 3190 sed
668 3135 699 3187 ut
710 3133 896 3189 innocentiam
908 3134 1042 3190 adversus
1054 3135 1214 3190 violentiam
1231 3137 1273 3190 tu-

101 3241 140 3278 ur.
175 3223 326 3277 Praeterea
343 3219 513 3289 Augustinus
531 3219 610 3290 epist.
632 3225 680 3274 115
698 3218 744 3287 (al.
763 3222 824 3288 230)
843 3219 937 3286 docet,
959 3219 1053 3290 plures
1072 3236 1105 3275 eo
1124 3220 1272 3289 coningere

100 3325 103 3359 i
118 3318 312 3376 exspectantes,
336 3310 459 3375 quarrada
482 3326 530 3374 per
548 3310 754 3359 intercessionem
771 3309 948 3372 episcoporum
964 3325 1012 3359 sua
1029 3311 1132 3375 nepotis
1153 3312 1272 3360 termina-

100 3391 158 3447 hinc
176 3394 204 3448 et
222 3391 301 3462 epist.
322 3397 370 3446 11³
389 3389 527 3445 rationem
548 3389 601 3443 sibi
619 3389 737 3444 Domino
756 3387 928 3444 reddendam
945 3389 1038 3456 timet,
1061 3389 1158 3446 sinon
1176 3394 1274 3461 ageret

102 3481 195 3548 posset
211 3494 263 3548 pro
283 3493 329 3543 eo,
348 3474 395 3543 qui
413 3492 443 3531 se
461 3474 515 3544 ipsi
532 3475 585 3529 hoe
602 3476 686 3544 pacto
698 3475 833 3529 tuendum
846 3473 1088 3545 adjuvandumque
1101 3475 1272 3533 credidisset.

100 3580 131 3616 un
148 3578 215 3618 vero
234 3563 409 3631 compertum
427 3561 563 3627 habebat,
582 3559 649 3629 quid
668 3560 702 3614 de
720 3560 774 3614 illis
792 3559 932 3630 agendum
949 3561 1036 3627 esset,
1055 3560 1103 3630 qui
1119 3560 1275 3631 iniquitatis

100 3646 277 3717 patrocinium
295 3646 323 3700 in
342 3645 462 3700 ecclesiis
480 3646 661 3714 quaerebant.
698 3643 833 3710 Quocirca
853 3645 882 3699 in
900 3645 1054 3716 appendice
1072 3646 1207 3718 epistolae
1224 3655 1275 3705 260

100 3748 116 3786 ;;
142 3744 224 3788 utrum
246 3753 295 3787 non
318 3737 393 3787 etiam
417 3736 449 3785 de
472 3737 581 3786 ecelesia
601 3736 715 3800 pellendi
736 3742 806 3796 eant,
828 3737 874 3800 ,qui
896 3751 926 3786 eo
949 3737 1107 3801 consupiuna
1132 3754 1180 3804 quo
1199 3740 1275 3801 fidem

100 3821 199 3874 soritae
218 3823 355 3888 franpant,
381 3821 521 3883 adjuvante
543 3820 650 3872 Domino
675 3826 699 3871 et
723 3822 748 3871 in
771 3821 876 3871 concilio
899 3828 987 3873 nmiro
1003 3837 1082 3888 apere
1100 3824 1188 3888 cupio,
1211 3832 1236 3874 et
1253 3825 1277 3874 ei

100 3907 183 3966 tuerit,
206 3909 242 3958 ad
263 3908 348 3957 sedern
371 3904 536 3970 apostolieum
553 3905 674 3956 scribere.
711 3901 828 3956 Exstant
850 3902 945 3958 tamen
966 3902 1125 3973 imperiales
1143 3903 1275 3959 constitu-

115 3987 193 4044 annis
212 3994 265 4044 392
280 3988 309 4042 et
332 3992 381 4042 398
400 3985 594 4055 consignatae,
617 3987 717 4064 quibus
739 3985 768 4041 id
791 4004 847 4043 non
869 3987 958 4041 solum
980 3987 1153 4058 permittitur
1175 3988 1225 4044 sed
1246 3990 1276 4044 et

100 4089 121 4126 u
137 4073 165 4142 (1.
180 4080 192 4128 1
207 4075 236 4129 et
253 4079 270 4128 3
288 4070 353 4127 Cod.
373 4071 478 4126 Theod.
496 4070 547 4137 IX,
565 4077 598 4126 te
617 4072 650 4126 cf.
670 4071 776 4127 Socrat.
795 4072 823 4127 h.
842 4090 866 4127 e.
879 4071 930 4140 VI,
948 4079 964 4128 5
982 4072 1042 4129 Soa.
1060 4073 1088 4128 h.
1105 4089 1129 4128 e.
1143 4073 1220 4136 VIII,
1239 4076 1274 4142 7),

108 4159 199 4213 autem
210 4163 261 4213 432
273 4155 446 4211 Theodosius
460 4154 557 4225 junior
573 4155 679 4212 ibidem
696 4157 788 4226 leget>
805 4157 950 4228 praecepit
960 4157 1125 4214 nominatim
1140 4158 1175 4213 de
1186 4174 1276 4226 servo,

100 4258 105 4293 ι
119 4248 174 4310 piae
191 4263 241 4298 una
258 4246 301 4296 die
318 4241 347 4295 in
365 4240 482 4296 eeclesia
498 4246 649 4305 dimittatur,
668 4249 729 4312 quin
746 4248 845 4298 domino
864 4249 921 4310 ejus
939 4249 977 4298 uei
994 4249 1070 4312 cajus
1087 4254 1152 4297 metu
1168 4262 1276 4312 paenam

100 4336 169 4382 ratem
187 4334 254 4382 uirus
271 4339 311 4382 est
328 4333 484 4391 declinasse,
508 4347 525 4379 a
542 4331 642 4381 clericis
665 4348 769 4398 quorum
786 4334 893 4383 interest
910 4334 1052 4392 nuntiarem
1071 4335 1141 4397 itque
1159 4347 1213 4383 eum
1230 4335 1276 4383 im-

100 4416 287 4483 rinduipentia,
311 4417 384 4466 nullia
406 4416 575 4466 residentibus
597 4418 745 4467 iracundiae
763 4419 840 4468 menti
855 4417 982 4482 reliquiis,
1004 4418 1031 4466 in
1047 4417 1167 4468 donarent
1183 4419 1234 4469 lori
1251 4426 1277 4469 et

100 4509 213 4566 cepam,
231 4502 268 4552 ad
284 4501 360 4563 eidus
377 4502 498 4552 auxiliari
515 4503 668 4566 convolarit,
689 4503 806 4556 abducat.
837 4496 969 4553 Similiter
986 4515 1052 4553 mox
1068 4513 1131 4553 eam
1147 4515 1207 4553 rem
1218 4516 1275 4553 mo·

100 4594 124 4635 ae
139 4583 202 4636 sunt
219 4580 319 4651 synodi
335 4581 539 4637 Aurelianensis
555 4582 581 4637 11
599 4588 731 4638 ann.‘5ll
751 4599 773 4637 c.
787 4590 816 4650 3,
833 4583 1002 4653 Epaonensis
1020 4601 1084 4640 ann.
1099 4589 1148 4640 517
1160 4601 1183 4639 a.
1196 4590 1230 4640 39
1247 4585 1276 4640 et

100 4663 212 4721 arensis
228 4665 254 4719 V
272 4682 335 4720 ann.
355 4672 405 4722 ste
423 4685 445 4722 c.
459 4674 499 4722 22.

100 4768 102 4799 ι
117 4751 135 4805 Z
153 4756 266 4806 directus
283 4757 459 4821 supradictus,
477 4754 563 4819 male;
581 4752 661 4822 pejus
679 4755 773 4809 autem
792 4754 867 4810 'I'c¹⁰
884 4759 996 4810 directae
1009 4759 1156 4824 eupradieti
1171 4758 1276 4810 taminia

100 4852 123 4888 re
138 4840 273 4892 mittendos
290 4842 334 4907 qui
350 4857 411 4891 curn.

100 4934 102 4968 Ι
117 4919 136 4975 Ζ
152 4924 310 4990 praebuerit.
346 4921 382 4976 D⁶
396 4925 433 4977 Π1
447 4923 470 4978 T
483 4926 521 4978 0¹⁰
535 4928 715 4992 praebuerint,
738 4922 843 4982 scilieet
859 4925 942 4988 homo
959 4924 1038 4982 Petri
1055 4927 1084 4982 et
1101 4925 1173 4983 alter
1190 4942 1208 4980 a
1224 4924 1276 4981 Bo·
