3204 5506
284 350 346 414 268
734 366 761 410 s.
781 364 914 412 raarcns
938 364 963 410 n
986 364 1099 412 raras

155 527 190 587 (a.
201 529 271 594 490.)
283 514 467 582 orthodoxis
489 506 656 582 ostendere
679 541 737 582 nos
759 518 884 582 debere.
931 517 1183 584 Calchedonensi
1207 517 1352 601 concili0,
1378 519 1454 604 quod
1472 517 1564 579 unl‘

285 620 416 685 versalia
440 620 548 683 sanxit
569 624 602 683 et
625 621 763 684 custodit
785 620 941 702 Ecclesia,
967 619 1130 703 Eutyches
1153 624 1185 684 et
1199 619 1372 686 Dioscorus
1392 643 1451 685 non
1465 618 1562 706 p1'0‘

284 724 402 786 liantur
425 745 493 786 esse
516 722 686 786 damnati?
719 723 772 785 An
796 743 904 784 corum
928 723 1096 806 complices
1120 721 1306 787 Timotheus
1330 725 1421 807 atque
1434 712 1560 788 Petrff

284 825 549 889 instructionibus
571 824 717 907 plurimis
746 824 1010 888 convenientibus
1032 847 1100 891 non
1123 825 1288 908 docentur,
1319 825 1402 890 sicut
1419 825 1448 890 bi
1463 826 1556 910 qu0‘

284 950 354 1010 que,
378 949 457 1010 quos
480 926 567 990 misit
589 930 645 989 tua
668 926 807 1007 dilectio,
830 924 1059 1011 perviderunt?
1091 927 1146 991 An
1161 915 1270 991 eornm
1285 927 1552 992 communionem,

283 1030 470 1113 frequenter
493 1033 525 1092 et
547 1028 736 1112 regulariter
758 1028 1025 1093 interdicentibus
1049 1029 1151 1112 nobis,
1175 1052 1241 1094 non
1264 1032 1315 1095 est
1329 1032 1450 1095 secutus
1462 1030 1552 1095 hoff

286 1131 363 1214 cius,
393 1153 471 1215 quos
499 1131 567 1214 ipsc
597 1131 662 1194 suis
690 1130 832 1214 epistolis
854 1129 1032 1194 haereticos
1062 1131 1186 1195 dixerat
1213 1131 1353 1216 olimque
1374 1132 1548 1201 damnant»
1590 1156 1593 1161 ·

130 1234 420 1305 tlal.·.‘,18.etmale
443 1255 551 1296 rursus
575 1239 749 1311 aedificans,
777 1239 859 1311 qaod
879 1238 952 1296 bene
975 1245 1046 1297 unte
1067 1241 1131 1313 ipse
1152 1240 1356 1313 destruxerat,
1380 1233 1548 1300 secundare
1584 1238 1594 1297 t

283 1335 460 1419 apostolum
488 1336 725 1419 praevaricator
753 1334 927 1418 apparuit?
970 1335 1108 1419 Ideoque
1131 1336 1226 1418 juxta
1253 1336 1420 1419 praefatae
1439 1318 1543 1420 syrrntli
1570 1370 1578 1379 ·

282 1438 444 1500 tramitem
472 1438 587 1501 merito
609 1416 680 1501 'illic
704 1436 875 1500 ‹lannratae
898 1437 1049 1520 perfidiae
1071 1458 1182 1519 parem
1205 1438 1313 1502 cuncti
1340 1437 1462 1503 subiere
1478 1437 1540 1503 rin·

283 1540 412 1621 dictam,
443 1540 495 1623 qui
518 1538 613 1622 hujus
642 1540 825 1603 maluerunt
847 1561 914 1603 esse
937 1540 1126 1623 participes,
1154 1539 1422 1623 quemadmodum
1444 1542 1553 1605 tronti!¹

282 1664 538 1726 unamquamque
566 1640 725 1705 haeresim
754 1642 892 1725 synodus
923 1641 1098 1704 constituta
1130 1645 1262 1705 cunctos
1290 1642 1392 1707 etiam
1412 1642 1554 1726 dejerat

283 1744 402 1807 similes
422 1744 589 1826 pravitatis
606 1743 791 1827 adstringit,
816 1765 856 1807 ne
872 1743 906 1807 in
928 1743 1164 1821 successoribus
1187 1744 1319 1828 omnino
1341 1743 1544 1827 reparanda!

283 1848 377 1927 esset,
400 1846 484 1928 quod
507 1846 541 1909 in
565 1845 747 1909 auctoribus
767 1846 854 1929 juste
877 1848 1077 1908 monstratur
1092 1868 1160 1909 csse
1176 1849 1386 1929 prostratum.
1424 1842 1546 1911 Absolri

284 1949 390 2011 cratem
417 1947 532 2010 Petrus
568 1948 658 2011 nulla
689 1948 814 2011 ratione
842 1947 948 2031 potuit
976 1948 1045 2010 sine
1075 1947 1268 2031 apostolicae
1298 1948 1385 2013 sedis
1413 1969 1549 2033 assensn,
1587 1958 1590 1963 '

282 2072 346 2133 qua
366 2050 473 2113 fuerat
495 2050 669 2113 mandante
692 2048 842 2127 seclusus,
866 2050 949 2112 sicut
971 2048 1009 2111 de
1033 2049 1224 2132 recipiendis
1246 2049 1368 2115 talibus
1389 2050 1594 2117 formave-⁴

282 2157 385 2216 terrun
408 2155 546 2216 testatur
569 2151 761 2215 antistitum.
808 2150 868 2225 Qui
891 2151 989 2214 etiarn
1011 2151 1136 2230 Petrus,
1163 2152 1189 2215 si
1213 2151 1252 2215 de
1273 2151 1426 2237 legitima
1447 2152 1556 2219 naas

284 2254 448 2318 curatione
476 2257 618 2335 sanatuS,
649 2253 688 2315 ad
717 2252 952 2338 indulgentiam
980 2253 1098 2336 suscipi
1126 2253 1266 2337 deberet,
1296 2275 1365 2319 non
1394 2255 1436 2319 ad
1459 2275 1557 2321 sacen

283 2356 361 2419 datii
384 2356 592 2439 dignitatem:
622 2355 676 2438 qui
700 2377 717 2417 a
741 2355 901 2420 damnatis
924 2360 1019 2440 atque
1041 2354 1212 2420 haereticis
1234 2356 1420 2441 institutus,
1453 2354 1560 2423 catho-

275 2442 353 2521 licis
376 2457 522 2540 plebibus
545 2456 634 2520 nulla
657 2460 764 2539 posset
787 2458 910 2521 ratione
933 2459 1098 2542 praeponi.

367 2560 398 2622 4.
444 2559 638 2642 Perspexisti
667 2563 698 2622 ct
726 2560 794 2642 ipsc
822 2560 1000 2643 nobiscum,
1030 2560 1183 2624 salutaria
1212 2581 1281 2624 esse
1304 2582 1390 2644 quae
1412 2561 1569 2631 dicimus..

284 2661 377 2726 Unde
400 2661 497 2724 etiam
519 2663 554 2724 in
576 2661 639 2723 tuis
662 2661 787 2742 litteris,
813 2685 910 2746 quum
933 2663 970 2726 de.
993 2663 1080 2726 beati
1103 2661 1191 2726 Petri
1212 2662 1275 2725 fide
1297 2660 1456 2747 loqueris,
1480 2660 1562 2749 qnod

167 2838 184 2861 ·
285 2786 356 2827 cum
378 2766 447 2827 tota
469 2762 686 2847 gratulatione
709 2763 855 2848 legimus
881 2764 1039 2829 catholica
1060 2767 1168 2828 mente
1191 2764 1342 2847 posuisti:
1370 2777 1401 2829 et
1421 2772 1479 2846 qni
1497 2780 1569 2833 cu·

284 2887 318 2930 eo
340 2873 417 2930 sicat
438 2886 490 2930 aas
511 2866 704 2951 credimasb,
733 2887 864 2930 consona
894 2889 965 2931 aare
985 2874 1153 2945 clericales
1175 2873 1314 2946 dispersa
1336 2872 1492 2946 calliam
1510 2886 1562 2934 ro·

287 2976 409 3032 leemas.
455 2966 578 3042 Quaero
600 2967 710 3053 igitur,
741 2990 898 3052 quaenam
925 2968 981 3032 illa
1010 2969 1076 3032 sint
1103 2968 1154 3032 vel
1175 2991 1238 3052 qua
1260 2989 1371 3032 rerum
1393 2968 1563 3053 perturb·-

284 3070 372 3134 tione
400 3069 562 3149 dispersa?
605 3069 674 3133 Nec
703 3070 766 3134 alia
795 3093 881 3135 nunc
910 3092 1039 3153 prorsus
1067 3074 1255 3152 occurrunt,
1293 3069 1360 3135 nisi
1390 3093 1479 3156 quae
1506 3092 1572 3158 pce·

284 3171 508 3256 Eutychianae
537 3172 637 3255 pestis
671 3172 812 3253 ejusdem
843 3173 1026 3257 sequacium
1053 3177 1129 3237 sunt
1161 3172 1346 3256 excogitata
1381 3173 1570 3247 vesaniam...

284 3273 421 3338 Dilectio
450 3296 522 3338 vero
550 3278 606 3337 tua
635 3296 764 3357 operam
787 3275 840 3338 det
862 3275 1038 3357 nobiscum,
1069 3277 1225 3358 quatenus
1247 3273 1388 3358 possint,
1417 3298 1505 3361 quse
1529 3279 1561 3343 b

132 3390 192 3444 Gal.
201 3396 272 3456 nra.
284 3398 408 3460 quoque
430 3377 556 3440 fatente
580 3383 717 3457 dispersa
745 3380 831 3460 sunt,
860 3376 978 3461 colligi.
1024 3376 1111 3440 Voce
1134 3378 1206 3439 utor
1229 3375 1385 3459 apostoli:
1434 3381 1571 3459 Obscen-

285 3500 344 3555 sos,
376 3484 452 3542 nidd
480 3501 525 3541 mc
552 3486 689 3543 laesistis.
741 3477 814 3541 Non
843 3477 903 3542 hoc
932 3478 1018 3542 velut
1045 3478 1234 3562 imperiosus
1262 3477 1409 3563 impono,
1444 3480 1502 3546 sed
1525 3480 1560 3545 ut

286 3579 514 3644 conscientiam
543 3602 646 3643 meam
684 3580 911 3644 convenienter
945 3580 1127 3664 expediam,
1172 3600 1213 3643 ne
1247 3580 1442 3647 commissae
1473 3578 1571 3647 vobi?

285 3681 438 3745 divinitus
466 3681 673 3746 rationabiles
701 3704 775 3746 oves
802 3704 866 3746 non
897 3683 966 3745 sine
994 3686 1099 3745 vestro
1128 3681 1322 3764 discrimine,
1354 3683 1443 3766 quod
1466 3682 1569 3767 absit,

284 3783 388 3866 perire
411 3784 569 3863 sinantur,
600 3784 758 3848 exhortor.
804 3783 952 3868 Cogitate
975 3783 1068 3846 simul
1091 3804 1211 3866 omnes,
1239 3783 1294 3867 qui
1316 3783 1488 3869 dignitate
1507 3806 1561 3871 pse

285 3884 395 3948 storali
419 3885 607 3948 censemini:
631 3908 688 3968 pro
711 3885 895 3950 Christiana
918 3886 989 3966 tide,
1014 3907 1095 3969 quae
1117 3888 1195 3948 tunc
1218 3887 1267 3948 est
1288 3883 1414 3951 Christi
1437 3887 1468 3951 si
1488 3874 1561 3953 reth

285 3991 348 4062 cst,
384 3991 417 4050 et
444 3988 613 4051 vivendum
642 3987 734 4050 nobis
768 3992 814 4069 ct,
851 3988 877 4050 si
905 3987 1098 4070 oportuerit,
1132 3988 1360 4050 sacrosanctas
1392 3988 1577 4077 religioni¹

285 4110 391 4152 amore
418 4090 626 4152 moriendum.
679 4088 870 4172 Perpendite
899 4089 1008 4173 igitur.
1033 4089 1133 4172 ipsius
1162 4089 1246 4152 vitae
1274 4110 1406 4173 semper
1435 4094 1577 4177 tempu·

284 4190 452 4272 incertum,
488 4213 528 4254 ne
551 4195 683 4275 repente
706 4192 791 4274 rapti
814 4192 853 4253 ad
882 4191 1075 4275 cognitionis
1098 4189 1184 4253 illius
1206 4189 1435 4283 formidandae
1457 4191 1574 4258 naha·

284 4315 355 4355 mur
377 4314 521 4355 examen.
1231 4288 1235 4296 ¹

368 4395 398 4458 5.
444 4392 538 4457 Unde
573 4396 762 4478 propensius
795 4398 959 4479 tamquam
992 4398 1195 4478 praesentem
1227 4393 1442 4462 dilectionem
1474 4402 1580 4464 Μ’

352 4666 373 4730 ⁸)
391 4665 443 4718 Hic
460 4665 609 4734 legendum
627 4674 752 4721 credimus
769 4666 868 4721 suadet
886 4667 1056 4736 subsequens
1079 4667 1194 4720 verbum
1212 4673 1350 4722 soleamne.
1388 4667 1454 4725 Hoc
1471 4671 1563 4725 aum
1591 4664 1594 4729 ἶ

284 4748 415 4803 mendum
432 4749 574 4819 irrepsisse
592 4752 702 4806 sidet-ur
719 4753 823 4806 incauti
839 4752 1000 4821 interpretis
1013 4750 1095 4817 vitia,
1113 4750 1160 4819 qui
1177 4748 1257 4814 roric
1274 4748 1520 4818 πιστεὸοντας
1535 4752 1564 4809 in
1592 4796 1594 4801 .

284 4832 409 4887 Flaritae
428 4834 546 4903 epistola
568 4836 664 4904 legens
688 4854 742 4891 non
761 4837 893 4904 advortit,
910 4836 954 4889 hic
976 4837 1062 4890 latino
1081 4835 1260 4901 reddendum,
1273 4843 1319 4906 qm·
1336 4844 1478 4907 mrim,
1502 4855 1564 4905 noo.
1578 4854 1594 4887 ι

246 4965 249 4970 .
285 4920 316 4971 ut
333 4916 462 4972 usitatius
480 4919 562 4986 solet,
582 4927 625 4990 qai
641 4928 755 4977 credaut.
