3204 5506
584 329 852 389 nr1sronsn59.
878 286 932 389 toi
1167 375 1173 393 .
1330 321 1390 387 851

121 513 288 577 speramus
317 496 350 557 et
376 493 477 576 ipsius
505 493 644 558 civitatis
673 494 858 577 episcopum
880 492 997 557 similia
1019 491 1137 556 facere.
1182 490 1272 567 Quod
1293 492 1320 556 si
1342 493 1390 557 fa·
1403 499 1440 566 (a.
1451 499 1520 567 519.)

121 597 211 659 ctum
232 594 345 678 fuerit,
370 595 445 659 data
467 595 634 660 occasione
656 595 877 660 rescribemus.

207 697 239 762 3.
274 695 420 781 Scampis
441 697 567 782 nohis⁸)
595 697 725 782 positis,
760 695 834 782 post
860 697 974 762 missas
1001 697 1081 761 hora
1110 697 1293 761 coenatoria
1321 696 1389 762 Ste-

119 798 250 883 phanus
280 802 313 863 et
333 797 487 864 Leontius
509 822 559 863 vv.
582 821 624 863 ss.
654 799 694 863 ab
722 800 913 884 imperatore
942 798 1030 863 missi
1053 798 1087 863 in
1110 820 1275 863 occursum
1297 800 1390 864 nobis

121 905 292 985 venenmt,
317 900 420 965 adhue
442 902 623 966 nescientes
638 923 697 965 nos
714 901 749 965 in
770 902 916 986 partibus
933 900 1139 966 Graeciarum
1161 901 1292 987 positos,
1316 902 1391 987 quia

120 1000 202 1066 talia
224 1003 377 1068 mandata
404 1004 536 1069 fuerunt
564 1003 672 1068 comiti
702 1002 866 1087 Stephano
889 1004 982 1087 data,
1011 1007 1048 1068 ut
1075 1002 1116 1068 ad
1142 1006 1250 1088 partes
1276 1003 1391 1069 Italiae

120 1105 302 1170 transirent
333 1105 368 1169 in
401 1128 568 1171 occursum
600 1109 756 1170 nostrum.
802 1105 878 1191 (Est
910 1104 1092 1190 Stephanus
1125 1105 1202 1189 iste,
1235 1105 1391 1192 quomodo

122 1206 258 1291 dicitur,
287 1208 324 1272 de
352 1207 519 1291 parentela
547 1208 605 1272 filii
633 1208 732 1273 vestri
759 1208 908 1293 magistri
938 1207 1077 1272 militum
1099 1206 1283 1294 Vitaliani.)
1330 1207 1390 1284 Qui

121 1309 217 1374 nobis
239 1310 471 1374 nuntiaverunt
491 1310 667 1375 Patricium
693 1313 874 1376 senatorem
895 1310 1110 1395 proscriptum
1133 1312 1166 1373 et
1187 1309 1222 1374 in
1244 1310 1391 1397 exsilium

122 1412 267 1476 missum.
312 1411 375 1475 Pro
402 1434 465 1497 qna
491 1415 601 1478 tamen
630 1435 740 1495 cansa,
770 1412 833 1477 nisi
861 1413 1016 1496 quomodo
1044 1411 1085 1475 ad
1112 1433 1170 1475 nos
1197 1413 1390 1496 pervenerit,

121 1535 188 1578 non
211 1535 378 1598 possumus
401 1513 516 1597 dicere,
540 1515 614 1599 quia
629 1538 695 1580 non
711 1519 759 1580 est
775 1515 813 1579 de
828 1513 947 1579 talibus
969 1515 1064 1579 rebus
1086 1513 1181 1578 facile
1203 1513 1389 1580 deliberare.

121 1615 252 1680 Dicitur
273 1619 399 1698 tamen,
429 1619 462 1680 et
491 1617 745 1702 apocrisiariosl)
768 1615 1065 1682 Thessalonicensis
1096 1615 1249 1681 ccclesiae
1276 1617 1391 1702 teneri,

121 1718 209 1803 apud
231 1740 308 1802 quos
331 1718 481 1782 dicuntur
503 1722 536 1782 et
558 1719 709 1802 epistolas
732 1719 897 1802 inventas3
918 1740 977 1802 pro
1000 1741 1062 1803 qua
1085 1740 1191 1803 causa,
1215 1721 1392 1784 nescimus:

123 1841 198 1884 cum
219 1819 298 1904 ipsis
320 1817 598 1884 et‘Philumenum
622 1825 653 1885 et
675 1820 874 1884 Demetrium
896 1820 1143 1906 magistrianum
1166 1823 1198 1884 et
1220 1820 1300 1886 alias
1322 1844 1393 1908 per·

122 1943 230 2005 sonas,
254 1944 388 2006 quarum
411 1922 543 1986 nomina
565 1924 761 2008 ignoramus.
792 1922 860 1986 Ista
881 1925 967 2005 sunt,
991 1921 1147 2005 quomodo
1162 1921 1388 2006 praediximus

122 2045 206 2108 quac
229 2023 415 2088 audivimus.
460 2024 508 2087 De
537 2047 633 2089 causa
660 2028 769 2089 tamen
797 2022 1015 2089 ecclesiastica
1038 2045 1110 2087 cum
1132 2021 1193 2086 Dei
1215 2024 1390 2089 misericor-

122 2126 178 2189 dia
199 2148 352 2210 prospera
373 2126 575 2190 nuntiantur.
607 2126 788 2192 cosmatem
809 2130 918 2190 tamen
939 2124 1108 2207 medicum,
1132 2146 1190 2207 pro
1212 2146 1275 2208 qua
1298 2149 1393 2190 causa

122 2227 159 2290 in
181 2227 310 2291 ltaliam
333 2229 437 2310 venit,
467 2228 596 2311 penitus
623 2228 804 2313 intelligere
831 2250 897 2292 non
920 2227 1097 2311 potuimus,
1127 2224 1190 2290 nisi
1212 2225 1289 2312 hoc,
1318 2228 1393 2312 quia

121 2329 252 2393 fortiter
274 2330 446 2414 quaeritur.
492 2328 541 2394 De
563 2351 625 2413 quo
648 2330 770 2395 debetis
793 2352 861 2394 esse
884 2328 1024 2411 solliciti,
1047 2331 1084 2392 nt
1105 2328 1225 2412 sciatis,
1249 2351 1307 2413 pro
1329 2352 1392 2415 qua

123 2452 222 2496 causa
245 2430 363 2495 ibidem
385 2431 484 2495 venit.

627 2618 808 2722 Epistola
835 2620 883 2703 60

734 2771 782 2808 seu

292 2866 406 2923 'Partis
428 2866 602 2936 suggestio
623 2868 815 2933 legatorum
836 2880 941 2934 supra
962 2864 1223 2922 nominatorum.
1407 2869 1432 2906 a·
1444 2857 1493 2907 ⁶¹9
1505 2850 1531 2905 d·

1416 2920 1524 2974 tMart.
1581 2951 1584 2958 .

216 2997 302 3047 Etiam
319 2999 425 3062 Lipnidi
441 2999 523 3048 omnia
539 2998 673 3047 secundum
692 2998 846 3047 Hormiadac
864 2999 1006 3046 scandatum
1024 3003 1082 3045 acta
1101 3011 1156 3045 esse
1175 2997 1299 3049 nunnoni.

210 3128 250 3193 In
279 3129 343 3193 alia
371 3129 506 3213 epistola
534 3128 786 3213 significavimus
796 3130 820 3214 ¹)
848 3128 1041 3193 beatitudini
1070 3130 1194 3192 vestrae
1217 3128 1255 3192 de
1285 3127 1390 3193 Scam-
1404 3147 1498 3210 apsa.

124 3232 205 3316 pina
239 3232 368 3296 civitate
401 3231 440 3295 de
472 3230 645 3295 venerabili
679 3230 775 3313 Trojo
810 3231 974 3316 episcopo:
1012 3251 1073 3314 quo
1107 3229 1217 3293 ordine
1249 3230 1393 3295 libellum

124 3332 231 3416 dedit,
261 3337 294 3397 et
321 3333 424 3418 qualis
451 3333 610 3397 festivitas
639 3335 688 3396 est
714 3332 874 3397 celebrata
896 3333 931 3397 in
953 3333 1023 3416 ipsa
1046 3332 1185 3395 civitate.
1231 3331 1309 3397 (lum
1331 3333 1393 3398 Dei

123 3435 343 3500 misericordia
365 3437 510 3499 venimus
533 3434 606 3520 ad²)
630 3434 812 3520 lignidum.
839 3434 1049 3498 Theodoritus
1072 3434 1239 3517 episcopus
1261 3457 1391 3500 venera·

119 3707 269 3763 intellectu
291 3709 364 3762 infra
386 3707 548 3777 subjiciunt:
579 3714 628 3761 atri
649 3713 771 3778 qrromodo
789 3712 825 3760 ad
842 3726 887 3761 nos
903 3713 1062 3775 pervenerit,
1082 3727 1132 3761 non
1148 3724 1280 3775 possamus
1297 3713 1391 3762 dicere.

122 3792 220 3858 Quare
238 3793 271 3847 G¹
291 3793 386 3848 stricte
404 3793 482 3860 sequi
501 3791 588 3846 satius
606 3792 739 3846 duximus.

196 3880 216 3946 ⁸)
235 3877 268 3931 G¹
282 3881 309 3932 a¹
327 3898 373 3932 nos
383 3885 493 3946 positos.
513 3876 587 3944 quod
606 3894 668 3931 cum
685 3878 752 3931 bcc
769 3876 805 3931 ad
823 3875 1023 3945 grammaticae
1035 3876 1112 3945 leges
1124 3877 1298 3931 correximus.
1328 3878 1393 3933 Mox

120 3963 195 4018 bec
213 3984 250 4020 uo.
268 3983 304 4017 cc.
324 3965 385 4038 (pro
403 3985 439 4017 uo.
457 3983 504 4029 aa,
521 3961 574 4015 ie.
594 3968 643 4016 oiri
659 3964 783 4028 sublimes)
845 3966 972 4016 Hlnobis.
1009 3960 1144 4015 Patricius
1161 3960 1206 4015 hic
1224 3964 1393 4017 memoratus
1449 4028 1454 4036 .

118 4049 147 4102 is
160 4046 282 4109 ridetur,
301 4048 337 4102 ad
355 4064 437 4115 quem
453 4045 542 4113 legati
554 4046 724 4115 superiorem
736 4046 883 4115 epistolam
895 4053 928 4100 54
940 4046 1110 4100 deferebant.
1142 4046 1173 4099 In
1185 4063 1287 4101 arcana
1300 4048 1393 4102 autam

119 4131 257 4202 Procopii
274 4131 390 4186 historia
408 4150 468 4201 cap.
488 4138 519 4184 17
538 4136 661 4185 Leontius
678 4130 882 4185 referendarius
899 4132 1076 4185 memoratur.

195 4219 217 4285 ⁹)
236 4217 257 4272 G
272 4220 298 4271 a¹
317 4224 492 4287 apocrisarius
510 4216 557 4284 (G³
575 4217 769 4284 apocrisiarios)
843 4222 914 4284 apud
930 4237 992 4286 quos
1009 4222 1127 4270 dicuntur
1145 4226 1177 4270 et.
1213 4216 1278 4269 Mox
1296 4216 1329 4270 G'
1350 4220 1393 4269 Fi-

119 4308 240 4358 leoniana.

120 4395 160 4443 60
196 4390 215 4455 ¹)
234 4387 268 4442 G¹
282 4391 309 4442 αἱ
327 4393 505 4456 sipnificomus,
524 4387 590 4441 bcc
607 4392 813 4455 sipuificavimua;
830 4386 875 4440 hic
891 4384 1030 4440 indicatur
1048 4385 1174 4456 superior
1191 4385 1309 4455 epistola
1327 4392 1367 4442 59.

195 4473 216 4540 ²)
235 4471 303 4539 Seu,
321 4474 352 4526 ut
370 4472 430 4526 ahis
448 4472 538 4541 magis
555 4472 649 4542 placet
667 4476 829 4540 Lychnidum.
859 4472 900 4524 Re
918 4471 979 4541 ipsa
997 4470 1069 4525 inter
1086 4469 1303 4539 subscriptiones
1315 4488 1394 4540 ency-

121 4555 259 4613 clicarum
282 4557 317 4611 ad
339 4558 460 4612 Leonem
483 4559 598 4627 August.
624 4556 719 4610 concil.
743 4555 910 4609 Calchedon.
933 4556 1005 4624 part.
1025 4563 1040 4609 3
1064 4573 1086 4609 c.
1107 4563 1139 4610 39
1162 4555 1259 4623 (Hard.
1277 4556 1315 4622 H,
1334 4558 1394 4624 161)

119 4641 230 4712 legitur
248 4648 374 4696 Antonius
393 4644 449 4709 (scu
468 4642 619 4696 secundum
631 4641 772 4710 exemplar
785 4640 953 4710 Corbejensc
966 4643 1119 4709 Antoninus)
1138 4647 1272 4709 episcopus
1283 4645 1394 4710 Lychni-

121 4733 192 4785 dr'as.
219 4727 323 4782 Verum
342 4728 416 4796 apud
433 4727 569 4782 Hilarium
587 4727 687 4795 fragm.
707 4733 721 4778 ‘2
740 4745 765 4780 n.
782 4731 813 4779 15
830 4725 904 4779 inter
921 4725 1137 4795 subscriptiones
1149 4723 1319 4779 sardicensis
1332 4741 1395 4779 con·

123 4812 183 4869 cilii
200 4813 304 4881 legitur
317 4818 454 4881 Dionysius
472 4817 503 4866 ab
516 4818 616 4867 Achaia
634 4818 665 4865 de
685 4817 830 4880 Lipucdon,
850 4812 879 4864 et
896 4827 981 4880 supra
998 4809 1116 4864 vidimus
1135 4810 1282 4880 epistolam
1295 4817 1310 4864 3
1322 4811 1395 4865 Ana·

123 4898 205 4955 slusii
224 4898 250 4950 ll
271 4898 420 4953 Laurentio
444 4904 475 4952 cle
494 4903 603 4967 hipnr‘do
627 4900 693 4965 (non
717 4903 748 4952 de
773 4898 916 4966 Lychnido)
938 4894 1110 4966 inscriptam.
1150 4895 1300 4950 Laurentio
1323 4894 1395 4962 huic,

1125 4982 1192 5046 54*
