3204 5506
501 353 673 404 nrisronn
696 342 747 403 40.
1186 334 1247 404 821

100 505 331 590 auderemus,
362 504 581 593 ἡύπερηφά-
633 507 844 573 stabilitatem
875 507 950 573 fidei
982 509 1156 595 custodire,
1196 511 1348 576 itenere.

101 613 150 673 aiv
182 611 375 694 μισούντων
409 626 446 674 σε
478 606 581 695 ἀνέβη
632 632 699 675 non
736 610 886 674 convenit
921 610 960 675 de
997 611 1097 676 divini
1129 612 1242 696 judieii

100 707 157 787 τδς
184 708 269 793 πρδς
296 710 370 776 σε’.“
424 711 491 775 Καὶ
516 710 581 796 γάρ
633 713 794 798 aequitate
817 712 971 778 diffidere.

112 810 174 896 χρὴ
197 809 282 897 ἡμᾶς
302 809 340 877 sd
364 811 500 896 ἑδραῖον
523 820 582 899 τῆς

100 938 116 990 ς
151 914 345 997 φυλάττειν,
379 912 485 992 οὕτως
521 913 583 1001 οὐχ

100 1041 107 1080 ι
129 1016 279 1101 περὶτῆς
294 1015 512 1102 δικαιοσύνης
525 1023 584 1103 τῆς

100 1120 232 1200 ιρίσεως
253 1116 418 1184 ἀπιστεῖν.

100 1218 143 1284 ύκ
159 1223 229 1285 ἔστι
245 1221 330 1304 νέος,
354 1218 506 1306 ἀδελφοί,
525 1226 583 1308 τῆς
676 1223 706 1286 2.
729 1221 804 1287 Non
826 1243 927 1286 novus
943 1221 1007 1305 hio,
1031 1221 1159 1305 fratres,
1182 1221 1242 1287 Ευ-

100 1325 152 1399 ίας
179 1313 278 1399 οὗτος
306 1319 462 1400 ὁκόπος·
494 1322 582 1408 ὅμως
633 1325 748 1390 etesiae
769 1324 875 1407 labor,
903 1327 936 1389 et
956 1327 1066 1388 tamen
1088 1323 1163 1388 dum
1184 1323 1242 1389 hu·

100 1428 184 1510 ῦτῷ
200 1430 445 1490 ταπεινοῦσθαι
468 1422 581 1504 ὑψοῦ·
632 1427 784 1509 miliatur,
809 1426 953 1512 erigitur,
977 1448 1015 1491 ae
1030 1448 1151 1512 peres,
1174 1427 1241 1512 qui-

100 1528 116 1592 a
131 1525 174 1592 δι’
190 1528 343 1610 ἐκείνων,
367 1524 407 1591 δι’
426 1518 475 1593 οἷν
491 1551 579 1593 πτω-
632 1530 691 1593 bus
714 1529 843 1615 auerte)
873 1528 1027 1612 creditur,
1056 1528 1173 1592 damna
1196 1529 1240 1594 di-

111 1630 220 1712 δοκεῑ,
258 1632 476 1708 πλουτίζεται.
526 1629 580 1696 Ἐν
631 1635 728 1696 tatur.
773 1630 823 1695 Ex
845 1652 903 1695 usu
927 1632 975 1695 est
999 1629 1146 1694 fidelibus
1168 1629 1239 1714 Dei,

100 1730 164 1797 ἔστί
185 1741 255 1807 τοῖς
268 1742 398 1808 πιστοῖς
412 1736 473 1797 τοῦ
490 1737 579 1798 Θεοῦ
630 1737 667 1797 ut
704 1755 761 1818 per
799 1719 917 1797 mortes
955 1753 1122 1816 corporum
1158 1732 1240 1796 vitas

107 1837 168 1898 τοῦ
190 1832 343 1898 θανάτου
374 1838 442 1898 τῶν
465 1836 579 1921 σωμά-
629 1835 794 1901 lucrentur
843 1835 1037 1900 animarum:
1086 1835 1240 1899 amittunt

100 1934 132 2022 tv
166 1932 251 2020 ζωὴν
284 1935 476 2018 κερδαίνειν
509 1943 578 2003 τάν
629 1936 756 2022 quidem
790 1938 924 2020 caduca,
970 1936 1026 2001 sed
1055 1938 1240 2001 mercantur

100 2059 103 2072 ’
148 2035 397 2120 ἀποβάλλονται
438 2037 501 2122 μὲν
536 2037 577 2104 τά
629 2043 778 2123 aeterna,
802 2042 835 2104 et
856 2039 932 2104 dum
953 2039 1132 2124 persecutio
1154 2039 1239 2102 viam

100 2189 105 2220 ,
144 2136 220 2204 ἀλλ’
258 2140 503 2226 ἐμπορεύονται
536 2139 577 2206 τά
627 2142 707 2206 fauit
734 2141 932 2227 probationi,
967 2140 1115 2226 probatio
1143 2162 1238 2205 causa

100 2291 105 2322 ,
136 2242 193 2306 καί
217 2242 255 2307 ἐν
277 2239 405 2328 τῷτδν
428 2241 577 2326 διωγμὸν
628 2244 666 2307 fit
686 2244 809 2308 meriti:
832 2242 954 2329 stultia
996 2243 1067 2308 tin
1083 2244 1238 2308 caecitate

100 2354 140 2409 tv
162 2348 202 2429 τῇ
225 2344 357 2428 δοκιμῇ,
381 2345 469 2408 αἰτία
484 2350 577 2427 γίνε-
628 2347 807 2410 saevientes
844 2346 1008 2428 nesciunt,
1046 2346 1121 2430 quia
1159 2367 1237 2431 quos

122 2443 216 2523 ἀξίας
236 2443 257 2530 ἡ
280 2446 415 2531 δοκιμή·
440 2442 577 2531 ἀνόητοι
630 2448 864 2513 conversationi
906 2446 1071 2512 hominum
1113 2449 1237 2512 subtra-

119 2551 159 2633 τῇ
181 2547 353 2632 τυφλιόσει
380 2549 577 2634 μαινόμενοι
628 2550 703 2615 here
731 2573 765 2615 se
792 2571 885 2636 posse
919 2550 1068 2633 eredunt,
1104 2549 1143 2614 ad
1176 2549 1237 2615 Dei

100 2666 168 2733 σιν,
196 2647 248 2714 ὅτι
275 2646 335 2727 οὓς
363 2651 400 2716 ἐκ
429 2656 487 2735 τῆς
508 2656 577 2716 τοῖν
628 2675 730 2738 regna
757 2653 946 2737 perducunt.
992 2650 1080 2716 Hine
1101 2652 1135 2716 in
1158 2653 1237 2736 ipsis

100 2773 161 2816 ιωυ
188 2749 404 2837 ἀναστροφῆς
425 2757 576 2837 χωρίζειν
627 2755 777 2838 perieulis
799 2755 918 2840 gaudia
950 2757 983 2818 et
1004 2755 1142 2818 ambitus
1164 2777 1236 2839 pas-

101 2879 137 2919 αι
160 2858 342 2939 νομίζουσι,
365 2855 507 2933 τούτους
529 2858 576 2934 είς
626 2858 767 2922 sionum:
791 2857 989 2941 exspectat7)
1013 2856 1099 2921 enim
1116 2878 1235 2942 agones

100 2960 225 3022 σιλείαν
247 2954 369 3040 dyonea
391 2962 452 3022 τοῦ
472 2962 573 3024 Θεοῦ.
626 2982 770 3043 snorum,
802 2960 856 3044 qui
882 2980 1075 3044 magnorum
1102 2959 1235 3023 retribu-

100 3084 140 3125 ἐν
164 3060 202 3125 ἐν
230 3056 344 3136 αὐτοῖς
365 3070 434 3136 τοῖς
456 3060 575 3125 κινδύ-
625 3065 677 3126 tor
699 3064 748 3126 est
769 3082 947 3126 munerum.
983 3060 1068 3125 Nam
1084 3061 1153 3145 quis
1169 3083 1234 3126 non

109 3159 321 3245 εὐφροσύναι
336 3162 392 3226 καὶ
407 3158 427 3246 ἡ
444 3163 521 3247 περὶ
536 3161 574 3228 τὸ
625 3164 830 3249 frangeretur
860 3162 969 3246 malis,
999 3161 1062 3226 nisi
1093 3163 1234 3228 consola-

100 3264 267 3348 νοπουδή·
290 3265 493 3347 ἐκδέχεταιῚ)
508 3261 573 3347 μάρ
624 3269 736 3330 rentur
759 3265 890 3330 adversa
905 3266 943 3329 de
958 3264 1132 3348 praemiis?
1155 3264 1233 3349 Spes

100 3371 206 3443 νώνας
232 3370 301 3431 τοῖν
329 3367 426 3431 ἰδίων
460 3363 478 3431 ὀ
505 3371 574 3431 τῶν
624 3367 680 3432 illa
709 3371 773 3451 est,
807 3389 888 3451 quae
915 3386 981 3430 non
1009 3365 1087 3430 sinit
1118 3367 1154 3431 in
1182 3368 1234 3432 de·

100 3494 119 3533 ν
156 3470 294 3553 δωρεῶν
334 3466 572 3552 ἀνταποδότης.
624 3470 805 3554 speratione
833 3469 982 3533 deficere:
1020 3467 1160 3533 excludit
1192 3471 1232 3534 si-

100 3599 105 3632 ι
120 3568 184 3637 οάκ
200 3570 242 3636 ἀν
258 3569 433 3636 ὀκλάσειεν
449 3571 487 3635 ἐν
504 3581 573 3647 τοῖς
624 3572 750 3656 quidem
779 3569 1025 3634 amaritudinem
1053 3571 1232 3636 tribulatio-

125 3675 156 3738 εί
176 3671 220 3757 μὴ
243 3670 298 3737 διά
320 3677 389 3737 τῶν
412 3672 572 3737 ἐπάθλων
622 3695 701 3738 num
743 3673 861 3759 duloi⁸)
910 3693 1023 3756 sapore
1065 3673 1230 3739 virtutum.
1262 3741 1269 3756 ‚

101 3772 571 3859 θηθείητάίναντία;Ἐκείνη
623 3773 700 3851 Quis
730 3775 815 3839 enim
847 3773 960 3858 magni
992 3773 1112 3839 habeat
1141 3798 1231 3859 prae-

123 3877 216 3954 ἐίπίς
238 3875 258 3962 ἡ
280 3874 323 3962 μή
347 3881 572 3960 συγχωροῦσα
624 3877 738 3961 sentia,
763 3877 867 3941 sciens
890 3876 1057 3940 aestimare
1073 3879 1232 3942 ventura?

100 3977 284 4066 turbatorias
314 3977 398 4063 ἡμᾶς
420 3977 569 4043 ἀτονείν·
623 3978 700 4056 Quis
728 3979 894 4064 dispendia
926 3978 1011 4043 vitae
1038 3983 1168 4064 renuat,
1203 3981 1231 4044 si

100 4085 133 4147 ἵει
147 4086 216 4147 τῶν
227 4085 381 4160 θλίψεων
396 4078 433 4146 τδ
449 4081 572 4164 πικρδν
623 4103 704 4166 quae
726 4084 802 4146 sunt
823 4079 1005 4166 recipienda
1028 4081 1231 4146 considerat?

100 4195 150 4248 eta
182 4188 298 4266 γεῦσις
329 4188 398 4249 τοῖν
430 4181 570 4267 ἀρετῶν.

100 4280 267 4301 -Δ-

100 4321 164 4374 aG¹
178 4320 204 4374 b.
245 4322 283 4375 At
306 4323 332 4375 a'
356 4325 444 4382 alteri,
468 4336 503 4374 eo
523 4339 573 4388 μιν
595 4341 659 4390 quae
682 4326 859 4390 depauperare·
880 4320 1230 4389 crediturditalur1qnod
1327 4350 1330 4357 ·

100 4421 179 4460 neum
197 4406 240 4460 est
257 4421 366 4475 graeco.
404 4411 506 4459 οἰκείαν
524 4404 609 4459 etiam
628 4403 675 4472 (3³,
693 4412 804 4460 vitantur
823 4405 866 4460 G'.
903 4476 905 4480 Ι

100 4508 129 4545 ux
145 4497 222 4554 stulti,
241 4491 269 4544 in
288 4490 321 4545 G¹
336 4489 371 4545 G³
384 4491 409 4544 a¹
430 4489 539 4558 omissa,
557 4507 591 4545 ex
608 4490 669 4545 aliis
686 4491 842 4546 revocatur.

100 4592 111 4630 ι
132 4576 240 4645 antiqui
261 4576 376 4645 pingere
403 4576 494 4631 solent
516 4576 633 4630 verbum
649 4586 761 4645 spectat,
786 4576 861 4646 quod
884 4576 960 4647 apud
977 4573 1128 4630 Batonium
1150 4591 1228 4630 more

100 4662 306 4731 praesentatur.
341 4659 429 4715 Verbi
449 4661 531 4730 hujus
549 4660 734 4732 ambiguitate
753 4661 1024 4732 delusnainterpres
1046 4677 1146 4730 graeca
1165 4677 1228 4716 con·
1320 4658 1321 4662 ’

100 4746 211 4817 δέχεται
229 4748 343 4817 praeter
359 4746 483 4801 mentem
501 4746 677 4813 Hormisdou,
696 4747 724 4802 et
741 4763 775 4802 ex
791 4747 845 4801 hoo
862 4763 963 4816 graeco
983 4764 1018 4801 ee
1034 4751 1149 4814 suscipit.

100 4849 110 4886 ι
133 4831 166 4886 (ὶῑ
181 4832 224 4885 G³.
266 4830 320 4886 Sed
343 4848 459 4901 graecus
482 4831 620 4901 interpres
642 4832 711 4902 legit
733 4838 813 4887 dulas
835 4843 927 4901 sapor,
958 4832 1033 4900 quod
1058 4829 1137 4886 etin
1159 4830 1227 4886 bec
