3224 5506
164 347 227 413 334
445 440 446 444 Ἰ
640 361 826 412 soarnsu
849 361 963 451 eima

54 533 147 582 a.493.
162 520 246 583 sules
268 518 331 581 ista
353 516 527 602 negligere,
552 538 641 601 quos,
664 517 749 580 sicut
770 540 789 579 a
811 515 921 580 multis
943 516 1134 600 audivimus,
1158 520 1273 581 contra
1293 537 1337 581 car

161 622 269 684 omnia
290 641 401 704 gerere
429 622 462 683 et
489 622 601 683 contra
628 619 836 703 apostolicam
858 612 1063 703 disciplinam
1091 620 1212 704 passim
1239 621 1337 683 cunct

161 745 248 787 scere
269 721 478 786 manifestum
501 725 564 786 est:
596 743 662 785 non
685 721 818 786 servatis
846 721 966 806 regulis
993 721 1159 805 ordinare,
1188 722 1336 805 liciteque

161 825 263 888 solum
284 824 459 888 monachos
481 824 536 888 scd
559 810 656 888 etiam
674 823 838 888 ministros
854 823 1017 889 Ecclesiae
1041 846 1113 888 cum
1136 823 1267 888 feminis
1289 822 1326 886 ad

160 929 256 1013 gn'na
277 929 455 1012 migrantes
483 948 624 991 remeare
653 948 777 1010 rursus,
807 929 839 990 et
867 927 908 990 ab
935 926 1007 990 aliis
1036 926 1194 1011 episcopis
1222 927 1257 989 in
1284 925 1337 990 mil

160 1029 292 1114 provehi
318 1028 521 1093 clericalem?
564 1027 651 1103 Quae
680 1051 777 1113 quum
804 1029 933 1114 singula
960 1028 1129 1093 toleranda
1155 1050 1223 1093 non
1251 1029 1328 1113 sint,

160 1133 318 1213 sustineat
339 1135 388 1196 tot
410 1133 442 1194 et
464 1130 543 1194 talia
564 1130 711 1194 facinora
732 1131 921 1215 perpetrari,
949 1132 1064 1215 quibus
1086 1129 1305 1215 spectaculum
1324 1151 1337 1215 g

160 1234 253 1319 libus,
277 1234 409 1298 ludaeis
426 1236 458 1296 et
472 1232 642 1296 haereticis
664 1254 731 1296 non
745 1233 906 1297 immerito
929 1234 1132 1317 praebentes,
1156 1234 1192 1297 in
1209 1235 1323 1317 ipsum,

163 1338 256 1420 absit,
281 1337 411 1400 tendere
435 1333 580 1398 videatur
595 1335 760 1420 religionis
784 1335 952 1420 excidium,
976 1336 1137 1421 digneque
1159 1336 1224 1400 ista
1238 1334 1337 1400 facien

161 1440 324 1524 aptabitur
346 1438 402 1501 illa
429 1437 591 1501 sententia
619 1439 754 1503 dicentis
783 1437 935 1522 apostoli:
965 1442 1080 1504 Nomen
1102 1445 1181 1504 enim
1209 1443 1268 1503 Dei
1291 1459 1337 1520 per

159 1547 386 1623 blasphematur
408 1547 439 1605 in
461 1546 621 1620 pentibus?

247 1644 296 1708 10.
342 1642 489 1708 Sufficiat
510 1644 611 1728 igitur
632 1643 788 1708 hactenus
810 1643 909 1708 fuisse
931 1642 1011 1709 haec
1034 1644 1213 1726 commissa,
1242 1646 1276 1708 et
1301 1645 1335 1706 ut

161 1750 250 1811 cetur
278 1746 380 1829 Deus,
410 1745 559 1810 humanis
592 1746 686 1810 rebus
720 1745 886 1810 sollicitius
920 1747 1029 1811 divina
1052 1746 1219 1812 curentur!
1264 1743 1337 1808 Nun

159 1850 312 1934 locum²³)
344 1870 473 1933 prorsus
505 1849 652 1913 inveniat
673 1849 838 1933 praelatae
860 1849 960 1933 pestis
987 1853 1142 1933 assertor,
1176 1870 1237 1912 nec
1267 1869 1337 1912 acce

159 1973 288 2036 prorsus
310 1950 462 2016 ecclesiae
478 1951 528 2014 vel
550 1973 684 2035 usquam
699 1952 980 2036 participationem
1003 1950 1180 2016 catholicae
1199 1970 1337 2015 commun

132 2102 136 2107 .
159 2054 315 2138 inveniat,
338 2054 392 2138 qui
415 2053 649 2118 haereticorum
671 2053 794 2118 mavult
815 2054 965 2139 subsequi
987 2055 1113 2119 nefaria
1135 2054 1331 2139 professione

159 2157 309 2240 sortium,
338 2159 370 2220 et
392 2155 436 2240 hi,
462 2178 533 2220 cum
560 2156 675 2239 quibus
698 2160 795 2221 antea
817 2157 1005 2241 probabitur
1027 2157 1160 2222 noxium
1182 2155 1337 2221 miscuisse

159 2259 311 2344 loquium,
335 2260 398 2323 nisi
421 2260 615 2343 resipiscunt
637 2262 669 2323 et
691 2260 732 2323 ab
755 2259 823 2344 ejus
846 2260 999 2325 societate
1022 2260 1202 2344 discedunt,
1226 2259 1268 2323 ab
1283 2256 1337 2322 cccl

160 2362 240 2425 stico
255 2363 368 2425 remoti
384 2362 525 2445 servitio,
549 2361 704 2448 debitas)
727 2362 849 2426 ultione
864 2363 1058 2447 plectantur,
1082 2384 1145 2448 quo
1167 2363 1281 2427 ceteris
1296 2381 1337 2424 ca*

159 2464 359 2530 ministretur
381 2462 569 2548 exemplum.
615 2462 748 2527 Nullum
770 2464 875 2549 adeat,
905 2465 1011 2552 nec²³)
1035 2486 1177 2550 unquam
1198 2464 1284 2549 loqui
1299 2462 1337 2527 da

159 2568 209 2629 tas
232 2566 308 2630 olim
329 2565 545 2650 blasphemias
570 2566 639 2650 jam
666 2566 801 2632 sinatur
846 2566 993 2632 Discreta
1015 2570 1080 2632 suis
1102 2566 1337 2632 habitationibu

160 2687 268 2731 rorum
290 2672 385 2753 atque
407 2669 609 2751 feminarum,
633 2670 717 2733 sicut
738 2674 886 2735 sanctum
904 2671 1103 2755 propositum
1119 2670 1221 2754 decet,
1245 2688 1337 2733 exero

160 2769 391 2855 circumspecta
413 2771 538 2835 devotio
597 2772 717 2837 Contra
746 2795 905 2838 canonum
934 2774 1109 2839 constituta
1131 2772 1240 2837 nullus
1268 2769 1337 2835 ade

159 2873 324 2939 siasticum
345 2874 599 2965 permittatur²⁶)
622 2872 779 2940 officium:
808 2898 874 2940 non
895 2875 1092 2961 ignoraturis
1114 2873 1299 2959 provinciae
1317 2894 1337 2935 u

160 2976 312 3061 cujusque
332 2977 520 3061 rectoribus,
548 2998 608 3041 nec
637 2977 675 3040 de
697 2978 879 3062 praeteritis
901 3000 936 3043 se
957 2978 1086 3042 veniam
1107 2980 1289 3062 reperturos
1313 2995 1337 3039 er

158 3077 228 3162 bus,
252 3080 279 3142 si
301 3078 452 3163 deinceps
475 3078 746 3144 dissimulaverint
767 3082 869 3145 vitare
892 3079 1083 3165 patefactos.
1120 3077 1190 3144 Nec
1212 3080 1337 3144 excusat

157 3179 197 3243 de
220 3183 324 3245 cetero
347 3182 546 3266 relinquetur
568 3182 703 3266 occasio,
727 3183 754 3246 si
776 3187 849 3267 post
869 3185 1043 3267 praecepta
1058 3182 1254 3266 praesentia,
1277 3202 1337 3266 qua

159 3280 329 3346 Romulum
356 3284 537 3367 diaconum,
573 3284 661 3368 cujus
689 3284 912 3372 sollertiam²³)
944 3306 1002 3369 pro
1029 3284 1091 3348 fide
1126 3283 1337 3351 catholicael

158 3383 313 3468 religione
335 3385 537 3471 vigilantiam
560 3387 742 3470 gratissime
766 3387 1018 3471 comprobamus,
1048 3386 1197 3452 duximus
1225 3385 1337 3450 destina

158 3486 326 3570 quisquam
351 3510 446 3572 super
472 3487 522 3551 his
550 3489 697 3553 omnibus
725 3493 781 3553 ant
809 3494 1009 3574 contemptor
1037 3483 1094 3553 a'ut
1121 3489 1291 3575 negligens
1316 3486 1337 3550 d

160 3586 319 3652 hendatur
340 3591 484 3654 antistes.
520 3590 610 3656 Sicut
632 3592 718 3655 eninr
741 3592 782 3655 ad
803 3593 887 3656 sedis
909 3592 1103 3676 apostolicae
1125 3590 1337 3656 moderamina

158 3687 251 3773 tinet,
276 3692 399 3756 cunctis
422 3692 670 3758 sollicitudinem
685 3694 827 3758 debitam
840 3695 1025 3759 ministrare
1041 3698 1258 3779 congruenter
1274 3689 1335 3756 eccl

70 1416 147 1470 Rom.

71 1491 143 1547 agr.

97 4048 103 4061 ,
204 4026 208 4045 ε
226 3999 258 4067 ²³)
277 3999 320 4053 ua
337 4000 384 4068 0¹3
403 4005 466 4056 ertu
483 4020 602 4072 nusquam
620 4004 670 4056 loci
741 4006 891 4056 inveniatur.

226 4083 257 4151 ²¹)
276 4084 307 4136 In
325 4085 446 4155 vulgatis
468 4093 567 4143 devoro.
603 4085 734 4139 Mendum
756 4086 821 4140 inde
843 4087 948 4151 ortum,
972 4087 1047 4154 quod
1064 4085 1218 4154 antiquarii
1235 4108 1250 4142 v
1267 4090 1337 4157 proi

158 4184 225 4236 gere
243 4168 359 4223 soleant.
395 4170 439 4225 Ita
456 4170 484 4223 in
502 4169 599 4225 Felicis
617 4170 642 4223 ll
660 4171 807 4240 epistolam
822 4178 833 4223 1
854 4189 880 4224 n.
896 4177 926 4224 13
945 4169 1097 4239 irrepserat
1114 4177 1146 4226 de
1158 4178 1337 4228 vitaeeomr

155 4259 288 4328 devotione
305 4270 358 4324 pro
377 4259 464 4310 debita
480 4274 567 4310 eorum
584 4261 679 4310 meritis
697 4261 838 4311 deuotione.

223 4340 383 4407 ²⁵)1tad¹;
407 4341 425 4394 b
444 4361 490 4394 nec
508 4361 609 4410 usquam
631 4346 683 4396 loci
703 4347 837 4396 damnatae
860 4347 917 4396 olim
939 4345 1109 4410 blasphemiae
1126 4345 1185 4407 jam
1206 4349 1332 4399 cinnatu.

157 4424 242 4491 favet,
264 4425 339 4492 quod
358 4425 406 4479 alii
424 4425 492 4479 editi
514 4446 561 4480 nec
578 4447 681 4497 usquam
698 4433 768 4496 loqui
789 4434 923 4482 damnatae
941 4428 993 4481 etc.
1029 4425 1093 4480 Mox
1112 4426 1146 4480 G'
1166 4429 1337 4499 corrupted

157 4529 173 4560 a
190 4514 243 4562 suis
259 4514 455 4565 dubitationibus
528 4525 652 4566 enerceat
669 4518 859 4582 circumspecto.
1238 4569 1246 4577 ,

224 4595 257 4662 ¹⁸)
276 4597 302 4647 c'
318 4594 348 4647 in
364 4612 453 4665 marg.
472 4608 657 4665 promoveatur,
681 4614 737 4651 non
754 4596 911 4667 spernenda
929 4597 1097 4667 conjectura.
1136 4594 1264 4653 Dubium
1281 4597 1337 4655 enir

158 4677 208 4741 est,
227 4676 292 4742 quin
303 4677 372 4732 illud
384 4680 491 4735 sanciat
503 4680 629 4736 Gelasius
646 4682 777 4736 advorsus
791 4699 846 4750 eos,
865 4698 934 4752 quos
950 4682 988 4736 ad
999 4680 1150 4759 peregrina
1161 4683 1319 4754 migrantes
1330 4701 1337 4736 r

158 4760 318 4815 canonicam
336 4763 510 4834 disciplinam
527 4771 559 4820 ab
577 4773 635 4821 aliis
652 4773 781 4837 episcopis
798 4768 827 4821 in
844 4767 973 4823 militiam
990 4767 1107 4838 provehi
1124 4767 1286 4824 clericalem
1302 4788 1337 4842 pr

157 4851 213 4899 n.9
232 4850 397 4926 conquestus
415 4851 464 4904 est.
501 4850 573 4905 Vide
591 4850 680 4906 siricii
699 4853 846 4923 epistolam
864 4862 879 4908 o
897 4872 923 4908 n.
936 4860 960 4908 4.

225 4931 257 4998 ²⁷)
275 4931 293 4984 b
311 4936 470 4990 colmannum
488 4942 517 4991 et
533 4951 598 4990 mox
616 4954 678 4992 cum
696 4938 758 4994 aliis
776 4939 858 4994 editis
875 4944 989 5009 quisquis
1060 4943 1281 5008 deprehendetur.
