3204 5506
279 330 339 394 192
748 344 776 392 s.
793 343 960 392 srurmcn
983 342 1095 391 eneas
1125 364 1129 374 ·

168 515 263 564 atta
360 501 391 563 4.
437 498 484 562 De
513 497 687 563 Christiani
716 518 840 582 quoquc
867 497 976 582 populi
1004 496 1066 561 fide
1098 499 1131 560 et
1158 496 1329 562 devotione
1357 496 1558 582 gaudentes,

275 600 454 685 profectum
478 601 547 684 ejus
570 604 602 663 et
624 599 925 683 multiplicationem
948 598 1016 662 Deo
1035 599 1160 684 jugiter
1180 599 1419 688 supplicantesx
1434 599 1560 684 expeti·

274 725 354 785 mus,
379 704 471 767 utin
494 703 608 765 timore
631 705 726 785 alque
749 722 855 765 amore
878 701 1005 781 Domini
1029 722 1247 785 perseverans,
1277 704 1311 764 et
1337 721 1483 766 numero
1504 724 1560 767 au·

274 806 343 889 geri
366 810 399 868 et
422 805 551 869 coelesti
572 808 732 867 mereatur
754 804 952 886 protectione
981 802 1109 866 muniri.
1154 802 1194 867 ln
1226 824 1289 887 quo
1316 803 1468 867 maxime
1489 803 1557 889 glo

274 908 394 970 riamur
416 912 449 970 et
470 906 538 970 Deo
559 909 669 970 nostro
691 905 926 989 gratulabimur
949 905 1156 988 complacere,
1179 905 1255 988 quia
1280 903 1488 988 pastoralem
1509 926 1559 970 re·

274 1011 369 1093 spicit
391 1009 531 1073 fructum
554 1008 695 1092 religiosi
717 1007 808 1072 ovilis
831 1010 1051 1091 augmentum.
1415 1084 1418 1088 A

192 1096 197 1107 ’
357 1113 389 1176 ἵ).
435 1111 498 1175 Diu
526 1114 633 1174 autem
661 1110 778 1174 fratres
806 1114 838 1173 et
866 1109 1069 1193 coepiscopos
1098 1111 1223 1174 nostros
1251 1110 1337 1193 apud
1361 1109 1557 1177 thuscana

274 1214 415 1298 nopolim
438 1235 503 1276 non
527 1213 677 1277 convenit
699 1211 867 1292 demorari,
892 1232 978 1275 nunc
1000 1212 1183 1295 praecipue,
1205 1233 1301 1295 quum
1324 1215 1468 1296 propter
1483 1234 1559 1280 con·

275 1317 452 1379 cussionem
475 1314 716 1398 persecutionis,
740 1335 821 1398 quae
843 1316 931 1376 mota
952 1314 1068 1395 fuerat,
1092 1313 1248 1377 sollicitae
1270 1317 1370 1398 atque
1385 1315 1558 1381 attonitae

274 1417 405 1480 suntin
428 1416 653 1502 suprascriptis
676 1415 818 1480 ecclesiis
841 1415 1003 1497 civitates3
1026 1416 1120 1501 noel)
1137 1415 1251 1499 aliquia
1271 1414 1390 1481 dubius
1414 1404 1576 1483 rationis⁸

274 1522 307 1582 et
333 1518 476 1603 trepidus
503 1519 620 1583 inentis
648 1520 810 1602 exspectet
839 1518 913 1582 novi
942 1515 1063 1600 aliquid
1092 1520 1165 1602 post
1187 1515 1458 1584 Calchedoneme
1482 1542 1558 1587 eon·

274 1621 382 1685 cilium
405 1623 516 1685 contre
538 1620 740 1685 definitiones
762 1620 862 1702 ipsius
884 1619 1063 1701 retractari,
1087 1619 1162 1702 quia
1184 1640 1241 1704 per
1255 1620 1449 1686 universum
1463 1645 1557 1689 mun·

156 1776 166 1794 .
274 1723 350 1786 dum
372 1721 532 1786 insolubili
556 1723 777 1786 observatione
800 1723 966 1804 retinetur,
986 1721 1070 1805 quod
1085 1744 1104 1785 a
1119 1720 1320 1786 sacerdotum
1335 1724 1557 1805 universitate

275 1829 324 1889 est
346 1825 555 1889 constitutum
577 1828 619 1907 ct,
643 1825 726 1887 sicut
741 1824 900 1906 apiliaruit,
926 1823 1071 1887 coelestis
1087 1825 1204 1887 totiens
1220 1824 1355 1888 ultionis
1370 1829 1555 1894 assertione

275 1928 446 1990 finnatum.
492 1925 585 1989 Unde
613 1925 722 1996 divino
746 1924 868 2008 judicio
895 1925 1082 2009 reluctatur,
1111 1926 1253 2010 quisquis
1282 1926 1433 2010 ejusdem
1460 1951 1554 1995 vene

274 2030 385 2094 rabilis
412 2028 545 2092 delinita
574 2026 701 2091 concilii
728 2030 801 2110 post
827 2029 876 2090 tot
898 2026 1025 2092 divinae
1053 2027 1287 2112 indignationis
1310 2031 1467 2115 exempla
1489 2054 1554 2097 non

273 2131 425 2216 sequitur.

133 2382 209 2447 tane
221 2397 257 2433 m,
794 2283 975 2385 Epistola
1000 2285 1034 2367 8.

155 2448 236 2503 uara.
399 2434 519 2502 heneti
543 2436 933 2519 consuntinopaumni
956 2436 1000 2502 ad
1024 2433 1251 2520 Simplicium
1274 2454 1421 2521 papam.
1521 2416 1532 2427 ’

144 2519 245 2584 am)
312 2577 462 2626 Timotheum
481 2577 602 2625 Asturum
624 2583 744 2625 iiior-taum
766 2592 822 2626 esse
841 2575 875 2640 (a.
894 2575 929 2640 Ι),
955 2577 1055 2640 sapim
1073 2577 1175 2626 Petrum
1194 2575 1327 2642 Montium,
1360 2577 1521 2631 swam
1559 2582 1595 2648 μ’

308 2660 513 2726 Sataphalsiolum
531 2669 620 2717 autem,
640 2662 836 2711 Alexandrinae
854 2664 911 2712 sedi
932 2663 1081 2719 restitutam,
1103 2677 1173 2726 spem
1188 2663 1353 2713 laetissimae
1371 2667 1521 2718 curationis

307 2748 465 2797 sedmtorma
482 2744 657 2810 praeberem.
672 2745 707 2810 2),
726 2762 771 2796 aee
790 2748 924 2812 picatam
942 2748 978 2796 ad
994 2747 1133 2796 custodiam
1151 2746 1302 2811 disciplinae
1319 2750 1521 2802 ecclesiaticae

819 2833 900 2882 ostritti
915 2829 951 2894 (a.
965 2831 1000 2895 3).

425 2947 589 3013 Domino
624 2946 888 3033 beatissim0¹)
922 2950 1061 3012 sancto
1095 2947 1201 3032 patri
1236 2947 1554 3039 archiepiscopo

517 3049 723 3133 Simplicio
747 3050 929 3114 Aeacius
1004 3041 1009 3053 ’

172 3165 258 3219 2⁰01·
360 3174 387 3234 1.
433 3168 686 3234 Sollicitudinem
723 3170 865 3233 omnium
906 3168 1112 3234 ecclesiarum
1148 3169 1324 3234 secundum
1360 3173 1552 3257 apostolum

171 3239 256 3300 Μ’
272 3273 531 3336 circumferentes
553 3292 613 3335 nos
635 3270 853 3335 indesinenter
875 3270 1050 3334 hortamini
1065 3272 1209 3355 quamvis
1225 3275 1341 3356 sponte
1355 3274 1551 3362 vigilantes,

272 3396 309 3439 ac
331 3372 563 3458 recurrentes²)
587 3372 622 3435 in
644 3395 702 3436 nos
730 3373 877 3438 divinum
905 3372 1007 3436 zelum
1034 3372 1129 3438 solito
1151 3373 1393 3462 demonstratis,
1425 3381 1551 3445 statum

272 3474 509 3538 Alexandrinae
533 3473 684 3538 ecclesiae
708 3476 825 3540 certius
847 3475 1061 3559 requirentes:
1090 3479 1126 3540 ut
1151 3498 1210 3561 pro
1237 3477 1385 3560 paternis
1416 3480 1552 3545 canoni·

271 3576 331 3639 bus
353 3576 535 3659 suscipiatis
558 3575 710 3659 laborem,
733 3577 876 3661 piissimo
899 3577 1059 3641 stillantes
1074 3576 1188 3642 sudore
1203 3598 1261 3662 pro
1275 3577 1338 3662 his,
1362 3580 1453 3646 sieut
1467 3603 1551 3648 aem·

271 3699 328 3762 per
350 3683 399 3741 est
421 3678 643 3761 approbatum.
689 3678 750 3744 Sed
773 3679 918 3745 Christus
933 3678 1089 3743 Dominus
1112 3681 1231 3762 noster,
1255 3680 1310 3764 qui
1331 3681 1551 3768 diligentibus

271 3802 304 3844 se
334 3780 369 3843 in
397 3780 515 3844 bonurn
544 3785 732 3864 cooperatur
764 3781 907 3844 insidens
937 3781 1186 3866 cogitationibus
1213 3782 1348 3867 nostris,
1385 3788 1422 3850 et
1448 3808 1551 3852 unam

270 3882 361 3946 nobis
384 3882 418 3946 in
440 3880 490 3945 his
513 3887 652 3947 mentem
673 3886 768 3968 atque
784 3884 960 3966 eamdem³)
983 3905 1041 3966 pro
1056 3883 1159 3969 gloria
1174 3905 1231 3948 sua
1246 3906 1314 3949 esse
1331 3906 1549 3974 cognoscens,

178 3659 257 3712 ltom.

180 3731 256 3792 aas.

337 4055 358 4119 ⁹)
376 4052 405 4105 in
423 4053 544 4121 vulgatis
562 4073 593 4106 ae
611 4059 716 4123 aliquis,⁸
734 4053 823 4122 magis
840 4053 933 4122 placet
951 4074 997 4107 nec
1015 4059 1119 4123 aliquas,
1143 4055 1175 4107 ut
1191 4053 1294 4122 legitur
1312 4054 1390 4124 apud
1408 4054 1550 4127 vigilium

269 4137 296 4190 in
316 4137 466 4191 constituto
485 4155 534 4192 seu
553 4138 631 4208 epist.
651 4143 684 4191 tt
702 4157 727 4192 n.
750 4145 809 4204 144,
828 4137 875 4192 ubi
893 4139 962 4193 hacc
980 4140 1066 4194 verba
1084 4139 1160 4194 velut
1171 4155 1205 4193 ex
1218 4138 1339 4208 epistola
1350 4139 1389 4194 ad
1402 4139 1550 4199 Zenonem

268 4224 425 4292 Augustum
444 4222 605 4277 olleruntur.

235 4314 255 4329 “
338 4311 357 4376 ¹)
376 4300 490 4361 ln'mss.
515 4308 562 4361 Io
587 4308 666 4362 deest
688 4313 837 4363 beatissimo.
883 4309 1005 4364 Subinde
1028 4308 1351 4364 D²D*D⁶D²F¹N³0³
1373 4319 1550 4381 patrimhn

268 4411 397 4461 episeopo.

335 4479 357 4545 ²)
375 4478 418 4530 Ite
436 4477 470 4530 Ι)1
484 4477 708 4531 D²D³D⁸D⁹E¹
722 4478 877 4532 E²F²11⁹a
890 4481 907 4548 β
921 4479 962 4547 d²;
987 4480 1052 4534 c⁷d¹
1067 4480 1128 4534 a⁸i²
1143 4491 1345 4550 praecurrentes
1361 4488 1415 4539 sed
1430 4504 1488 4541 sos.
1510 4484 1548 4540 Β·

268 4567 304 4615 ad
322 4582 372 4623 cos,
391 4560 566 4615 D¹D⁸D⁹E¹
581 4562 757 4618 E²F²H⁸N³
776 4571 801 4619 ia
818 4585 869 4626 cos,
888 4564 924 4617 I)²
942 4571 968 4618 ia
986 4584 1040 4627 nos,
1063 4565 1084 4616 i²
1102 4578 1128 4619 et
1145 4586 1196 4623 coa.
1233 4565 1260 4619 d'
1274 4566 1305 4620 d²
1323 4572 1490 4640 divinumque
1507 4590 1550 4625 ze·

268 4653 315 4700 liam
334 4652 359 4700 ia
378 4651 445 4700 uotis
462 4654 550 4707 saltim
569 4648 593 4700 I⁵
605 4649 628 4701 Ι6
646 4648 749 4716 aliique
767 4655 783 4702 4
801 4667 866 4705 mss.
884 4655 932 4702 seat
948 4670 991 4703 cos
1010 4655 1092 4704 dicimo
1107 4658 1161 4706 :elo
1178 4656 1301 4706 sollicitos
1319 4657 1519 4711 ammanite.

336 4734 357 4799 ³)
375 4731 489 4785 Maa.10
503 4739 616 4786 canadam
632 4738 739 4801 plor-iam
757 4754 813 4788 esec
830 4754 998 4802 carpnoscens:
1016 4735 1053 4787 Da
1065 4735 1171 4789 omittit
1181 4756 1231 4805 pro
1241 4742 1327 4804 picria
1338 4757 1397 4793 scs.
1421 4738 1550 4796 E'F'ffi
1592 4734 1595 4751 ¹

269 4827 293 4869 et
305 4819 412 4868 humana
425 4815 469 4882 ill*
480 4821 620 4884 hraraanam)
640 4822 711 4871 arabia
728 4827 753 4870 in
772 4823 810 4871 dis
827 4829 907 4872 incerte
925 4830 1002 4889 atque
1020 4827 1107 4875 eadem
1122 4841 1173 4890 pro
1189 4827 1305 4889 planiora
1323 4822 1370 4891 ild*
1380 4830 1483 4895 gloria)
1500 4845 1570 4891 m,

268 4920 332 4962 ease,
352 4903 491 4969 corrupte.
1232 4901 1233 4906 ’
