3204 5506
227 395 289 460 726
679 406 905 456 6611611661
928 404 1042 451 61616

120 599 145 636 6.
156 584 212 634 613.
228 567 318 651 gioso
345 563 509 649 proposito
537 562 689 626 diuturna
716 560 939 625 observatione
966 558 1216 642 permanserint.
1262 555 1397 622 Similiter
1410 557 1464 621 rir-

227 668 319 753 gines
341 666 462 730 nubere
484 665 705 750 prohibemus,
737 685 816 748 quas
844 662 939 727 annis
960 660 1108 746 plurimis
1130 661 1166 725 in
1188 659 1381 726 monasteriis
1396 661 1475 725 aa·

227 773 294 834 tem
315 767 478 854 peregisse
501 766 743 852 constiterit¹⁴).

779 918 860 984 One.
883 917 941 983 VI.

313 1024 343 1088 t.
380 1021 496 1086 Nullus
518 1024 626 1106 itaque
648 1043 706 1105 per
728 1021 883 1085 ambitum
905 1020 946 1084 ad
968 1020 1171 1105 episcopatus
1194 1019 1345 1085 honorem
1364 1019 1516 1104 permit·

228 1130 316 1191 tatur
338 1125 499 1189 accedere.
538 1123 623 1187 Nam
644 1146 742 1208 quum
764 1123 818 1186 hie
839 1145 985 1187 excessus
1007 1122 1042 1186 in
1063 1121 1148 1186 laica
1170 1122 1403 1186 conversatione
1422 1124 1523 1190 eul-

228 1231 338 1312 petur,
374 1226 445 1311 quis
474 1226 617 1308 dubitat,
652 1225 737 1310 quod
757 1224 917 1309 religiosis
945 1228 978 1288 61
1004 1223 1074 1287 Dec
1101 1224 1315 1288 servientibus
1342 1224 1527 1321 16666115)

228 1327 460 1413 opprobrium?
492 1327 724 1412 Ε61666661661
734 1327 771 1411 ¹⁶)
795 1326 978 1390 desiderans
1000 1326 1077 1390 data
1099 1326 1239 1409 pecunia
1259 1328 1402 1409 potentes
1419 1348 1525 1411 per.

229 1453 324 1495 sonas
346 1430 477 1493 minime
500 1429 739 1513 suffragatrices
762 1428 930 1511 adhibeat,
958 1449 1018 1491 nec
1041 1428 1082 1491 ad
1105 1427 1270 1491 decretum
1297 1427 1358 1491 sibi
1376 1426 1522 1504 facien.

229 1534 305 1596 dmn
328 1531 459 1596 clericos
474 1530 524 1595 vel
542 1530 625 1594 cives
641 1530 851 1613 subscribere,
874 1530 1018 1593 adhibito
1039 1529 1212 1612 cujuslibet
1230 1529 1358 1613 generis
1371 1529 1515 1621 timore,

230 1633 411 1717 compellat,
436 1632 485 1696 vel
507 1632 659 1715 praemiis
682 1633 840 1716 aliquibus
856 1632 1012 1696 hortetur.
1050 1631 1226 1695 Decretum
1240 1631 1312 1695 sine
1326 1630 1511 1702 visitatoris

229 1736 412 1819 praesentia
434 1756 529 1798 nemo
552 1735 718 1816 conficiat,
743 1735 833 1818 eujus
843 1735 880 1819 ¹⁷)
903 1732 1089 1798 testimonio
1111 1732 1302 1798 clericorum
1324 1756 1360 1798 ac
1379 1733 1504 1800 civim

228 1840 336 1921 potest
356 1836 555 1900 unanimitas
578 1836 744 1900 declarari.

230 2073 310 2143 epist.
326 2080 357 2127 11
376 2091 398 2128 c.
412 2079 443 2126 21
463 2072 575 2142 nuptias
594 2090 690 2127 earum
707 2073 748 2127 ita
765 2073 956 2143 reprehendit,
983 2075 1015 2126 ut
1032 2071 1093 2126 illas
1111 2071 1199 2127 nihilo
1221 2072 1313 2126 miuus
1330 2070 1376 2126 Dei
1388 2064 1493 2140 judicio

230 2158 363 2213 dimittat.
394 2159 481 2214 lmmo
500 2162 600 2229 fragm.
615 2165 647 2213 38
666 2159 702 2213 ad
715 2158 887 2228 Stephanum
905 2157 952 2211 uni
970 2175 1004 2212 ex
1023 2158 1065 2211 his
1078 2157 1168 2212 viduis
1181 2156 1395 2211 communionem
1407 2143 1492 2208 recldi

229 2243 379 2312 praecipit,
407 2243 473 2312 quia
495 2250 609 2298 nrmritam
625 2250 710 2312 potiar
727 2248 924 2297 incontinentiae
941 2262 1016 2308 6666,
1045 2248 1113 2312 qaod
1134 2248 1209 2296 661116
1224 2247 1371 2310 prohibebar
1388 2242 1493 2318 aptae

155 2350 160 2365 ¹
229 2334 373 2397 6666161611.
410 2329 489 2383 Hanc
506 2345 575 2397 erga
591 2327 654 2381 illas
671 2326 875 2395 indulgentiam
891 2327 1049 2382 nescierunt
1066 2326 1204 2382 Gallicani
1221 2325 1356 2397 episcopi,
1372 2322 1409 2394 qui
1421 2326 1495 2389 qut

230 2412 294 2466 dam
316 2415 376 2466 tum
398 2414 427 2466 in
450 2413 566 2467 concilio
583 2412 777 2467 Aurelianeusi
794 2412 820 2465 V
838 2419 944 2467 66619
966 2413 1027 2466 tum
1048 2412 1078 2466 in
1098 2411 1249 2467 Pariaiensi
1266 2411 1291 2465 V
1312 2417 1376 2466 613
1393 2407 1502 2463 vitu&

230 2497 291 2551 illas
310 2515 372 2553 cum
390 2499 432 2565 iis,
451 2498 552 2567 quibus
570 2496 723 2568 nupserint,
742 2497 934 2552 communione
951 2497 1072 2568 privant.

300 2586 330 2649 ¹⁴)
348 2584 393 2637 Ita
409 2584 441 2637 L¹
455 2584 541 2637 L³L⁴.
577 2583 632 2636 Alii
650 2589 794 2650 contiperit.

300 2672 329 2735 15)
347 2668 382 2720 Fe
401 2672 598 2730 inorationibas,
617 2669 643 2720 6ι
661 2677 789 2732 16661661,
809 2670 875 2721 616ι
895 2672 1010 2724 incutiat.

299 2755 330 2819 ¹⁸)
349 2753 392 2806 lta
409 2752 688 2806 F‹¹1(¹³L¹L³L⁴a³¹
724 2751 779 2806 Alii
797 2755 827 2804 Si
844 2758 900 2820 quis
918 2758 1059 2821 episcopua
1079 2796 1085 2809 .
1105 2759 1247 2808 desiderat.
1513 2816 1526 2826 ι

300 2841 330 2906 ¹⁷)
347 2837 379 2891 L¹
393 2837 427 2890 L³
444 2837 552 2891 addunt
568 2848 604 2891 ut.
635 2837 666 2889 In
685 2837 865 2905 sequentibus
876 2835 1096 2891 A¹K¹³L¹L³L⁴
1107 2851 1201 2906 potest,
1220 2837 1268 2893 alii
1277 2844 1366 2907 possit,
1381 2836 1411 2890 1⁴⁸⁴
1419 2826 1541 2889 ΜΨ

230 2929 335 2977 monium
394 2933 482 2991 potest
545 2928 688 2976 dectnrare.
720 2923 747 2975 Is
765 2922 859 2975 autem
876 2925 1052 2993 nuncupatur
1065 2929 1193 2985 61616161,
1212 2923 1257 2978 cui
1273 2940 1368 2977 manus
1383 2887 1541 2989 aliquod

230 3007 389 3063 obeundum
407 3023 441 3059 ex
459 3007 590 3076 delegata
606 3007 746 3076 potestate
765 3007 1006 3074 committebatur,
1033 3025 1066 3063 ac
1088 3007 1257 3079 praeprimis
1277 3008 1324 3063 ille
1345 2996 1541 3079 episcop-1⁵¹

231 3093 278 3161 qui
295 3093 406 3147 vacanti
425 3092 557 3146 ecclesiae
575 3091 802 3161 praeficiebatur,
824 3091 913 3146 donec
929 3091 992 3161 ipsa
1009 3093 1154 3162 proprium
1172 3092 1332 3163 episcopum
1349 3072 1541 3147 meamet*

230 3178 273 3231 Ita
291 3176 417 3231 (talasius
435 3177 566 3245 fragma
585 3175 741 3230 Coelestino
760 3176 891 3246 episeopo
910 3176 938 3229 in
957 3177 1096 3232 mandeba
1115 3177 1173 3244 dat,
1191 3181 1223 3232 ut
1241 3177 1349 3233 cadam
1365 3165 1541 3232 carmine

229 3262 424 3331 presbyterum
442 3279 476 3314 ae
494 3261 640 3315 diaconum
659 3262 735 3315 creet
752 3267 892 3315 abitatoris
910 3270 1006 3316 nomine
1029 3283 1079 3317 non
1101 3269 1243 3317 cardinatis
1259 3269 1391 3332 6661111616.
1421 3254 1537 3315 ΜΨ

229 3347 369 3400 Johannes
385 3346 411 3398 ll
430 3345 509 3415 epist.
524 3353 540 3399 5
557 3364 583 3398 n.
599 3353 612 3399 1
630 3346 660 3399 in
680 3350 857 3401 Contwneticsi
878 3353 991 3401 damnati
1012 3353 1091 3401 166666
1107 3354 1263 3403 abactorem
1286 3354 1399 3403 6616611161
1414 3348 1527 3417 prae·

231 3430 306 3500 cipit,
325 3431 413 3484 donec
430 3429 502 3484 illius
521 3431 637 3486 ccclesia
654 3430 798 3502 proprium
817 3431 978 3501 episcopum
989 3433 1092 3487 habere
1106 3441 1255 3488 mereatur.
1282 3432 1415 3488 Ecclesim
1424 3436 1520 3500 quo‘

230 3532 283 3584 que
295 3516 451 3579 Romanae,
470 3533 556 3582 quum
574 3520 718 3570 accusatus
736 3519 810 3571 esset
824 3516 1006 3586 Symmachus
1024 3517 1147 3572 sednon
1164 3518 1315 3573 damnatus
1331 3535 1413 3588 neque
1427 3523 1507 3568 6611·

230 3601 332 3665 616166,
355 3617 372 3654 a
389 3602 470 3670 parte
489 3599 556 3654 cleri
574 3603 602 3654 et
619 3600 758 3670 aliquibus
775 3600 852 3655 161616
869 3602 1027 3672 6661616166
1044 3601 1173 3657 visitator
1190 3618 1336 3658 concessus
1351 3601 1406 3656 init
1437 3594 1495 3648 Ve-

231 3702 292 3739 rum
309 3685 363 3739 hoc
381 3697 471 3739 contra
489 3692 642 3754 retipionern,
661 3698 753 3741 contra
769 3698 868 3740 statuta
885 3698 995 3741 aeteram
1016 3694 1056 3741 661
1072 3700 1164 3761 contra
1180 3696 1285 3757 repetas
1301 3694 1416 3756 asaiam
1431 3685 1483 3736 Μ’

230 3772 320 3824 tatum
339 3787 399 3825 aesc
416 3771 568 3825 affirmanti
587 3771 754 3840 Symmacho
773 3775 868 3841 (supra
886 3771 965 3841 epist.
980 3778 996 3826 5
1013 3781 1070 3826 63
1088 3773 1117 3825 61
1128 3777 1155 3840 1)
1173 3772 1304 3828 Romana
1320 3770 1427 3843 synodus
1439 3783 1469 3819 a·

230 3855 323 3910 sentit.
360 3855 416 3909 Cur
433 3857 527 3910 tamen
544 3857 598 3910 hac
615 3856 643 3909 in
665 3874 695 3910 re
719 3857 823 3911 violata
846 3857 954 3911 dicatur
976 3857 1088 3926 religio,
1109 3874 1177 3911 num
1200 3857 1268 3927 qnia
1291 3858 1412 3928 episcopo
1428 3867 1465 3906 666

231 3941 356 3995 66661616
378 3939 552 3995 visitatorem
575 3940 659 4010 ipsius
683 3942 815 3996 ecelesiae
838 3942 898 3995 dari
920 3942 1034 4011 regulae
1057 3960 1112 3998 non
1135 3943 1345 4012 permitterent,
1370 3959 1402 3996 aa
1419 3935 1460 4008 quit

230 4044 315 4095 quum
334 4025 407 4080 circa
425 4027 532 4079 ceteros
551 4026 695 4096 episcopos
713 4028 766 4081 hoc
783 4027 887 4093 liceret,
905 4045 1027 4081 summus
1044 4026 1169 4097 pontifex
1188 4027 1226 4082 ab
1242 4028 1297 4083 hac
1313 4028 1373 4098 lege
1386 4023 1459 4093 excipe

230 4112 315 4177 retur,
334 4128 368 4164 cx
384 4110 477 4165 verbis
495 4110 656 4180 praedictae
674 4112 772 4181 synodi
786 4113 861 4166 certo
874 4111 981 4166 definiri
994 4111 1098 4181 nequit.
1129 4111 1159 4166 Si
1171 4115 1269 4168 tamon
1279 4109 1460 4169 6116666116166
1534 4103 1541 4131 “’

230 4195 336 4264 synodi,
356 4212 412 4264 qua
429 4196 572 4251 absolutus
592 4197 634 4250 661
646 4196 836 4266 Symmachus,
853 4195 946 4251 verbis
963 4198 1048 4265 atque
1065 4196 1187 4251 Ennodii
1205 4197 1242 4252 ad
1261 4214 1309 4253 ecs
1326 4190 1461 4268 1666661611
1536 4190 1541 4211 ²

230 4281 401 4346 haereamus,
420 4281 473 4334 hoe
491 4281 606 4351 spirant,
624 4283 656 4334 ut
674 4280 734 4335 aliis
754 4281 866 4349 quidem
884 4281 1021 4352 episcopis
1039 4281 1173 4336 accusatis
1193 4282 1349 4339 61611616666
1361 4280 1464 4336 danem

231 4366 383 4431 sueverint,
410 4365 459 4418 sed
481 4367 623 4419 Romanus
646 4366 762 4420 antistes
783 4366 847 4419 huic
870 4366 927 4436 legi
949 4365 1062 4421 minime
1084 4366 1238 4437 subjaceat.
1284 4368 1369 4439 Ajunt
1390 4364 1464 4437 quippe

231 4449 390 4519 Symmachi
407 4451 507 4504 aemuli
520 4451 594 4521 apud
606 4451 774 4505 Ennodium:
798 4457 951 4507 Visitntores
969 4463 993 4505 et
1012 4457 1070 4506 otiis
1087 4459 1216 4521 episcopis
1227 4459 1285 4523 ipre
1297 4450 1468 4524 (Symmsebasi

231 4541 309 4602 dedit,
328 4548 354 4590 et
366 4543 463 4605 justam
482 4547 528 4602 eat,
546 4547 572 4589 nt
588 4541 654 4603 sacti
670 4543 710 4591 661
727 4543 781 4605 1666
800 4548 923 4591 teneatur.
950 4536 1056 4602 Quibus
1072 4535 1169 4591 6161161
1181 4536 1325 4595 Ennodius
1337 4535 1471 4610 respondtit

231 4624 289 4674 Non
306 4641 350 4674 vos
368 4628 393 4674 in
411 4626 457 4675 166
476 4628 547 4675 titulo
563 4626 689 4688 falsitatis
708 4629 805 4675 incesso
823 4634 849 4676 et
866 4628 910 4676 dia
927 4628 1065 4677 mendaciis
1076 4626 1248 4678 6116616616
1259 4628 1337 4680 aerio
1347 4644 1395 4680 aas
1404 4641 1473 4691 crya.

231 4710 296 4759 Dico
314 4718 395 4759 tumen
412 4715 518 4760 tutorem
531 4712 603 4773 juris
621 4713 780 4774 diffinitionis
797 4728 867 4769 snae,
886 4713 935 4761 nini
945 4713 1011 4770 uelit,
1029 4711 1143 4761 1611111116
1155 4727 1206 4762 non
1217 4713 1324 4765 16616611.
1349 4708 1394 4765 Nil
1403 4709 1477 4765 man

230 4789 346 4844 subinde
365 4791 492 4844 usitatius
510 4791 570 4853 suit,
590 4810 673 4860 quam
692 4793 723 4845 ut
739 4793 881 4847 Romanus
899 4791 1024 4861 pontifex
1047 4791 1171 4847 ecclesiis
1188 4792 1313 4850 aduam
1330 4794 1479 4850 visitatorem

232 4873 396 4939 destinaret,
419 4877 451 4928 ut
469 4892 502 4928 cx
521 4876 649 4945 Gregorii
667 4876 763 4946 Magni
785 4876 909 4946 epistolis
931 4878 1029 4931 notum
1046 4879 1096 4932 est.
1136 4876 1217 4931 Nunc
1234 4896 1304 4935 6616
1322 4879 1483 4952 Symmachi!

231 4958 374 5012 decretum
392 4959 534 5014 electionis
552 4961 676 5031 episcopi
693 4961 800 5015 nonnisi
819 4979 912 5016 coram
931 4961 1074 5017 visitatore
1092 4961 1192 5017 confici
1208 4963 1279 5021 vna
