3204 5506
583 349 777 400 emenonis
801 338 948 399 56—58.
1336 330 1399 398 849

119 506 216 594 apud
240 508 344 571 Deum
367 511 488 590 vestra,
517 528 598 590 quae
621 507 660 569 de
682 505 758 570 boni
786 505 890 590 operis
912 503 1117 569 inchoatione
1139 503 1238 567 habet
1259 503 1397 586 initium,
1412 510 1447 574 (a.
1459 509 1528 575 519.)

117 609 165 674 de
191 609 391 694 perfectione
414 611 627 694 consequatur
642 608 799 672 effectum.
830 607 984 671 Animum
998 605 1125 689 quidem
1140 609 1282 670 vestrum
1303 606 1401 669 talem

116 711 232 776 missa
255 712 295 777 ad
316 734 375 777 nos
397 714 558 776 testantur
581 709 735 795 alloquia,
764 714 801 774 ut
823 709 863 774 ad
892 708 1125 793 plenitudinem
1147 708 1222 773 boni
1246 708 1402 793 propositi

117 835 198 877 non
221 814 359 878 multum
374 813 547 898 indigeatis
569 812 715 895 hortatu3
737 812 841 876 nostri
856 814 966 876 tamen
981 810 1128 875 desiderii
1145 833 1192 893 ea,
1217 832 1297 895 quae
1313 832 1402 894 spem
1463 854 1475 881 ,

120 915 233 999 dedit,
257 916 358 981 oratio
368 917 393 1002 ³)
417 915 553 999 amplius
576 915 723 980 accendit
746 914 905 997 ardorem,
936 917 969 977 et
990 913 1113 978 avidius
1136 913 1254 999 gaudia
1276 912 1403 997 impleri

122 1018 297 1102 cupimus,
326 1040 407 1104 quae
435 1018 556 1081 instare
580 1019 650 1102 jam
678 1016 830 1082 divinitus
860 1015 1061 1080 arbitramur.
1106 1015 1193 1080 Hine
1222 1020 1285 1099 est,
1320 1015 1404 1100 quod

121 1119 267 1185 beatum
289 1121 422 1186 Petrum
445 1119 625 1203 apostolum
640 1119 780 1205 quotidie
798 1119 986 1203 suppliciter
1007 1118 1219 1203 obsecramus,
1243 1121 1280 1182 ut
1301 1117 1402 1198 vobis,

124 1243 191 1306 per
214 1245 294 1308 quos
316 1223 474 1308 integrari
496 1224 638 1287 membra
660 1244 718 1286 sua
740 1224 853 1286 saneta
872 1221 941 1304 jam
964 1225 1072 1305 sperat
1093 1220 1249 1304 Ecclesia,
1278 1224 1311 1284 et
1333 1220 1404 1283 effe-

128 1327 223 1388 ctum
247 1323 334 1389 Deus
358 1324 492 1389 celerem
515 1328 548 1389 et
569 1323 705 1389 salutem
727 1325 849 1388 tribuat
869 1322 1058 1409 longiorem.

219 1426 251 1490 2.
286 1425 353 1491 Nos
376 1427 519 1512 quidem,
544 1427 659 1491 vestris
683 1427 798 1491 animis
820 1427 1041 1511 obsequentes,
1064 1427 1149 1492 viros
1172 1426 1342 1490 direximus
1366 1423 1406 1487 ad

129 1527 337 1592 solidandam
376 1529 435 1593 sub
468 1528 662 1612 apostolicae
698 1529 915 1613 dispositionis
952 1528 1154 1619 ordinatione
1192 1527 1404 1593 concordiam.

128 1629 290 1695 Vestrum
313 1634 371 1714 cst,
395 1633 433 1695 ut
454 1631 538 1696 sicut
558 1654 617 1696 nos
639 1632 743 1696 bonae
765 1630 940 1696 intentioni
960 1631 1068 1695 deesse
1090 1631 1261 1714 noluimus,
1284 1629 1331 1692 ita
1354 1650 1406 1692 eos
1508 1693 1512 1703 ,

129 1732 209 1818 ad⁴)
235 1752 293 1796 nos
315 1734 462 1817 optatum
489 1733 608 1798 referre
636 1733 764 1797 faciatis
792 1733 949 1797 effectum.
993 1732 1112 1798 Munus
1146 1736 1287 1798 vestrum
1313 1751 1407 1795 vene-

128 1834 240 1898 randa
278 1835 418 1899 sacraria
459 1838 683 1920 susceperunt:
721 1835 804 1920 quod
838 1835 974 1919 amplius
1007 1835 1100 1900 beato
1134 1835 1230 1899 Petro
1264 1832 1407 1918 apostolo

127 1935 264 2000 facietis
288 1938 460 2022 acceptius,
485 1937 512 2002 si
535 1960 592 2022 per
614 1960 669 2002 vos
692 1939 835 2022 optatam
858 1937 1011 2002 eeclesiae
1033 1937 1215 2022 receperint
1237 1935 1430 2025 unitatem.n

637 2159 819 2264 Epistola
845 2160 902 2243 58.

230 2310 441 2377 Hormisdae
464 2328 575 2394 papae
599 2311 643 2377 ad
665 2311 865 2378 Johannern
888 2311 1324 2395 constantinopolitanum
1419 2301 1559 2435 (ὓΡ-ξὲξῗῑ

670 2416 884 2498 episcopum.

254 2569 323 2629 Quae
336 2571 394 2633 jum
410 2573 555 2636 scripserat
571 2589 621 2636 pro
637 2575 710 2636 pacis
728 2575 1132 2661 redinteprationapraestanda,
1152 2579 1289 2638 confimat.

294 2702 503 2768 Hormisda
524 2703 545 2768 J
553 2704 699 2769 ohanni
729 2706 917 2790 episcopo
940 2705 1408 2791 Constantinopolitano.

228 2821 278 2885 Ea
306 2844 386 2906 quae
415 2823 532 2887 caritas
559 2827 616 2888 tua
644 2824 812 2889 destinatis
839 2825 956 2890 litteris
984 2826 1181 2911 significavit
1208 2829 1408 2912 agnovimus,

133 2929 172 2991 et
196 2923 399 3010 gratulamur
421 2925 461 2988 ad
485 2926 714 2989 conscientiam
736 2930 879 2990 nostram
895 2927 968 2990 fidei
984 2931 1059 2991 tuae
1074 2928 1193 2992 indicia
1215 2929 1408 3012 pervenisse,

133 3029 309 3112 optantes,
340 3030 376 3089 ut
398 3027 571 3090 intentioni
593 3032 683 3111 tuae,
713 3051 808 3112 quam
835 3032 955 3093 rectam
984 3051 1051 3093 esse
1081 3030 1241 3114 cupimus,
1280 3031 1410 3115 plenum

134 3129 230 3194 Dens
253 3131 363 3192 noster
385 3128 470 3191 circa
493 3129 743 3194 ecclesiasticam
765 3152 875 3214 pacem
893 3133 1064 3195 concedere
1080 3133 1231 3216 dignetur
1252 3133 1409 3216 effectum,

136 3231 234 3314 cujus
263 3253 353 3315 spem
380 3230 486 3294 animo
516 3254 672 3316 supernae
695 3232 874 3315 majestatis
898 3234 1140 3317 assumpsimus:
1175 3234 1249 3316 quia
1276 3235 1411 3318 impera-

135 3337 244 3397 torem
274 3333 510 3396 serenissimum
539 3334 579 3396 ad
606 3333 665 3398 hoe
692 3335 893 3419 providentia
920 3335 1029 3399 divina
1052 3336 1233 3419 judicamus
1263 3338 1410 3421 electum,

136 3439 178 3499 ut
211 3456 270 3518 per
299 3456 370 3498 eum
399 3434 605 3500 eeclesiarum
632 3437 863 3521 redintegratio
891 3438 991 3501 tantis
1014 3437 1209 3521 temporibus
1233 3439 1412 3503 desiderata

138 3536 323 3622 proveniat.
374 3536 575 3621 Quapropter
606 3537 682 3602 licet
714 3561 794 3622 clune
822 3562 879 3622 pro
907 3539 981 3603 fidei
1009 3538 1134 3603 unitate
1160 3540 1308 3603 facienda
1337 3545 1413 3606 sunt

138 3643 218 3703 tuae
241 3638 386 3702 caritatis
409 3640 560 3704 notitiam
581 3640 682 3704 latere
704 3663 768 3704 non
792 3643 926 3724 possint,
950 3641 1074 3726 legatos
1096 3645 1205 3705 tamen
1229 3643 1411 3726 direximnS,

140 3763 222 3826 quos
245 3741 329 3804 ratio
352 3761 466 3803 causae
488 3742 655 3824 poscebat:
679 3743 793 3826 quibus
815 3742 1029 3825 hortantibus
1055 3745 1087 3805 ct
1101 3764 1181 3826 quac
1198 3744 1267 3827 jam
1290 3746 1413 3828 pridem

143 3843 278 3908 anobis
303 3842 485 3925 significata
507 3847 540 3906 et
561 3866 642 3928 quae
659 3825 767 3928 iruper
790 3844 906 3909 iterata
928 3848 1018 3928 sunt,
1043 3845 1083 3907 ad
1106 3845 1253 3909 effectum
1276 3846 1414 3910 Domino

143 3948 256 4009 nostro
279 3946 409 4007 auctore
431 3945 631 4028 perveniant.

651 4151 832 4255 Epistola
858 4152 905 4235 59

757 4305 805 4341 SOU

229 4399 436 4464 Exemplum
462 4397 692 4466 suggestionis
721 4400 891 4454 secundae
915 4397 1074 4455 Germani
1101 4402 1136 4454 et
1163 4397 1329 4454 Johannis
1416 4347 1569 4491 (diffiiaffi

213 4670 236 4736 ³)
258 4669 284 4720 a¹
310 4674 391 4728 ratio,
419 4662 509 4732 magis
532 4662 634 4717 cumb
657 4662 750 4731 placet
773 4669 870 4726 oratio,
898 4662 968 4717 adeo
992 4666 1023 4717 at
1049 4662 1124 4732 quod
1145 4662 1270 4731 proxime
1297 4670 1416 4733 alloquio,

138 4771 219 4809 nunc
237 4747 368 4805 variandi
389 4748 521 4803 sermonis
540 4764 607 4817 ergo
626 4748 734 4802 dicatur
752 4753 847 4809 oratio,
871 4747 990 4801 manime
1009 4766 1094 4816 quum
1111 4748 1283 4802 Justinianus
1301 4748 1417 4818 legatio-

138 4856 209 4895 nem
230 4834 455 4904 quamprimum
474 4832 547 4886 mitti
565 4831 712 4886 instantius
731 4832 865 4901 rogasset.

214 4924 237 4991 ⁴)
256 4921 275 4974 b
295 4926 367 4989 opud
383 4940 442 4973 nos·
459 4919 548 4972 minus
566 4921 639 4987 apte.

178 5024 343 5063 anieronas
357 5023 460 5063 nonas.
475 5023 587 5059 nosris.
606 5009 628 5058 I.
1174 5014 1214 5072 54
