3204 5506
283 339 415 390 ΜΟΝΙΤΑ
438 338 590 386 Punevla
615 340 651 386 IN
666 339 806 388 obnisu
830 339 944 386 Paron
967 340 1165 390 elusionum
1184 332 1210 389 l.
1339 328 1378 390 21

153 507 212 579 piant
240 501 267 578 ly
291 505 386 558 mirum
408 501 490 563 ieret,
512 499 646 575 synodum
669 519 748 575 quam
769 502 899 558 baronius
921 501 1121 559 celeberrimam
1148 503 1205 559 vult
1232 505 1378 568 exstitisse.

151 587 294 662 suiptoribus,
311 590 357 663 qni
373 605 463 643 rerum
479 585 702 660 Eutychianarum
719 587 858 643 historiam
875 596 1030 651 texuerunt.
1053 596 1099 644 aut
1113 590 1279 664 incognitam
1295 589 1379 648 fuisse

149 683 180 730 aut
191 675 283 729 irritam.

206 759 227 815 6.
253 757 288 814 lln
309 760 389 815 variis
413 758 465 814 illis
490 759 682 821 monumentis,
705 775 773 832 quae
795 757 915 814 eamdem
936 760 1073 814 materiam
1094 759 1220 834 idemque
1236 761 1377 835 ingenium

147 845 228 918 sapiunt,
249 846 273 900 iu
289 845 372 899 reteri
388 842 545 914 Corbejensi
566 842 659 898 codice
681 851 742 898 ante
765 861 849 899 annos
865 843 928 901 800
950 851 1057 899 exarato
1078 844 1160 901 latine
1181 851 1289 901 exstant
1305 845 1377 921 trag·

145 928 386 1003 areolaepistolarum
403 936 460 984 tum
482 944 505 984 s.
523 928 702 997 Quintiniani
721 932 850 1001 episcopi
866 928 1024 1002 Asuuium,
1048 936 1105 984 tum
1121 931 1296 1003 Asclepiadis
1317 936 1376 1004 epi-

144 1018 201 1086 scopi
213 1015 372 1082 Tradensis,
390 1030 458 1089 quae
470 1013 597 1069 dicuntur
608 1017 712 1070 missae
723 1016 763 1070 ad
771 1015 890 1070 Petrum
901 1015 1117 1071 Antiocbeuum.
1146 1009 1284 1091 [Secunda
1297 1018 1376 1072 etiam

143 1099 244 1154 delebat
262 1107 367 1174 septem
394 1098 525 1172 epistolae
553 1098 666 1154 aliorum
689 1100 878 1172 cpiscoporum
899 1098 1069 1155 collectionis
1095 1100 1237 1156 Avellanae
1259 1103 1376 1175 optimae

141 1193 197 1239 naue
214 1183 348 1240 codicibus
370 1202 397 1240 n.
412 1184 536 1240 71-78
552 1177 742 1259 praebentur]
774 1182 851 1251 Quod
868 1191 978 1240 notasse
990 1182 1100 1254 juverit.
1123 1193 1153 1239 ut
1173 1185 1236 1241 binc
1259 1188 1376 1260 scripto·

138 1286 180 1324 run
191 1269 289 1325 illorum
301 1271 446 1343 antiquitas
464 1268 634 1342 aliquatenus
649 1268 835 1344 dignoscatur.
860 1263 925 1345 [Qui
942 1269 1130 1325 collectionem
1142 1269 1294 1326 Avellanam
1310 1288 1375 1327 con·

138 1355 188 1417 lecit,
201 1363 259 1428 post
274 1353 369 1410 Felicis
385 1353 418 1409 ad
432 1354 540 1410 Petrum
557 1355 754 1410 Antiochenam
771 1353 912 1427 epistelam
933 1354 1094 1424 „Quoniam
1105 1356 1278 1428 pestifcris‘
1294 1358 1374 1414 etiam

137 1447 203 1513 aperte
216 1448 304 1502 notat.
327 1439 399 1495 unde
415 1439 476 1495 lans
496 1456 609 1514 graecus
630 1439 716 1513 palam
732 1438 776 1495 lit:
798 1441 938 1512 'Empticit
959 1442 1080 1511 epistola
1099 1456 1199 1511 papae
1214 1442 1322 1497 Felicis
1337 1444 1377 1498 ad

134 1526 225 1581 deluam
239 1526 445 1582 Antiochenam
460 1527 602 1582 damnans
617 1541 697 1581 cum:
718 1541 793 1599 quae
814 1529 936 1597 epistola
952 1531 1019 1582 ante
1034 1527 1245 1582 damnationem
1261 1526 1372 1593 Aeacii,

133 1618 243 1683 pentum
259 1613 328 1684 ejus
343 1618 441 1667 textus
457 1613 575 1680 indicat,
599 1616 775 1683 comperitur
790 1615 912 1684 scripta.
944 1610 1002 1666 Sed
1020 1614 1088 1684 quia
1110 1628 1174 1666 eum
1190 1613 1313 1667 aliorum
1327 1615 1372 1668 lit-

130 1699 184 1751 teris
200 1698 238 1751 ad
258 1697 384 1752 eumdem
406 1696 524 1752 Petrum
551 1698 670 1752 directis
696 1700 725 1751 in
751 1712 860 1770 praeco
889 1699 1027 1752 uolumine
1047 1698 1206 1752 invenimus
1230 1698 1266 1752 dc
1283 1698 1374 1753 latino

129 1783 275 1846 translatas,
292 1797 368 1854 quus
382 1798 459 1837 nunc
474 1784 577 1837 iterum
592 1783 627 1838 de
643 1797 752 1855 praeca
763 1785 793 1837 in
807 1783 928 1837 latinum
940 1785 1112 1838 necessitate
1125 1784 1264 1852 compulsi
1276 1786 1372 1837 trans-

124 1865 236 1938 (mentes
256 1867 461 1938 descripsimus
478 1874 602 1938 propter
622 1868 836 1923 naereticorum
850 1868 979 1937 insidias,
1003 1873 1030 1923 ct
1052 1867 1229 1939 supradictis
1244 1869 1373 1939 epistolis

123 1952 235 2023 ejusdem
248 1967 347 2022 papae
364 1945 583 2026 connectimus]

194 2035 220 2092 l.
250 2035 366 2091 Litteras
380 2036 438 2092 illas
454 2052 508 2091 non
525 2035 620 2092 Felicis
636 2037 684 2092 sed
700 2037 829 2111 Simplicii
846 2054 906 2093 csse
922 2037 980 2092 vult
995 2037 1128 2092 Antonius
1145 2035 1208 2109 Pagi
1224 2034 1256 2090 ad
1272 2053 1372 2093 annum

119 2121 211 2176 luomi
227 2119 297 2184 478,
315 2128 345 2176 ut
360 2119 392 2175 ad
407 2138 505 2176 annum
520 2120 582 2178 483
599 2131 661 2194 post
677 2122 847 2178 Guiliclmum
862 2121 1034 2177 Cachalesii
1050 2123 1169 2176 rationes
1185 2120 1294 2176 refutat.
1318 2121 1370 2178 Sed

119 2205 189 2262 l’elici
204 2223 246 2261 eas
261 2205 416 2261 adscribunt
432 2205 551 2276 ejusdem
567 2208 646 2263 seriei
658 2207 787 2281 epistolae
800 2206 934 2274 Quintiani
946 2215 974 2262 et
985 2206 1084 2262 tustini
1112 2200 1177 2283 [uec
1188 2223 1243 2263 nen
1255 2206 1371 2281 cyrillus

116 2291 345 2366 Scythopolitanus
361 2293 387 2347 in
404 2293 455 2347 rita
470 2309 493 2346 s.
510 2290 593 2348 Sabae
609 2311 635 2347 n.
654 2286 731 2368 32.].

636 2499 837 2508 -.——-——-

565 2681 717 2755 Manita
741 2681 903 2776 praevia

388 2853 434 2926 in
467 2851 641 2927 Gelasii
673 2827 817 2947 papae
851 2850 1085 2946 epistolas.

298 3080 338 3134 In
359 3072 476 3134 deludi
495 3090 595 3151 papae
618 3071 781 3150 epistolam
802 3071 817 3130 l
840 3067 944 3151 (.,Post
959 3067 1173 3152 quiupentos“).

194 3197 219 3252 1.
251 3196 511 3252 Praestantissimum
528 3195 580 3250 boc
595 3193 756 3268 opusculum
772 3191 868 3248 Gelasii
884 3210 916 3249 er
932 3193 1024 3249 codice
1039 3190 1238 3250 Veronensi46
1254 3192 1369 3265 primum
1382 3197 1460 3270 [Ed]

117 3282 224 3356 vulgarit
245 3282 408 3338 clarissimus
429 3282 546 3336 marchio
562 3278 721 3335 Franciscus
736 3277 826 3352 Scipio
843 3277 962 3349 llallejus
986 3280 1013 3333 in
1035 3276 1120 3332 Colcti
1142 3276 1248 3332 collect.
1271 3277 1369 3333 concil.

117 3367 392 3430 tem.Vcol.195ss.‚
415 3374 441 3421 et
458 3365 551 3421 cedem
574 3373 695 3438 tempore
710 3380 780 3419 anno
798 3363 879 3420 1728
900 3364 1045 3437 separatim
1060 3362 1179 3417 Venetiis
1201 3360 1251 3418 sub
1275 3361 1369 3417 titulo:

117 3453 340 3524 Supptementum
351 3452 530 3507 Acacianum
540 3456 720 3507 incaementa
732 3466 880 3521 nunquam
894 3450 969 3505 edita
982 3452 1139 3517 continens,
1152 3463 1227 3518 quae
1238 3448 1370 3504 marebio

117 3538 204 3609 Scipio
219 3538 364 3610 Maffejus
379 3552 394 3592 e
409 3539 603 3592 uetustissimis
627 3535 798 3591 Veronensis
815 3536 937 3606 capituli
951 3534 1098 3590 codicibus
1113 3534 1188 3588 eruit
1203 3539 1290 3605 atque
1304 3534 1369 3589 illu·

117 3627 218 3679 strauit.
256 3622 330 3678 Unde
351 3639 366 3676 a
385 3621 504 3694 losepbo
526 3620 671 3676 Blaucbino
692 3621 720 3674 in
740 3618 886 3692 appendice
910 3635 1022 3692 operum
1038 3615 1173 3674 Sirmondi
1191 3616 1233 3673 ed.
1250 3616 1369 3673 Venetiis

118 3708 217 3763 1⁰le
238 3723 300 3782 pag.
316 3706 386 3769 553.
413 3704 444 3760 ab
466 3705 560 3760 codem
581 3703 684 3775 llallejo
706 3706 807 3760 istoria
829 3706 968 3777 tealoqica
989 3703 1032 3758 ed.
1057 3702 1178 3757 Tridenti
1199 3718 1270 3757 anno
1288 3700 1369 3758 1742

117 3808 172 3866 paq.
190 3791 258 3854 220,
280 3791 410 3846 allansio
431 3788 494 3846 coll.
517 3790 613 3846 correil.
638 3799 702 3845 tom.
721 3788 763 3843 Vll
784 3788 836 3844 col.
856 3788 936 3846 1069
952 3796 979 3844 et
994 3805 1008 3842 a
1024 3786 1124 3862 ilignio
1140 3786 1278 3861 Patrolog.
1296 3803 1368 3842 curs.

117 3878 235 3951 complet.
250 3887 316 3934 tem.
330 3876 405 3931 Lvlll
420 3875 472 3931 col.
487 3876 547 3932 937
563 3877 661 3931 iterato
676 3873 837 3948 productum
854 3880 904 3928 est.
938 3873 1010 3929 ldem
1021 3872 1145 3928 laudatus
1161 3872 1278 3928 marchio
1294 3887 1370 3945 prae·

118 3961 208 4019 ialiene
223 3971 251 4018 et
265 3964 338 4017 notis
355 3962 490 4024 instruxit,
514 3978 579 4035 quas
597 3960 640 4015 alii
662 3960 802 4034 repetiisse
818 3959 883 4014 satis
898 3958 1059 4014 babuerunt.
1092 3957 1266 4013 [lectissimus
1281 3955 1370 4011 selum

116 4045 242 4121 losepbns
263 4047 423 4102 blanchinus
444 4062 512 4101 nova
534 4044 567 4101 de
588 4044 682 4100 eodem
703 4045 878 4117 inquisitione
899 4052 927 4098 et
947 4042 1011 4098 dicti
1033 4042 1132 4098 codicis
1153 4041 1299 4096 collatione
1319 4037 1370 4095 sibi

118 4132 336 4204 supersedendum
361 4148 414 4187 nen
437 4140 511 4188 ratus
538 4138 589 4192 est,
620 4129 691 4185 unde
718 4128 749 4184 ad
772 4130 856 4203 ipsius
877 4128 1034 4203 praeprimis
1057 4135 1159 4182 textum
1181 4124 1258 4181 nobis
1280 4141 1370 4180 recur-

116 4217 219 4273 rendum
235 4219 296 4273 erit.

193 4302 222 4359 2.
252 4303 288 4357 lie
303 4309 374 4357 statu
390 4302 527 4375 archetypi
543 4311 570 4357 ct
586 4302 708 4356 nuatione
724 4298 848 4373 opusculi
864 4298 943 4370 hujtts
960 4314 1040 4371 saepe
1058 4295 1146 4351 dictus
1169 4295 1287 4350 marchio
1309 4310 1370 4350 cru·

117 4387 255 4443 ditissimus
270 4389 307 4443 ita
323 4386 379 4442 iere
394 4386 543 4460 praefatur:
566 4388 648 4455 Quod
661 4388 701 4442 ad
714 4388 862 4457 epistolam
878 4390 1005 4441 nostram
1021 4384 1129 4450 attinet,
1149 4381 1284 4452 pluribus
1298 4382 1371 4436 locis

116 4475 287 4546 eloquentiae
300 4473 452 4529 luminibus
466 4474 544 4542 uitet,
561 4475 689 4545 quamuis
704 4473 834 4542 inficiari
847 4485 927 4524 nense
939 4471 1039 4538 pessit,
1055 4469 1207 4522 luxuriari
1221 4473 1369 4521 auctorem

116 4560 262 4631 aliquando
283 4563 456 4629 acutumque
477 4573 514 4612 ac
530 4558 632 4614 subtile
647 4558 761 4612 dicendi
778 4571 869 4630 qenus
889 4556 1003 4610 curiose
1024 4553 1198 4608 corrsectari.
1238 4550 1369 4605 Ordinem

116 4646 258 4699 mirabitur
270 4646 385 4714 aliquis,
402 4659 457 4714 quo
469 4645 559 4698 utitur
570 4646 627 4697 siue
639 4660 694 4714 quo
707 4648 797 4711 caret,
815 4648 872 4696 tum
883 4642 1048 4695 incoranexu
1060 4639 1232 4709 quandoque
1244 4636 1369 4691 membru

116 4738 140 4783 et
152 4732 309 4784 sententias
324 4742 412 4798 saepe
427 4730 573 4798 repetitas.
602 4728 637 4783 At
650 4733 857 4799 praeterquam
872 4725 949 4797 quod
962 4724 1131 4779 aduersario
1140 4723 1270 4795 fortasse
1282 4736 1370 4774 uusa-

115 4805 203 4880 ne'dac
218 4815 331 4872 insistit,
353 4816 457 4868 luxato
479 4814 571 4868 codici
591 4814 621 4868 id
640 4828 680 4868 ea
695 4819 783 4884 parte
805 4811 984 4866 tribuendum
1005 4810 1146 4879 suspicor.
1179 4807 1284 4861 Mirum
1298 4818 1369 4861 sanc

115 4906 161 4968 ert,
178 4906 246 4972 quot
260 4899 377 4955 librarii
391 4898 507 4968 mendis,
530 4904 640 4971 quauta
656 4904 686 4953 ut
703 4898 814 4956 uidetur
828 4897 1033 4951 sententiarum
1049 4894 1236 4965 corruptione
1251 4907 1288 4946 ac
1299 4903 1368 4961 per·
