3204 5506
200 357 262 420 996
640 369 668 418 s.
688 366 895 417 noanrsoae
917 364 1031 414 aaran

201 549 316 590 nensern
334 534 531 604 prouinciam,
558 531 608 592 ait,
630 534 781 601 superiore
802 546 893 596 anno,
921 532 946 583 si
963 529 1126 583 meminisse
1147 527 1318 598 dipnamini‚
1343 525 1416 580 dalis
1435 526 1473 579 ad

200 621 435 675 humilitatem
458 631 564 671 meam
583 617 686 671 litteris
701 617 843 684 visitastis,
865 627 940 686 quae
960 613 1000 668 ad
1019 627 1077 679 me,
1100 606 1264 666 secundnm
1279 611 1360 684 quod
1371 628 1469 680 oppor-

202 707 310 759 tunitas
336 703 432 757 ablata
459 701 636 762 contulerat,
664 715 720 771 per
740 701 921 754 Arelatensis
947 699 1090 753 ecclesiae
1117 698 1247 752 clericos
1271 703 1469 767 pervenerant.

201 786 275 842 Unde
290 786 349 842 illas
365 786 466 840 litteras
482 784 514 839 ad
530 783 679 839 Caesarium
695 783 809 839 directas
825 784 904 838 etiam
925 798 938 837 a
960 781 1015 854 pari
1031 780 1064 835 ad
1081 781 1192 836 Avitum
1208 780 1389 836 Viennensem
1404 779 1469 833 datas

202 889 275 932 esse,
298 870 368 925 lrand
389 868 499 925 dubium
519 877 570 924 est.
608 869 634 923 Si
656 878 744 923 antem
761 868 892 923 Beacinus
911 869 983 922 notis
1005 867 1031 921 in
1048 866 1223 921 Anastasium
1245 864 1469 920 bibliothecarium

202 951 755 1028 (1113511511.111.1]11111111,οο1182)
776 952 883 1008 easdem
904 952 1006 1006 litteras
1027 950 1179 1024 encyclicas
1203 949 1290 1006 luisse
1312 957 1397 1022 putat.
1418 951 1469 1022 qul·

202 1039 252 1094 bns
268 1040 388 1113 episcopi
404 1037 587 1094 occidentales
604 1037 635 1092 ad
651 1036 823 1093 celebrandas
845 1043 938 1092 eontra
959 1036 1074 1091 schisma
1090 1036 1259 1091 Graecorum
1281 1033 1401 1108 synodos
1415 1052 1469 1107 pro

202 1124 327 1180 vinciales
343 1123 473 1179 aelmoniti
487 1123 550 1185 sint,
568 1131 648 1196 atque
664 1121 796 1192 ejusmodi
819 1121 939 1195 synodos
954 1137 1046 1176 revera
1064 1119 1163 1194 ubique
1180 1119 1331 1176 celebratas
1346 1128 1372 1174 et
1389 1136 1468 1174 aaran

203 1209 350 1265 constituta
365 1207 460 1263 deinde
480 1209 508 1263 in
523 1206 656 1281 synodum
673 1205 816 1262 Romanam
838 1208 913 1280 quasi
933 1204 1096 1262 conduxisse
1117 1205 1208 1268 addit,
1232 1205 1321 1279 magis
1342 1205 1468 1278 ingenium

203 1310 282 1349 suum
298 1309 378 1366 quam
394 1309 436 1348 res
453 1301 545 1366 gestas
562 1300 659 1347 narrat.

814 1383 873 1449 IX.

205 1497 311 1553 (1.515
333 1504 416 1568 temp.
440 1503 568 1552 autumn.
612 1495 792 1554 Passessoris
821 1497 951 1567 episcopi
968 1491 1108 1565 Africani
1132 1497 1173 1550 ad
1197 1478 1389 1552 Hormtsaan'
1410 1495 1469 1564 fidei

359 1596 429 1636 suae
445 1584 623 1637 contestatio.

290 1683 435 1738 l'ossessor
455 1683 599 1755 episcopus
621 1682 774 1745 Africanus,
804 1698 854 1755 pro
885 1680 937 1736 lide
957 1681 1086 1737 catholica
1108 1680 1347 1756 Constantinopoli
1368 1681 1469 1754 degens.

205 1769 310 1842 legatos
326 1766 575 1841 apostolicaesedis
592 1768 677 1841 primo
693 1767 757 1823 illuc
773 1769 868 1822 autimas
885 1782 938 1822 nou
953 1766 1043 1821 solum
1058 1765 1170 1822 solertia
1190 1784 1241 1822 sua
1263 1767 1337 1823 omni
1358 1783 1389 1821 ex
1405 1773 1468 1839 parte

206 1852 316 1925 adjuvit,
333 1851 380 1907 sed
397 1853 428 1906 iis
444 1851 623 1907 remeantibus
639 1853 719 1907 etiam
733 1854 858 1909 libellam
880 1854 914 1907 de
930 1851 1113 1923 consessione
1128 1859 1231 1908 rectae
1245 1854 1317 1924 fidei
1338 1852 1371 1906 ad
1391 1851 1468 1924 paud·

207 1937 283 1994 bcem
299 1936 382 1993 dedit.
419 1936 447 1991 ln
463 1953 517 2009 quo
534 1936 590 1998 bic.
612 1936 644 1991 111
660 1936 748 1992 Nonas
764 1936 868 2011 apriles
891 1954 914 2010 a,
931 1936 992 1993 517
1015 1935 1167 1992 rescribens
1183 1938 1276 2011 (epist.
1291 1936 1353 2006 31),
1381 1935 1468 1990 discen

206 2026 401 2079 sinceritatem
416 2020 488 2077 illius
504 2020 623 2084 extollit,
645 2025 713 2094 quia
735 2024 811 2094 qaod
830 2029 909 2077 recte
931 2022 1065 2091 credidit,
1089 2023 1141 2077 srrb
1163 2026 1350 2079 attestatione
1364 2022 1468 2092 publiea

204 2110 381 2179 praedicare
407 2123 463 2162 nan
483 2107 600 2162 distulit.
638 2104 766 2161 Libellum
786 2108 874 2180 ipsum
890 2115 979 2162 autem
994 2105 1174 2162 remeantibus
1196 2106 1312 2182 legatis,
1336 2108 1354 2161 i.
1371 2123 1394 2160 o.
1410 2106 1469 2159 cirea

208 2191 287 2249 finem
303 2192 344 2247 val
360 2199 421 2248 ante
437 2191 550 2247 hiemem
562 2192 623 2246 anni
631 2190 692 2248 515
704 2189 943 2264 (conl.episl.11).
959 2191 1142 2264 conscriptum
1154 2207 1225 2256 esse,
1243 2191 1413 2247 manifestum
1424 2197 1468 2243 est.

818 2318 859 2384 X.

209 2449 236 2486 a.
255 2428 315 2486 515
332 2436 416 2501 temp.
433 2436 560 2485 autumn.
606 2429 816 2501 Episcoporum
834 2429 1020 2486 Orientalium
1041 2430 1269 2487 orthodoxorum
1291 2431 1334 2486 ad
1351 2430 1470 2486 Hamis·

360 2516 426 2570 darn
439 2516 509 2585 fidei
522 2529 593 2570 suae
608 2523 635 2570 et
651 2516 846 2571 calamitatum
864 2531 938 2588 quas
949 2532 1006 2586 pro
1021 2516 1078 2570 leae
1091 2516 1285 2587 patiebantur
1300 2517 1470 2572 contestatio.

295 2615 324 2671 b'i
342 2614 471 2683 fallimur,
495 2614 632 2671 Ennodius
651 2625 678 2672 et
694 2617 760 2672 socii
781 2633 795 2671 a
816 2617 901 2690 prima
916 2615 1052 2689 legatione
1068 2616 1216 2673 redeuntes
1237 2617 1270 2672 ab
1286 2616 1420 2690 episcopis
1433 2631 1471 2669 aa

210 2700 336 2758 tlrodouis
352 2699 540 2762 Orientalibus,
567 2717 683 2774 quornm
699 2701 768 2756 baud
784 2699 863 2757 dubie
879 2717 932 2758 non
948 2718 1044 2774 parvus
1065 2718 1195 2758 numerus
1211 2704 1269 2776 ipsa
1286 2704 1313 2757 in
1330 2700 1472 2757 Constanti

209 2786 301 2860 napoli
319 2784 485 2846 versabatur,
507 2785 610 2841 litteras
632 2785 663 2841 ad
680 2785 846 2841 llormisdam
867 2786 1039 2847 detulerunt,
1062 2785 1159 2859 quibus
1180 2787 1261 2843 iidem
1285 2793 1314 2842 et
1335 2785 1397 2842 fidei
1416 2800 1472 2840 suae

211 2873 342 2927 servorem
358 2879 385 2925 et
402 2870 484 2924 varias
507 2887 573 2943 quas
594 2869 761 2944 patiebantur
783 2870 914 2945 procellas
935 2869 1111 2945 exponebant,
1128 2870 1325 2946 pontificisque
1346 2880 1374 2927 et
1388 2885 1473 2945 procos

211 2965 237 3011 at
254 2972 333 3029 opem
348 2954 540 3027 efflagitabant.
579 2955 679 3011 Saltem
696 2954 843 3019 llormisda.
866 2973 948 3030 quum
969 2955 1086 3012 secunda
1101 2956 1240 3030 legatione
1263 2958 1346 3012 missa
1366 2956 1426 3011 illos
1444 2954 1473 3008 de

210 3039 342 3111 ey'usrnodi
358 3039 437 3094 rebus
453 3039 561 3113 speciali
577 3039 689 3114 epistola
704 3040 807 3112 (Herm.
825 3041 903 3114 epist.
921 3040 973 3112 30)
994 3040 1159 3103 consoletur,
1182 3058 1212 3097 sa
1232 3041 1344 3097 illorum
1360 3040 1473 3096 dilectio

211 3144 271 3180 nem
287 3127 356 3180 circa
373 3125 452 3178 benaa
470 3124 599 3180 litterario
615 3143 739 3181 sornrono
754 3142 957 3197 remunerare,
980 3143 1055 3199 spem
1076 3127 1196 3201 paginali
1211 3126 1403 3182 adhortatione
1417 3141 1472 3180 cou-

211 3209 316 3265 srrmarc
331 3218 358 3265 et
373 3209 426 3264 illis
438 3208 587 3278 jucundum
603 3211 719 3265 caritatis
736 3213 856 3267 reddere
872 3212 1055 3267 testimonium
1075 3210 1212 3284 significat
1227 3211 1321 3285 (epist.
1338 3211 1381 3268 30
1401 3227 1425 3264 u.
1439 3206 1470 3280 1).

212 3297 248 3350 Aa
270 3297 310 3349 vix
332 3293 509 3354 eredendum.
539 3296 680 3368 episcopos
701 3295 762 3351 illos
784 3313 833 3368 pro
849 3294 901 3352 fide
916 3296 1086 3353 confessores
1109 3296 1154 3351 tali
1176 3296 1238 3352 data
1261 3298 1406 3352 occasione
1426 3309 1470 3348 nau

212 3397 309 3434 usuros
332 3378 428 3440 luisse,
453 3387 481 3432 ut
502 3395 670 3434 communem
692 3388 795 3453 patrem
817 3389 844 3435 et
864 3383 1063 3438 consolatorem
1083 3383 1197 3456 proprio
1218 3398 1349 3438 sermone
1363 3380 1470 3452 aliaque

210 3474 313 3520 rentur.
351 3462 475 3518 Ceterum
490 3462 622 3519 simillima
644 3464 748 3520 illarum
770 3467 912 3539 regionum
934 3466 1053 3523 conditio
1069 3465 1125 3537 jam
1146 3467 1174 3522 iu
1190 3465 1292 3522 Gelasii
1312 3465 1424 3541 epistola
1438 3462 1470 3516 13

210 3567 240 3604 ac
255 3548 351 3605 deinde
366 3550 401 3602 im
418 3546 574 3605 llormisdae
589 3550 710 3622 epistolis
726 3549 765 3607 39
782 3560 809 3606 ct
824 3550 866 3609 40
880 3550 957 3608 nobis
973 3551 1099 3608 occurrit.

814 3677 871 3744 XI.

210 3807 239 3844 a.
252 3786 313 3844 516
330 3793 396 3842 ante
412 3803 498 3843 mens.
516 3787 594 3859 Sept.
633 3788 802 3845 Dardaniae
818 3795 845 3845 et
860 3790 975 3863 lllyrici
989 3791 1028 3846 ad
1037 3790 1223 3847 Hormisdam
1240 3798 1273 3847 ut
1288 3791 1344 3846 sibi
1358 3790 1470 3863 episcopi

363 3874 571 3928 ordinarentur
580 3876 690 3944 petitio.

295 3975 323 4029 ln
339 3974 452 4047 epistola
469 3973 507 4028 22
529 3973 562 4028 ad
577 3975 682 4030 Avitum
700 3974 874 4031 Viennensem
892 3975 1031 4032 {lormisda
1052 3977 1123 4032 inter
1142 3976 1203 4038 illa,
1228 3995 1298 4051 quae
1321 3979 1404 4051 ipsius
1424 3977 1469 4030 mi

212 4078 283 4115 saraam
300 4060 399 4114 laetitia
419 4057 610 4132 adimplerent,
634 4062 789 4134 praeprimis
807 4061 952 4124 Thracum,
979 4061 1161 4117 Dardanorum
1182 4069 1210 4116 et
1226 4061 1397 4137 illyricorum
1416 4076 1469 4118 rou·

211 4147 333 4201 stantiam
351 4144 435 4199 ellert.
474 4143 534 4206 Ubi,
562 4145 635 4218 qarod
648 4146 701 4215 jann
718 4147 797 4219 epist.
815 4146 832 4203 9
850 4143 885 4222 (d.
905 4147 941 4202 11
960 4146 1034 4220 Sept.
1051 4163 1074 4201 a.
1089 4145 1162 4215 515)
1183 4146 1218 4202 de
1240 4147 1352 4203 illorum
1372 4161 1469 4203 conver-

210 4233 287 4286 sione
302 4231 478 4290 nnntiaverat‚
495 4229 692 4303 quodammodo
708 4240 876 4304 persecutus,
896 4232 1032 4303 Thraces,
1047 4234 1115 4287 licet
1125 4237 1370 4306 persequentiam
1385 4237 1468 4287 inem·

211 4319 289 4372 sibus
305 4323 477 4383 atterantur,
494 4319 522 4370 in
538 4317 805 4386 sedisapostolicae
826 4323 922 4373 tamen
942 4321 1137 4374 conmunione
1155 4322 1321 4389 persistere
1344 4323 1469 4373 mearam.

211 4403 363 4457 llardania
379 4407 406 4455 et
421 4401 558 4472 Illyricas
573 4405 665 4456 uicina
678 4402 856 4471 Parrrroniae,
874 4387 970 4459 deinde
986 4404 1084 4476 pergit,
1101 4422 1118 4458 a
1134 4403 1225 4472 nobis,
1243 4405 1395 4476 quodjanr
1407 4401 1468 4472 feci·

211 4503 273 4542 11111
290 4488 337 4541 ubi
350 4489 546 4541 necessariam
558 4485 625 4558 suit,
648 4495 679 4542 at
695 4488 749 4542 sibi
767 4491 898 4561 episcopi
911 4489 1127 4557 ordinarentur,
1150 4491 1284 4560 expetiit.
1323 4487 1361 4544 lbi
1375 4484 1483 4561 quaten

211 4570 244 4624 da
259 4571 309 4626 alia
324 4571 459 4643 legatione
474 4571 578 4625 illarum
595 4573 750 4645 regionum,
772 4589 851 4645 quam
872 4588 939 4645 quae
960 4589 1040 4646 supra
1067 4589 1093 4628 n.
1107 4572 1140 4627 lv
1156 4582 1320 4636 memorata.
1348 4575 1389 4648 agi
1412 4567 1469 4626 baud

211 4654 320 4710 alabium
336 4664 386 4716 est,
403 4673 485 4729 quum
497 4655 552 4725 jam
568 4658 719 4712 antistantia
736 4656 796 4712 lidei
811 4666 888 4713 aratea
909 4659 1058 4730 promissae
1080 4656 1283 4731 quodammodo
1302 4658 1469 4734 praedicetur.

210 4739 263 4794 Sall
279 4747 306 4794 et
322 4750 435 4813 tempus,
453 4740 545 4814 quaid
559 4741 664 4804 loretum.
682 4743 848 4815 aliquatenus
860 4743 989 4797 innuitur.
1012 4742 1077 4798 Nam
1092 4743 1147 4800 illis
1163 4744 1297 4818 exemplis
1313 4746 1388 4818 quasi
1402 4758 1471 4816 argu

211 4833 298 4879 menta
314 4827 405 4886 nectit.
428 4826 525 4898 aynilnrs
548 4827 710 4900 legationem
727 4829 887 4882 Graecorum
909 4844 957 4900 per
972 4828 1180 4902 Theopompum
1202 4839 1232 4884 ct
1246 4829 1418 4887 Severianum
1435 4826 1471 4880 die

212 4910 250 4965 lti
262 4909 326 4964 larlii
341 4911 434 4967 115111
451 4912 578 4967 ‹liractam
594 4912 900 4987 (llorm.rp.llct12)
916 4911 1114 4971 iramlulentam
1130 4923 1158 4971 et
1174 4924 1272 4972 contra
1288 4917 1471 4992 promissarum
