3204 5506
260 346 324 412 914
701 359 730 409 s.
745 357 953 408 nonursnan
974 357 1090 407 aaran

137 521 325 587 (atto-hum
352 514 563 579 observantia
591 513 787 578 vindicabat.
838 512 999 578 Decuerat
1026 512 1202 598 siquidem,
1231 513 1338 578 frater
1365 517 1522 601 carissime,

259 625 292 685 te
319 618 445 704 legatos
473 617 512 680 ad
542 616 750 701 apostolicam
778 615 886 679 sedem
916 615 1002 679 inter
1031 615 1103 699 ipsa
1128 615 1178 680 tui
1207 615 1420 701 pontificatus
1444 619 1524 683 initia

260 720 456 801 destinasse,
479 722 517 783 ut
539 722 572 782 et
593 738 687 802 quem
709 717 770 781 tibi
792 717 964 781 debeamus
987 717 1138 782 affectum
1161 719 1245 783 bene
1262 740 1478 803 cognosceres,
1498 725 1524 785 et

260 827 405 889 vetustae
429 820 668 885 consuetudinis
689 819 826 884 formam
848 820 910 884 rite
933 820 1118 905 compleres.
1154 820 1218 886 Sed
1240 820 1321 885 licet
1341 820 1392 886 his
1413 823 1523 887 omissis

259 923 426 1011 paginalia
454 925 583 986 tantum
610 921 757 986 sufficere
781 921 959 1006 judicasses
992 945 1031 987 ex
1063 923 1233 988 occasione
1269 922 1444 1008 colloquia,
1474 946 1524 990 nos

258 1031 369 1091 tamen
391 1025 497 1110 gratia
520 1023 740 1107 stimulantel)
763 1023 934 1107 compulsi,
960 1024 1091 1089 interim
1109 1025 1219 1108 justae
1243 1026 1462 1090 constantiam
1480 1047 1523 1090 er·

259 1126 468 1212 spectationis
491 1126 720 1210 abrumpimus,
744 1126 907 1210 reciproca
921 1129 1052 1191 mutuae
1068 1127 1215 1191 caritatis
1235 1127 1337 1191 verba
1351 1128 1522 1193 reddentes:

259 1231 334 1315 quia
362 1233 394 1294 et
419 1232 529 1294 noster
557 1229 684 1294 animus
712 1228 828 1292 amoris
856 1227 1045 1312 impatiens,
1083 1233 1117 1294 et
1142 1228 1328 1314 legatorum
1355 1234 1522 1295 nostrorum

257 1332 366 1396 votiva
388 1331 536 1415 relati04)
559 1332 732 1413 exclusum,
756 1330 840 1415 quod
855 1329 1036 1413 imperabat
1051 1352 1158 1414 causa,
1183 1331 1353 1396 silentium
1375 1332 1415 1396 ad
1428 1332 1521 1397 officia

258 1433 402 1519 benigna
424 1435 603 1515 traxerunt,
627 1433 741 1517 quibus
764 1432 804 1497 ad
826 1453 978 1516 praesens
1000 1434 1110 1518 gaudii
1131 1433 1236 1498 nostri
1260 1433 1359 1518 signa
1379 1437 1521 1499 monstra·

258 1557 329 1600 mus
351 1539 384 1599 et
406 1536 552 1619 privatae
574 1535 805 1619 quodammodo
828 1535 1023 1622 amicitiant)
1046 1535 1155 1601 votiva
1177 1536 1400 1619 persolvimus.
1433 1535 1520 1621 lega·

257 1637 379 1701 tionem
403 1640 511 1701 autem
531 1640 621 1701 tuam
649 1639 682 1701 et
711 1658 750 1701 ea
777 1658 840 1721 qua
868 1636 987 1701 dudum
1013 1638 1121 1722 gratia
1148 1638 1364 1720 sustinemus,
1397 1641 1430 1702 et
1457 1638 1520 1703 fulli

257 1739 418 1804 veteribus
441 1739 626 1804 constitutis
654 1738 811 1824 exigimus
818 1788 827 1821 ,
857 1741 894 1803 ut
920 1741 1078 1822 quantum
1106 1740 1217 1825 gaudii
1245 1740 1391 1805 fructum
1417 1739 1464 1804 rel
1488 1740 1519 1804 de

256 1841 306 1904 tui
327 1840 535 1925 pontificatus
557 1840 678 1905 honore
701 1840 881 1924 capiamus,
915 1840 965 1903 vel
987 1862 1066 1925 quas
1093 1841 1154 1905 tibi
1176 1841 1303 1926 gratias
1325 1841 1436 1906 referri
1458 1863 1518 1906 oon·

256 1943 367 2008 veniat
392 1964 452 2028 pro
477 1942 632 2027 impensis
654 1942 689 2006 in
710 1941 843 2027 negotio
865 1941 1094 2026 propagandae
1121 1943 1259 2008 unitatis
1287 1943 1421 2027 officiis,
1448 1943 1516 2008 sicut

198 2075 204 2087 =
256 2048 439 2110 nostrorum
467 2044 688 2128 multipliciter
715 2044 875 2109 adstruxit
906 2043 1087 2128 legatorum
1118 2045 1280 2129 narratio,
1319 2046 1515 2130 exprimamus

257 2147 445 2212 evidentius.

747 2264 930 2369 asisino
956 2265 1032 2348 nl.

120 2418 247 2477 sarad.
464 2419 665 2486 Justtniani
689 2417 845 2501 Augusti
868 2416 912 2483 ad
934 2416 1164 2484 hormisdam
1186 2436 1327 2503 papam.

133 2487 222 2543 Huni
447 2559 486 2608 Be
505 2559 578 2617 Elia,
604 2559 699 2609 Ydomo
717 2565 742 2608 et
760 2559 909 2609 Nicostrato
928 2559 990 2624 quid
1006 2559 1133 2608 obstinati
1151 2559 1346 2609 decernendrmr.

407 2673 428 2738 J
436 2674 670 2738 ustinianus
693 2673 935 2759 Augustus¹)
958 2672 1191 2738 Hormisdae
1213 2696 1352 2759 papae.

343 2795 371 2858 1.
405 2792 509 2868 Quum
526 2793 564 2870 in
589 2792 697 2857 animo
718 2792 812 2856 nobis
835 2791 893 2876 sit,
923 2796 1017 2876 pater
1038 2791 1297 2877 religiosissime,
1328 2798 1365 2858 ut
1385 2796 1419 2858 in
1439 2793 1507 2858 omni

256 2961 330 3031 exigi
347 2961 447 3016 mirum
466 2976 521 3016 non
540 2963 590 3017 est.
626 2960 795 3016 Prudentiae
808 2962 902 3016 autem
915 2963 977 3017 erat
988 2961 1084 3031 regiae
1096 2961 1174 3016 urbis
1192 2962 1381 3032 praesidibus,
1399 2962 1444 3032 qui
1452 2979 1508 3016 sum-

256 3063 332 3100 mam
349 3062 437 3118 prope
455 3047 484 3100 in
496 3045 620 3101 Ecclesia
636 3047 806 3116 potestatem
825 3047 1008 3113 ail‘eetabant,
1026 3045 1095 3100 nihil
1107 3046 1144 3101 ab
1156 3046 1318 3116 hujusmodi
1331 3047 1436 3113 officiis,
1451 3061 1508 3116 quat

213 3148 218 3156 ·
255 3131 324 3202 ipsis
343 3131 513 3186 consuetudo
532 3129 716 3200 imposuerat,
735 3129 887 3186 remittere.
923 3131 991 3200 Ejus
1008 3146 1074 3185 vero
1093 3131 1191 3197 moris,
1210 3147 1295 3198 quem
1312 3130 1508 3186 Hormisdsnin

256 3216 343 3284 dicat,
367 3216 524 3287 exemplum
546 3215 642 3271 videre
665 3218 708 3270 est
729 3216 805 3286 apud
823 3215 980 3271 Palladium
995 3215 1025 3269 in
1044 3215 1102 3271 vite
1120 3215 1325 3285 chrysostomi,
1349 3216 1507 3272 ubidandus

255 3301 416 3357 Berocensis
434 3301 581 3371 episcopus
597 3301 717 3356 Romam
734 3301 841 3356 venisse
859 3303 1032 3356 memoratur
1048 3305 1137 3368 serena
1149 3305 1323 3356 ordinationis
1334 3306 1452 3357 tonando
1465 3306 1507 3370 epi·

254 3393 329 3456 scopi
345 3393 480 3444 decretum.
521 3386 577 3442 Sed
599 3402 689 3454 neque
711 3385 785 3440 hunc
802 3386 892 3441 solum
909 3387 977 3440 tuno
993 3384 1114 3452 venisse,
1137 3384 1332 3441 Theodoretus
1351 3386 1378 3442 h
1398 3404 1421 3442 e.
1437 3386 1470 3452 11,
1483 3390 1507 3438 tt

255 3473 284 3525 et
301 3471 469 3526 Sozomenus
485 3472 512 3525 h.
534 3489 556 3526 e.
575 3470 654 3538 VIII,
675 3480 690 3526 3
707 3472 792 3525 testes
810 3473 883 3524 sunt.
919 3469 1080 3524 Anatolium
1097 3470 1262 3540 episcopum
1280 3468 1505 3541 eonsnnsnopoi-

254 3558 352 3609 tanum
373 3558 437 3626 post
460 3556 664 3610 ordinationem
686 3573 766 3611 suem
784 3555 939 3611 Casterium
961 3554 1158 3625 presbyterum
1180 3573 1232 3611 nec
1256 3572 1314 3611 non
1331 3556 1472 3612 Patrioiom
1485 3558 1506 3608 et

254 3640 448 3710 Asclepiadem
467 3640 598 3696 diaconos
617 3658 679 3695 cum
696 3639 798 3695 litteris
810 3642 930 3696 Romam
947 3640 1064 3709 legasse,
1081 3639 1183 3695 Leonis
1200 3640 1323 3711 epistola
1334 3647 1368 3696 80
1380 3661 1405 3697 n.
1419 3649 1430 3696 1
1441 3639 1505 3695 idm

255 3724 330 3779 lacit.
370 3726 522 3796 Gregorius
545 3726 625 3795 epist.
649 3725 697 3781 lib.
715 3725 754 3779 Vl
776 3724 831 3778 ind.
857 3732 889 3779 14
911 3726 991 3795 epist.
1012 3731 1044 3778 66
1068 3743 1154 3794 quum
1177 3723 1272 3779 animo
1294 3726 1333 3780 ad
1354 3724 1505 3782 scribendum

255 3809 370 3879 Cyriaco
389 3827 485 3865 reeens
503 3810 631 3866 ordinato
650 3808 745 3879 regiae
764 3809 840 3863 urbis
855 3809 986 3880 episcopo
1004 3810 1206 3879 propenderet,
1224 3826 1287 3865 sese
1300 3810 1435 3878 cohibuit,
1449 3808 1504 3879 qd&
1551 3871 1553 3876 ,

253 3895 355 3964 inquit,
378 3901 532 3951 consuetudo
550 3916 601 3949 non
619 3908 669 3958 est,
692 3907 719 3948 nt
739 3901 813 3963 priua
831 3916 903 3964 quom
920 3901 956 3949 od
973 3916 1019 3949 noa
1037 3901 1094 3962 ejus
1115 3901 1241 3965 synodico
1263 3900 1410 3963 deseruntur,
1432 3897 1504 3949 ree

253 4001 306 4034 nnus
323 3986 444 4036 scribere.
478 3981 516 4034 Et
532 3998 598 4036 vero
616 3978 778 4050 synodicam
794 3978 873 4033 illam
885 3979 1007 4050 Georgio
1024 3980 1192 4050 presbytero
1205 3983 1236 4035 et
1247 3980 1398 4037 Theodoro
1410 3979 1503 4034 oisemo

254 4066 443 4120 deserentibus
462 4082 492 4119 se
510 4082 565 4119 non
588 4065 629 4120 ita
646 4065 734 4119 multo
755 4067 821 4135 post
837 4064 975 4134 accepisse
997 4062 1045 4119 lib.
1064 4064 1117 4118 VII
1133 4064 1190 4119 ind.
1211 4072 1244 4121 15
1266 4065 1350 4136 epist
1367 4073 1384 4120 4
1399 4064 1502 4119 nsum.

321 4153 342 4218 ³)
361 4151 405 4204 Ita
423 4150 470 4215 G¹;
490 4153 515 4206 a'
534 4158 688 4220 stipulante,-
706 4165 825 4218 moxque
845 4148 887 4202 ed.
907 4166 969 4203 cum
988 4148 1021 4203 G¹
1035 4155 1121 4216 jaste.
1140 4153 1255 4220 practer
1272 4152 1396 4206 mentem
1407 4147 1502 4204 nonni

253 4236 318 4302 dae,
337 4235 385 4304 qui
402 4252 579 4303 nequaquam
591 4242 665 4303 juste
683 4235 850 4304 abrumpere
862 4250 891 4288 se
903 4232 945 4287 ait
956 4233 1142 4290 constantiam
1153 4235 1385 4305 exspectationis,
1400 4233 1445 4290 ned
1455 4233 1501 4301 jari

218 4318 220 4323 '
252 4321 398 4375 nomento
411 4323 573 4390 exspectare
592 4337 621 4374 se
639 4320 764 4390 potuisse
776 4317 925 4390 Epiphanii
942 4317 1126 4388 legationem,
1144 4322 1299 4389 antequam
1310 4320 1349 4376 sd
1364 4314 1500 4391 ipsumam

252 4406 321 4460 bere
338 4404 483 4475 inciperet.
501 4436 534 4444 —
552 4404 659 4459 Deinde
679 4405 721 4460 ed.
740 4409 895 4473 otropinur.

320 4492 341 4557 ⁴)
360 4489 542 4545 Desideratus
559 4491 629 4544 haee
647 4489 759 4556 relatio,
784 4507 869 4559 quam
887 4506 905 4543 a
927 4487 1064 4558 superiori
1085 4489 1211 4545 Dioscon'
1229 4491 1352 4561 epistola
1369 4498 1414 4546 111
1429 4484 1499 4543 osio

252 4574 393 4643 gnendam
417 4592 476 4629 esse
500 4576 624 4630 subnexa
645 4576 817 4645 persuadent
834 4574 916 4641 (conl.
935 4576 993 4628 not.
1013 4574 1093 4644 epist
1112 4592 1168 4630 non
1185 4577 1254 4630 exst
1273 4577 1412 4631 Horma
1428 4568 1496 4635 ml

320 4663 341 4728 ⁵)
359 4660 422 4715 Non
440 4660 612 4730 apostolicae
630 4660 703 4715 sedis
720 4659 845 4724 noniine,
863 4659 905 4713 uti
922 4658 1058 4714 Batonius
1076 4659 1243 4714 observavit
1274 4660 1327 4717 Hic
1338 4653 1496 4732 porrodffi

253 4744 357 4812 guitur,
376 4748 405 4798 et
422 4747 498 4815 quod
512 4746 559 4815 jus
577 4763 629 4816 per
640 4763 669 4800 se
682 4745 781 4813 exigit,
801 4745 830 4799 et
847 4743 924 4813 quod
941 4747 1055 4814 praeter
1067 4744 1115 4813 jus
1131 4749 1244 4800 amicitia
1258 4753 1365 4814 prienen
1380 4738 1496 4817 pertulii

251 4829 316 4883 Mox
334 4831 452 4885 verbnm
469 4837 618 4885 sustinemus
636 4830 665 4884 id
683 4832 737 4896 est,
755 4830 831 4899 quod
848 4836 980 4898 patienter
997 4842 1182 4899 exspectamur.

251 4920 301 4967 114
338 4916 357 4983 ¹)
375 4915 420 4969 Ita
438 4915 522 4970 (1111,
560 4917 590 4969 In
610 4915 671 4970 aliis
688 4917 783 4970 autem
801 4913 940 4969 omittitur
953 4920 1062 4984 Anprrati
1077 4914 1186 4984 titulus,
1205 4931 1292 4983 quem
1307 4933 1340 4972 re
1355 4917 1423 4987 ipss,
1436 4911 1494 4967 bbtr
