3204 5506
555 350 750 399 srrsrorns
775 343 824 398 11.
852 344 900 398 12.
1303 342 1364 405 199

71 506 290 583 continetur,
322 508 357 567 et
386 526 479 587 quem
512 503 579 567 zelo
608 503 679 567 fidei
711 504 752 567 ab
775 505 963 589 episcopatu
986 509 1154 572 constitnit
1177 510 1368 593 submoveri,
1382 541 1406 577 a.
1419 527 1477 576 478.

70 607 104 669 in
128 606 324 670 exteriores
347 609 451 670 terras
473 605 581 691 abjici,
610 605 694 670 sicut
723 609 756 669 ct
784 629 841 670 nos
870 608 983 691 pietati
1014 610 1082 694 ejus
1106 611 1303 695 scripsimus,
1328 613 1368 676 ad

68 707 346 773 ecelesiasticam
379 730 490 793 paoem
522 708 654 793 speciali
687 710 914 793 praeceptione
948 710 1117 793 decernat,
1156 713 1231 797 quia
1260 736 1368 778 rursus

67 811 238 876 rasseritur
276 810 390 896 aliqua
425 814 537 875 contra
570 809 813 895 dispositionem
845 811 919 875 fidei
952 813 1052 897 ipsius
1086 814 1155 878 sinc
1189 817 1367 881 cessatione

65 912 197 979 moliri.

158 1016 196 1080 3.
229 1014 321 1090 Quia
342 1015 443 1100 igitur
465 1013 544 1079 haee
566 1014 807 1100 oppnrrtunitate
830 1009 1000 1099 perlatoris
1024 1017 1168 1081 fidissimi
1195 1041 1253 1083 nos
1276 1042 1366 1104 opor·

63 1118 132 1183 tuit
166 1116 327 1181 indicare
360 1120 393 1181 ct
414 1116 584 1201 specialius
607 1117 788 1200 admonere,
817 1117 995 1196 hortamur,
1023 1124 1176 1203 utquam
1200 1121 1367 1186 internun-

61 1221 135 1284 tius
170 1240 330 1284 remeare
353 1219 504 1303 coeperit,
532 1219 582 1282 vel
605 1218 632 1282 si
655 1243 719 1303 qua
743 1219 881 1284 forsitan
905 1221 1007 1283 altera
1030 1222 1154 1285 occasio
1178 1224 1365 1307 reperietur,

30 1321 330 1407 ‚qumnprirnum
359 1343 417 1385 nos
445 1320 547 1385 facias
577 1323 727 1386 certiores
761 1326 794 1385 et
823 1344 931 1388 euram
960 1327 1104 1386 nostram
1126 1324 1292 1388 sublevare
1315 1326 1366 1390 de·

59 1445 250 1510 properes,
299 1422 347 1488 Ut
375 1426 483 1487 autem
514 1422 658 1508 perfecto
680 1422 798 1508 gaudio
827 1423 1050 1507 gauderemus,
1084 1425 1167 1489 idem
1203 1426 1305 1490 frater
1334 1433 1368 1492 et

59 1527 301 1611 coepiscopus
325 1528 434 1590 noster
448 1524 635 1589 Timotheus
651 1525 831 1609 exemplum
847 1525 981 1610 libellil)
997 1527 1229 1591 satisfactionis
1245 1551 1364 1612 corum,

57 1652 151 1713 ques
179 1650 203 1691 a
228 1626 415 1691 catlrolicae
437 1627 510 1691 fidei
534 1627 669 1691 veritate
685 1626 871 1691 Timotheus
895 1633 927 1692 et
946 1627 1105 1711 retruso,
1130 1631 1255 1714 utrique
1279 1630 1365 1695 darn·

58 1731 153 1811 nati,
181 1728 413 1793 damnationis
428 1733 550 1794 terrore
565 1729 785 1812 traduxerant,
810 1730 936 1793 veniam
953 1730 1184 1814 postulantium
1195 1733 1233 1816 ¹⁰)
1252 1733 1291 1795 ad
1308 1756 1365 1796 nos

58 1834 204 1917 pariter
236 1831 430 1914 destinavit,
465 1830 656 1896 sacerdotali
686 1831 808 1916 pietate
837 1831 935 1915 lapsis
969 1832 1137 1896 salmenire
1164 1833 1365 1917 desiderans3

57 1934 155 2020 quod
184 1933 327 1997 divinae
349 1933 564 1997 miserationis
586 1933 718 2016 intuitu,
748 1955 829 2017 quae
851 1933 1022 1998 meminero
1046 1935 1115 1999 vult
1138 1935 1253 2018 perire,
1282 1936 1365 2000 refu-

58 2037 178 2104 tabile
208 2056 283 2101 non
304 2036 467 2120 putamus.
529 2032 533 2042 '

596 2254 779 2357 Epistola
806 2256 858 2338 n.

287 2406 468 2493 Simplicii
493 2425 603 2492 papae
625 2407 668 2474 ad
692 2408 868 2475 Zenonem
890 2409 1160 2492 temeratorem.
1375 2391 1498 2515 ³5⁸3?

223 2550 264 2601 ΙΙΙ
281 2550 387 2599 Petram
404 2551 501 2613 loapins
519 2548 551 2597 ad
566 2549 748 2597 Alexandrina
766 2550 866 2597 ciuitate
884 2551 997 2612 rclrpurr'
1015 2550 1082 2599 Zeno
1103 2551 1234 2599 decernat.

240 2681 481 2765 Simplicius
504 2681 717 2766 episcopus
740 2679 892 2743 Zenoni
916 2683 1107 2766 Angusto.

1339 2762 1356 2785 ›

162 2802 325 2867 Proxime
352 2800 478 2884 quidem
511 2822 608 2884 quma
636 2800 675 2863 ad
703 2800 815 2863 urbem
837 2799 939 2862 frater
962 2804 995 2863 et
1018 2802 1224 2885 coepiscopus
1248 2804 1364 2867 medio·
1398 2771 1412 2793 ν

65 2906 211 2973 critatis
243 2924 336 2967 meae
363 2888 549 2966 Timotheus
572 2901 810 2965 Alexandrinae
839 2901 926 2964 urbis
959 2903 1097 2967 antistes
1126 2908 1245 2967 novato
1278 2927 1365 2968 more¹

67 3010 243 3087 misisset,
268 3004 435 3068 victoriam
459 3008 583 3067 vestrae
605 3003 679 3067 fidei
702 3004 736 3066 in
759 3003 827 3085 ejus
843 3003 1046 3067 restitutione
1064 3006 1208 3088 cognovi.
1241 3006 1365 3070 Pietate

67 3112 168 3176 enim
199 3112 315 3171 vestra
342 3106 424 3170 fulta
446 3104 637 3170 Divinitatis
661 3105 790 3187 auxilie,
815 3108 847 3168 et
869 3105 994 3188 imperii
1019 3107 1236 3189 tranquillitas
1259 3112 1292 3171 et¹
1315 3131 1364 3172 ea·
1428 3128 1437 3137 ‘

68 3212 227 3278 thelicae
261 3208 427 3293 religionis
461 3206 664 3293 splendorem
697 3229 805 3287 suum,
837 3205 1060 3269 scandalorum
1093 3209 1177 3272 nahe
1210 3210 1363 3291 discussa,

70 3311 256 3394 revertit-¹)
272 3310 455 3395 integritas.
485 3311 534 3374 De
550 3330 611 3393 quo
626 3330 677 3372 me
693 3309 816 3393 gratias
831 3312 905 3391 post
918 3307 1021 3371 Deum
1038 3309 1226 3374 clementiae
1239 3317 1365 3376 vestrae

71 3416 190 3501 egisse
224 3411 432 3493 reminiscor,
465 3417 497 3476 et
530 3434 615 3475 nunc
650 3433 773 3495 quoque
806 3410 926 3472 cultum
955 3414 1062 3474 vestro
1091 3433 1191 3494 regno
1221 3413 1365 3477 delritmn

72 3518 179 3581 silere
202 3536 273 3579 non
295 3514 396 3598 potui,
421 3535 461 3577 ne
483 3513 714 3597 quodammodo
738 3512 861 3575 viderer
883 3512 1042 3595 ingratus,
1067 3513 1092 3575 si
1116 3514 1206 3576 rolris
1221 3513 1364 3599 qrialibct

73 3616 333 3705 opportunitate
366 3616 414 3679 rel
442 3615 569 3700 imperii
603 3615 653 3678 vel
687 3613 893 3678 ecclesiarum
930 3608 1061 3677 laudare
1095 3614 1282 3679 desisterem
1314 3620 1364 3681 tot

73 3717 279 3803 triumphos.
324 3716 490 3781 Exhibens
517 3739 595 3801 crgo
622 3716 750 3780 debitae
774 3716 989 3780 venerationis
1012 3718 1153 3782 officium
1177 3740 1299 3801 precor,
1327 3723 1364 3782 ut

75 3820 262 3887 studiosius
292 3819 377 3883 cirea
405 3819 568 3882 universos
601 3823 709 3882 rectae
737 3817 810 3881 fidei
840 3817 1021 3882 sacerdotes
1050 3824 1083 3883 et
1113 3820 1250 3882 maxime
1278 3821 1363 3884 cirea

76 3920 347 3988 Alexandrinum
361 3920 554 4004 episcopum,
580 3921 669 4004 cujus
694 3919 878 3984 certaminis
895 3924 926 3982 et
942 3922 1042 3982 testes
1057 3921 1164 3984 fuistis
1181 3926 1212 3984 et
1224 3920 1361 4003 judices,

76 4023 301 4112 protectionis
323 4021 517 4106 impendatis
540 4021 704 4103 auxilium,
732 4025 764 4085 et
786 4021 966 4084 decernatis
989 4022 1141 4105 piissimis
1165 4022 1360 4102 constitutis,

76 4129 219 4193 Petrum
249 4124 335 4189 sedis
362 4124 462 4208 ipsius
484 4145 698 4208 pervasorem,
728 4123 779 4188 cui
806 4146 865 4186 nec
895 4123 929 4185 in
958 4123 1131 4188 diaconatu
1160 4145 1234 4186 suus
1257 4123 1360 4206 potuit

148 4404 169 4467 ε)
189 4396 227 4452 Ei
245 4395 354 4451 scilicet
370 4394 399 4449 ni
416 4395 497 4450 fallor
515 4394 612 4461 simile,
632 4394 817 4463 quodAeacio
836 4394 871 4448 ab
891 4393 1028 4464 episeopis
1041 4392 1150 4447 Asianis
1169 4392 1281 4446 missurn
1301 4410 1360 4447 esse

74 4484 222 4555 Evagrius
240 4481 277 4535 Η.
291 4479 322 4533 Ε.
343 4480 414 4546 nna
431 4482 577 4535 memorat,

146 4575 167 4637 ’r
187 4568 253 4623 Hoc
272 4564 385 4620 nomine
403 4582 457 4619 non
476 4571 578 4619 Petram
592 4569 718 4632 illoapum,
738 4565 785 4632 qui
803 4558 1018 4618 Alexandrinam
1037 4563 1181 4618 ecclesiam
1200 4564 1360 4631 occuparat,

74 4658 123 4713 ad
144 4661 257 4710 Petram
277 4655 419 4712 Faltonem,
443 4649 490 4719 qui
508 4650 537 4703 in
554 4650 757 4705 Antiochenam
779 4649 932 4713 invaserat,
961 4640 1099 4717 designari
1123 4649 1236 4718 plamuu
1261 4650 1300 4701 cst
1326 4666 1359 4702 ex

73 4740 202 4807 Eramio
224 4738 258 4791 H.
274 4735 306 4789 Ε.
327 4735 374 4799 lll‚
390 4742 413 4790 5.

144 4830 177 4889 ¹⁰)
199 4824 247 4877 na
267 4822 320 4885 (1¹¹3
339 4820 412 4888 vulg.
431 4827 596 4888 merientes,
612 4823 644 4875 a³
660 4826 821 4889 poeniteatis.

143 4915 165 4977 Γ)
185 4910 226 4964 G·
246 4911 366 4968 reverta,
384 4904 427 4958 ed.
446 4910 551 4973 recepit.
