<?xml version="1.0" encoding="UTF-8"?>
<!DOCTYPE html PUBLIC "-//W3C//DTD XHTML 1.0 Transitional//EN"
    "http://www.w3.org/TR/xhtml1/DTD/xhtml1-transitional.dtd">
<html xmlns="http://www.w3.org/1999/xhtml" xml:lang="en" lang="en">
 <head>
  <title>
</title>
<meta http-equiv="Content-Type" content="text/html;charset=utf-8" />
  <meta name='ocr-system' content='tesseract 3.04.00' />
  <meta name='ocr-capabilities' content='ocr_page ocr_carea ocr_par ocr_line ocrx_word'/>
</head>
<body>
  <div class='ocr_page' id='page_1' title='image "./epistolaeromano00thiegoog/epistolaeromano00thiegoog_0954.png"; bbox 0 0 3204 5506; ppageno 0'>
   <div class='ocr_carea' id='block_1_1' title="bbox 552 331 1388 429">
    <p class='ocr_par' dir='ltr' id='par_1_1' title="bbox 552 331 1388 429">
     <span class='ocr_line' id='line_1_1' title="bbox 552 331 1388 429; baseline 0.002 -35"><span class='ocrx_word' id='word_1_1' title='bbox 552 347 746 396; x_wconf 77' lang='lat' dir='ltr'>neisrouan</span> <span class='ocrx_word' id='word_1_2' title='bbox 771 337 958 396; x_wconf 70' lang='lat'>103—105.</span> <span class='ocrx_word' id='word_1_3' title='bbox 1325 331 1388 429; x_wconf 76' lang='grc'>905</span> 
     </span>
    </p>
   </div>
   <div class='ocr_carea' id='block_1_2' title="bbox 118 500 1514 2520">
    <p class='ocr_par' dir='ltr' id='par_1_2' title="bbox 120 500 1514 892">
     <span class='ocr_line' id='line_1_2' title="bbox 121 500 1514 586; baseline -0.001 -22"><span class='ocrx_word' id='word_1_4' title='bbox 121 501 246 586; x_wconf 88' lang='lat' dir='ltr'>scripto</span> <span class='ocrx_word' id='word_1_5' title='bbox 268 500 485 586; x_wconf 66' lang='lat' dir='ltr'>damnasseil,</span> <span class='ocrx_word' id='word_1_6' title='bbox 515 500 589 586; x_wconf 90' lang='lat' dir='ltr'>quia</span> <span class='ocrx_word' id='word_1_7' title='bbox 611 500 773 584; x_wconf 87' lang='lat' dir='ltr'>perhanc</span> <span class='ocrx_word' id='word_1_8' title='bbox 795 500 982 564; x_wconf 77' lang='lat' dir='ltr'>distantiam</span> <span class='ocrx_word' id='word_1_9' title='bbox 1008 500 1091 565; x_wconf 90' lang='lat' dir='ltr'>filius</span> <span class='ocrx_word' id='word_1_10' title='bbox 1119 503 1229 564; x_wconf 89' lang='lat' dir='ltr'>noster</span> <span class='ocrx_word' id='word_1_11' title='bbox 1250 500 1298 564; x_wconf 88' lang='lat' dir='ltr'>vir</span> <span class='ocrx_word' id='word_1_12' title='bbox 1319 501 1389 565; x_wconf 89' lang='lat' dir='ltr'>illu·</span> <span class='ocrx_word' id='word_1_13' title='bbox 1402 512 1437 576; x_wconf 86' lang='lat' dir='ltr'>(a.</span> <span class='ocrx_word' id='word_1_14' title='bbox 1445 511 1514 576; x_wconf 78' lang='lat'>519.)</span> 
     </span>
     <span class='ocr_line' id='line_1_3' title="bbox 121 601 1389 688; baseline 0 -21"><span class='ocrx_word' id='word_1_15' title='bbox 121 604 200 667; x_wconf 88' lang='lat' dir='ltr'>stris</span> <span class='ocrx_word' id='word_1_16' title='bbox 216 603 354 666; x_wconf 83' lang='lat' dir='ltr'><strong>Albinus</strong></span> <span class='ocrx_word' id='word_1_17' title='bbox 369 603 535 688; x_wconf 85' lang='lat' dir='ltr'>religiosus</span> <span class='ocrx_word' id='word_1_18' title='bbox 550 602 675 667; x_wconf 91' lang='lat' dir='ltr'>videtur</span> <span class='ocrx_word' id='word_1_19' title='bbox 689 603 795 668; x_wconf 88' lang='lat' dir='ltr'>facere</span> <span class='ocrx_word' id='word_1_20' title='bbox 811 601 1053 688; x_wconf 85' lang='lat' dir='ltr'>quaestionem?</span> <span class='ocrx_word' id='word_1_21' title='bbox 1081 602 1126 666; x_wconf 88' lang='lat' dir='ltr'>Et</span> <span class='ocrx_word' id='word_1_22' title='bbox 1142 603 1258 688; x_wconf 82' lang='lat' dir='ltr'>cogita,</span> <span class='ocrx_word' id='word_1_23' title='bbox 1282 605 1389 667; x_wconf 89' lang='lat' dir='ltr'>utrum</span> 
     </span>
     <span class='ocr_line' id='line_1_4' title="bbox 121 704 1389 789; baseline 0.001 -21"><span class='ocrx_word' id='word_1_24' title='bbox 121 711 157 769; x_wconf 89' lang='lat' dir='ltr'>et</span> <span class='ocrx_word' id='word_1_25' title='bbox 185 704 361 769; x_wconf 81' lang='lat' dir='ltr'>scribentes</span> <span class='ocrx_word' id='word_1_26' title='bbox 390 707 501 769; x_wconf 88' lang='lat' dir='ltr'>contra</span> <span class='ocrx_word' id='word_1_27' title='bbox 527 704 783 789; x_wconf 82' lang='lat' dir='ltr'>Calchedonense</span> <span class='ocrx_word' id='word_1_28' title='bbox 813 705 982 769; x_wconf 90' lang='lat' dir='ltr'>concilium</span> <span class='ocrx_word' id='word_1_29' title='bbox 1009 726 1066 788; x_wconf 88' lang='lat' dir='ltr'>per</span> <span class='ocrx_word' id='word_1_30' title='bbox 1092 704 1182 768; x_wconf 92' lang='lat' dir='ltr'>illum</span> <span class='ocrx_word' id='word_1_31' title='bbox 1210 705 1389 789; x_wconf 80' lang='lat' dir='ltr'>generalem</span> 
     </span>
     <span class='ocr_line' id='line_1_5' title="bbox 120 806 1389 892; baseline 0.001 -22"><span class='ocrx_word' id='word_1_32' title='bbox 120 806 270 870; x_wconf 91' lang='lat' dir='ltr'>libellum</span> <span class='ocrx_word' id='word_1_33' title='bbox 291 809 419 870; x_wconf 85' lang='lat' dir='ltr'>tantum</span> <span class='ocrx_word' id='word_1_34' title='bbox 441 807 558 890; x_wconf 80' lang='lat' dir='ltr'>suscipi</span> <span class='ocrx_word' id='word_1_35' title='bbox 581 807 729 890; x_wconf 88' lang='lat' dir='ltr'>debeant,</span> <span class='ocrx_word' id='word_1_36' title='bbox 754 830 796 871; x_wconf 89' lang='lat' dir='ltr'>an</span> <span class='ocrx_word' id='word_1_37' title='bbox 819 811 904 871; x_wconf 87' lang='lat' dir='ltr'>certe</span> <span class='ocrx_word' id='word_1_38' title='bbox 920 806 1039 891; x_wconf 90' lang='lat' dir='ltr'>aliquid</span> <span class='ocrx_word' id='word_1_39' title='bbox 1056 806 1191 890; x_wconf 85' lang='lat' dir='ltr'>amplius</span> <span class='ocrx_word' id='word_1_40' title='bbox 1207 807 1389 892; x_wconf 68' lang='lat' dir='ltr'>adjicere⁴)‚</span> 
     </span>
    </p>

    <p class='ocr_par' dir='ltr' id='par_1_3' title="bbox 121 907 1392 1603">
     <span class='ocr_line' id='line_1_6' title="bbox 209 907 1390 993; baseline 0.002 -23"><span class='ocrx_word' id='word_1_41' title='bbox 209 908 240 973; x_wconf 81' lang='lat'>2.</span> <span class='ocrx_word' id='word_1_42' title='bbox 275 907 323 971; x_wconf 92' lang='lat' dir='ltr'>De</span> <span class='ocrx_word' id='word_1_43' title='bbox 347 908 566 972; x_wconf 86' lang='lat' dir='ltr'>Alexandrina</span> <span class='ocrx_word' id='word_1_44' title='bbox 588 912 620 973; x_wconf 91' lang='lat' dir='ltr'>et</span> <span class='ocrx_word' id='word_1_45' title='bbox 642 909 846 973; x_wconf 79' lang='lat' dir='ltr'>Antiocheno</span> <span class='ocrx_word' id='word_1_46' title='bbox 869 908 1009 972; x_wconf 90' lang='lat' dir='ltr'>ecclesiis</span> <span class='ocrx_word' id='word_1_47' title='bbox 1018 909 1043 993; x_wconf 82' lang='lat'>⁵)</span> <span class='ocrx_word' id='word_1_48' title='bbox 1067 907 1180 971; x_wconf 88' lang='lat' dir='ltr'>solatio</span> <span class='ocrx_word' id='word_1_49' title='bbox 1201 907 1261 972; x_wconf 90' lang='lat' dir='ltr'>Dei</span> <span class='ocrx_word' id='word_1_50' title='bbox 1289 908 1390 972; x_wconf 82' lang='lat' dir='ltr'>nostri</span> 
     </span>
     <span class='ocr_line' id='line_1_7' title="bbox 122 1009 1391 1094; baseline 0.002 -21"><span class='ocrx_word' id='word_1_51' title='bbox 122 1009 254 1093; x_wconf 85' lang='lat' dir='ltr'>adjutus</span> <span class='ocrx_word' id='word_1_52' title='bbox 277 1011 412 1092; x_wconf 89' lang='lat' dir='ltr'>enitere,</span> <span class='ocrx_word' id='word_1_53' title='bbox 441 1015 477 1074; x_wconf 89' lang='lat' dir='ltr'>ut</span> <span class='ocrx_word' id='word_1_54' title='bbox 499 1011 645 1074; x_wconf 91' lang='lat' dir='ltr'>omnibus</span> <span class='ocrx_word' id='word_1_55' title='bbox 667 1014 753 1075; x_wconf 91' lang='lat' dir='ltr'>recte</span> <span class='ocrx_word' id='word_1_56' title='bbox 781 1011 942 1094; x_wconf 73' lang='lat' dir='ltr'>dispositis</span> <span class='ocrx_word' id='word_1_57' title='bbox 972 1009 1186 1073; x_wconf 89' lang='lat' dir='ltr'>communioni</span> <span class='ocrx_word' id='word_1_58' title='bbox 1215 1009 1391 1075; x_wconf 88' lang='lat' dir='ltr'>catholicae</span> 
     </span>
     <span class='ocr_line' id='line_1_8' title="bbox 122 1111 1391 1197; baseline 0.002 -24"><span class='ocrx_word' id='word_1_59' title='bbox 122 1111 297 1175; x_wconf 89' lang='lat' dir='ltr'>socientur.</span> <span class='ocrx_word' id='word_1_60' title='bbox 342 1111 482 1176; x_wconf 83' lang='lat' dir='ltr'>Thomas</span> <span class='ocrx_word' id='word_1_61' title='bbox 504 1135 627 1197; x_wconf 92' lang='lat' dir='ltr'>quoque</span> <span class='ocrx_word' id='word_1_62' title='bbox 650 1117 681 1176; x_wconf 90' lang='lat' dir='ltr'>et</span> <span class='ocrx_word' id='word_1_63' title='bbox 704 1112 880 1176; x_wconf 81' lang='lat' dir='ltr'>Nicostrati</span> <span class='ocrx_word' id='word_1_64' title='bbox 906 1111 1044 1175; x_wconf 85' lang='lat' dir='ltr'>fratrum</span> <span class='ocrx_word' id='word_1_65' title='bbox 1072 1115 1105 1175; x_wconf 90' lang='lat' dir='ltr'>et</span> <span class='ocrx_word' id='word_1_66' title='bbox 1134 1112 1391 1196; x_wconf 85' lang='lat' dir='ltr'>coepiscoporum</span> 
     </span>
     <span class='ocr_line' id='line_1_9' title="bbox 122 1214 1391 1299; baseline 0.002 -24"><span class='ocrx_word' id='word_1_67' title='bbox 122 1216 307 1276; x_wconf 88' lang='lat' dir='ltr'>nostrorum</span> <span class='ocrx_word' id='word_1_68' title='bbox 328 1214 539 1299; x_wconf 78' lang='lat' dir='ltr'>observatio⁶)</span> <span class='ocrx_word' id='word_1_69' title='bbox 562 1237 620 1278; x_wconf 90' lang='lat' dir='ltr'>nos</span> <span class='ocrx_word' id='word_1_70' title='bbox 642 1215 740 1299; x_wconf 85' lang='lat' dir='ltr'>longa</span> <span class='ocrx_word' id='word_1_71' title='bbox 764 1215 950 1296; x_wconf 67' lang='lat' dir='ltr'>contristat,</span> <span class='ocrx_word' id='word_1_72' title='bbox 975 1215 1006 1277; x_wconf 92' lang='lat' dir='ltr'>et</span> <span class='ocrx_word' id='word_1_73' title='bbox 1028 1214 1196 1297; x_wconf 84' lang='lat' dir='ltr'>miramur,</span> <span class='ocrx_word' id='word_1_74' title='bbox 1227 1235 1282 1277; x_wconf 90' lang='lat' dir='ltr'>cur</span> <span class='ocrx_word' id='word_1_75' title='bbox 1308 1215 1391 1298; x_wconf 87' lang='lat' dir='ltr'>apud</span> 
     </span>
     <span class='ocr_line' id='line_1_10' title="bbox 123 1313 1391 1400; baseline 0.002 -24"><span class='ocrx_word' id='word_1_76' title='bbox 123 1313 318 1378; x_wconf 87' lang='lat' dir='ltr'>catholicum</span> <span class='ocrx_word' id='word_1_77' title='bbox 340 1315 517 1400; x_wconf 87' lang='lat' dir='ltr'>principem</span> <span class='ocrx_word' id='word_1_78' title='bbox 540 1320 646 1380; x_wconf 88' lang='lat' dir='ltr'>rectae</span> <span class='ocrx_word' id='word_1_79' title='bbox 669 1316 742 1380; x_wconf 90' lang='lat' dir='ltr'>fidei</span> <span class='ocrx_word' id='word_1_80' title='bbox 764 1316 909 1379; x_wconf 88' lang='lat' dir='ltr'>laborare</span> <span class='ocrx_word' id='word_1_81' title='bbox 930 1314 1100 1378; x_wconf 73' lang='lat' dir='ltr'>videamtur</span> <span class='ocrx_word' id='word_1_82' title='bbox 1128 1315 1287 1399; x_wconf 88' lang='lat' dir='ltr'>episcopi,</span> <span class='ocrx_word' id='word_1_83' title='bbox 1316 1337 1391 1400; x_wconf 92' lang='lat' dir='ltr'>quo-</span> 
     </span>
     <span class='ocr_line' id='line_1_11' title="bbox 121 1416 1392 1502; baseline 0.004 -25"><span class='ocrx_word' id='word_1_84' title='bbox 121 1437 194 1478; x_wconf 91' lang='lat' dir='ltr'>rum</span> <span class='ocrx_word' id='word_1_85' title='bbox 217 1416 372 1481; x_wconf 87' lang='lat' dir='ltr'>desideria</span> <span class='ocrx_word' id='word_1_86' title='bbox 394 1421 449 1480; x_wconf 86' lang='lat' dir='ltr'>tua</span> <span class='ocrx_word' id='word_1_87' title='bbox 472 1419 599 1482; x_wconf 88' lang='lat' dir='ltr'>debebit</span> <span class='ocrx_word' id='word_1_88' title='bbox 616 1419 732 1482; x_wconf 86' lang='lat' dir='ltr'>caritas</span> <span class='ocrx_word' id='word_1_89' title='bbox 755 1418 920 1481; x_wconf 86' lang='lat' dir='ltr'>sublevare</span> <span class='ocrx_word' id='word_1_90' title='bbox 943 1417 1078 1501; x_wconf 86' lang='lat' dir='ltr'>agenda,</span> <span class='ocrx_word' id='word_1_91' title='bbox 1103 1420 1259 1501; x_wconf 88' lang='lat' dir='ltr'>quatenus</span> <span class='ocrx_word' id='word_1_92' title='bbox 1279 1421 1392 1502; x_wconf 89' lang='lat' dir='ltr'>optata</span> 
     </span>
     <span class='ocr_line' id='line_1_12' title="bbox 122 1508 1089 1603; baseline 0.002 -23"><span class='ocrx_word' id='word_1_93' title='bbox 122 1519 418 1603; x_wconf 84' lang='lat' dir='ltr'>consequentium⁷)</span> <span class='ocrx_word' id='word_1_94' title='bbox 440 1542 564 1584; x_wconf 88' lang='lat' dir='ltr'>moeror</span> <span class='ocrx_word' id='word_1_95' title='bbox 587 1508 728 1584; x_wconf 85' lang='lat' dir='ltr'>converti</span> <span class='ocrx_word' id='word_1_96' title='bbox 750 1520 850 1603; x_wconf 88' lang='lat' dir='ltr'>possit</span> <span class='ocrx_word' id='word_1_97' title='bbox 873 1519 906 1581; x_wconf 91' lang='lat' dir='ltr'>in</span> <span class='ocrx_word' id='word_1_98' title='bbox 928 1519 1089 1603; x_wconf 84' lang='lat' dir='ltr'>gaudium.</span> 
     </span>
    </p>

    <p class='ocr_par' dir='ltr' id='par_1_4' title="bbox 118 1620 1392 2520">
     <span class='ocr_line' id='line_1_13' title="bbox 208 1620 1391 1706; baseline 0.003 -23"><span class='ocrx_word' id='word_1_99' title='bbox 208 1620 238 1683; x_wconf 88' lang='lat'>3.</span> <span class='ocrx_word' id='word_1_100' title='bbox 273 1620 437 1684; x_wconf 86' lang='lat' dir='ltr'>Johannes</span> <span class='ocrx_word' id='word_1_101' title='bbox 459 1620 704 1706; x_wconf 85' lang='lat' dir='ltr'>Nicopolitanus</span> <span class='ocrx_word' id='word_1_102' title='bbox 727 1621 894 1704; x_wconf 89' lang='lat' dir='ltr'>episcopus</span> <span class='ocrx_word' id='word_1_103' title='bbox 916 1642 974 1705; x_wconf 90' lang='lat' dir='ltr'>per</span> <span class='ocrx_word' id='word_1_104' title='bbox 994 1622 1200 1685; x_wconf 86' lang='lat' dir='ltr'>Ammonium</span> <span class='ocrx_word' id='word_1_105' title='bbox 1222 1621 1391 1686; x_wconf 88' lang='lat' dir='ltr'>diaconum</span> 
     </span>
     <span class='ocr_line' id='line_1_14' title="bbox 120 1720 1391 1809; baseline 0.003 -25"><span class='ocrx_word' id='word_1_106' title='bbox 120 1720 216 1785; x_wconf 92' lang='lat' dir='ltr'>nobis</span> <span class='ocrx_word' id='word_1_107' title='bbox 238 1722 381 1806; x_wconf 78' lang='lat' dir='ltr'>scripsit,</span> <span class='ocrx_word' id='word_1_108' title='bbox 410 1724 492 1807; x_wconf 92' lang='lat' dir='ltr'>quod</span> <span class='ocrx_word' id='word_1_109' title='bbox 515 1724 544 1787; x_wconf 91' lang='lat' dir='ltr'>ei</span> <span class='ocrx_word' id='word_1_110' title='bbox 567 1724 664 1808; x_wconf 87' lang='lat' dir='ltr'>aliqui</span> <span class='ocrx_word' id='word_1_111' title='bbox 687 1722 833 1786; x_wconf 84' lang='lat' dir='ltr'>malevoli</span> <span class='ocrx_word' id='word_1_112' title='bbox 856 1721 941 1805; x_wconf 87' lang='lat' dir='ltr'>apud</span> <span class='ocrx_word' id='word_1_113' title='bbox 963 1722 1142 1806; x_wconf 89' lang='lat' dir='ltr'>principem</span> <span class='ocrx_word' id='word_1_114' title='bbox 1163 1723 1312 1786; x_wconf 89' lang='lat' dir='ltr'>nituntur</span> <span class='ocrx_word' id='word_1_115' title='bbox 1338 1746 1391 1809; x_wconf 84' lang='lat' dir='ltr'>ge-</span> 
     </span>
     <span class='ocr_line' id='line_1_15' title="bbox 119 1823 1392 1910; baseline 0.005 -26"><span class='ocrx_word' id='word_1_116' title='bbox 119 1843 236 1886; x_wconf 88' lang='lat' dir='ltr'>nerare</span> <span class='ocrx_word' id='word_1_117' title='bbox 260 1824 467 1888; x_wconf 89' lang='lat' dir='ltr'>calumniam:</span> <span class='ocrx_word' id='word_1_118' title='bbox 491 1847 585 1910; x_wconf 90' lang='lat' dir='ltr'>quem</span> <span class='ocrx_word' id='word_1_119' title='bbox 607 1824 770 1889; x_wconf 87' lang='lat' dir='ltr'>dilectioni</span> <span class='ocrx_word' id='word_1_120' title='bbox 792 1827 867 1887; x_wconf 86' lang='lat' dir='ltr'>tuae</span> <span class='ocrx_word' id='word_1_121' title='bbox 883 1825 1139 1888; x_wconf 89' lang='lat' dir='ltr'>commendamus</span> <span class='ocrx_word' id='word_1_122' title='bbox 1154 1823 1332 1908; x_wconf 83' lang='lat' dir='ltr'>hortantes,</span> <span class='ocrx_word' id='word_1_123' title='bbox 1356 1830 1392 1890; x_wconf 91' lang='lat' dir='ltr'>ut</span> 
     </span>
     <span class='ocr_line' id='line_1_16' title="bbox 120 1922 1390 2010; baseline 0.003 -24"><span class='ocrx_word' id='word_1_124' title='bbox 120 1922 282 2006; x_wconf 87' lang='lat' dir='ltr'>elabores,</span> <span class='ocrx_word' id='word_1_125' title='bbox 312 1947 352 1988; x_wconf 89' lang='lat' dir='ltr'>ne</span> <span class='ocrx_word' id='word_1_126' title='bbox 375 1926 443 2009; x_wconf 90' lang='lat' dir='ltr'>ejus</span> <span class='ocrx_word' id='word_1_127' title='bbox 465 1927 563 2010; x_wconf 90' lang='lat' dir='ltr'>quieti</span> <span class='ocrx_word' id='word_1_128' title='bbox 585 1927 786 1990; x_wconf 89' lang='lat' dir='ltr'>inimicorum</span> <span class='ocrx_word' id='word_1_129' title='bbox 808 1925 909 2008; x_wconf 91' lang='lat' dir='ltr'>possit</span> <span class='ocrx_word' id='word_1_130' title='bbox 931 1947 1046 1990; x_wconf 89' lang='lat' dir='ltr'>nocere</span> <span class='ocrx_word' id='word_1_131' title='bbox 1072 1926 1245 2009; x_wconf 88' lang='lat' dir='ltr'>subreptio.</span> <span class='ocrx_word' id='word_1_132' title='bbox 1290 1925 1390 2002; x_wconf 76' lang='lat' dir='ltr'>Quem</span> 
     </span>
     <span class='ocr_line' id='line_1_17' title="bbox 119 2026 1391 2112; baseline 0.002 -22"><span class='ocrx_word' id='word_1_133' title='bbox 119 2026 330 2091; x_wconf 87' lang='lat' dir='ltr'>Ammonium</span> <span class='ocrx_word' id='word_1_134' title='bbox 352 2029 521 2092; x_wconf 85' lang='lat' dir='ltr'>diaconum</span> <span class='ocrx_word' id='word_1_135' title='bbox 544 2029 583 2093; x_wconf 87' lang='lat' dir='ltr'>ad</span> <span class='ocrx_word' id='word_1_136' title='bbox 606 2051 664 2093; x_wconf 89' lang='lat' dir='ltr'>nos</span> <span class='ocrx_word' id='word_1_137' title='bbox 690 2029 872 2092; x_wconf 87' lang='lat' dir='ltr'>venientem</span> <span class='ocrx_word' id='word_1_138' title='bbox 900 2027 934 2091; x_wconf 91' lang='lat' dir='ltr'>in</span> <span class='ocrx_word' id='word_1_139' title='bbox 956 2027 1039 2091; x_wconf 88' lang='lat' dir='ltr'>sedis</span> <span class='ocrx_word' id='word_1_140' title='bbox 1068 2027 1262 2112; x_wconf 88' lang='lat' dir='ltr'>apostolicae</span> <span class='ocrx_word' id='word_1_141' title='bbox 1289 2029 1391 2092; x_wconf 91' lang='lat' dir='ltr'>nolui-</span> 
     </span>
     <span class='ocr_line' id='line_1_18' title="bbox 118 2127 1391 2214; baseline 0.003 -24"><span class='ocrx_word' id='word_1_142' title='bbox 118 2149 191 2191; x_wconf 91' lang='lat' dir='ltr'>mus</span> <span class='ocrx_word' id='word_1_143' title='bbox 216 2130 435 2194; x_wconf 89' lang='lat' dir='ltr'>communione</span> <span class='ocrx_word' id='word_1_144' title='bbox 451 2132 611 2214; x_wconf 91' lang='lat' dir='ltr'>suscipere</span> <span class='ocrx_word' id='word_1_145' title='bbox 629 2131 761 2211; x_wconf 88' lang='lat' dir='ltr'>tamdiu,</span> <span class='ocrx_word' id='word_1_146' title='bbox 786 2130 886 2193; x_wconf 89' lang='lat' dir='ltr'>donee</span> <span class='ocrx_word' id='word_1_147' title='bbox 908 2127 1019 2193; x_wconf 92' lang='lat' dir='ltr'>habito</span> <span class='ocrx_word' id='word_1_148' title='bbox 1043 2151 1115 2194; x_wconf 89' lang='lat' dir='ltr'>cum</span> <span class='ocrx_word' id='word_1_149' title='bbox 1130 2128 1242 2214; x_wconf 85' lang='lat' dir='ltr'>Sergio</span> <span class='ocrx_word' id='word_1_150' title='bbox 1257 2129 1391 2194; x_wconf 88' lang='lat' dir='ltr'>diacono</span> 
     </span>
     <span class='ocr_line' id='line_1_19' title="bbox 119 2230 1391 2315; baseline 0.002 -23"><span class='ocrx_word' id='word_1_151' title='bbox 119 2233 279 2312; x_wconf 85' lang='lat' dir='ltr'>tractatu,</span> <span class='ocrx_word' id='word_1_152' title='bbox 309 2232 385 2315; x_wconf 90' lang='lat' dir='ltr'>quid</span> <span class='ocrx_word' id='word_1_153' title='bbox 412 2233 554 2295; x_wconf 88' lang='lat' dir='ltr'>ordinari</span> <span class='ocrx_word' id='word_1_154' title='bbox 581 2232 741 2313; x_wconf 92' lang='lat' dir='ltr'>debuerit,</span> <span class='ocrx_word' id='word_1_155' title='bbox 776 2252 1013 2315; x_wconf 82' lang='lat' dir='ltr'>quaereremus3</span> <span class='ocrx_word' id='word_1_156' title='bbox 1047 2235 1079 2294; x_wconf 89' lang='lat' dir='ltr'>et</span> <span class='ocrx_word' id='word_1_157' title='bbox 1110 2231 1171 2294; x_wconf 89' lang='lat' dir='ltr'>hoc</span> <span class='ocrx_word' id='word_1_158' title='bbox 1205 2230 1391 2296; x_wconf 87' lang='lat' dir='ltr'>deliberatio</span> 
     </span>
     <span class='ocr_line' id='line_1_20' title="bbox 119 2332 1391 2418; baseline 0.001 -23"><span class='ocrx_word' id='word_1_159' title='bbox 119 2335 233 2395; x_wconf 89' lang='lat' dir='ltr'>nostra</span> <span class='ocrx_word' id='word_1_160' title='bbox 255 2333 470 2418; x_wconf 64' lang='lat' dir='ltr'>supradictos)</span> <span class='ocrx_word' id='word_1_161' title='bbox 493 2334 626 2398; x_wconf 89' lang='lat' dir='ltr'>diacono</span> <span class='ocrx_word' id='word_1_162' title='bbox 648 2334 823 2418; x_wconf 86' lang='lat' dir='ltr'>probabilis</span> <span class='ocrx_word' id='word_1_163' title='bbox 850 2333 989 2414; x_wconf 84' lang='lat' dir='ltr'>invenit,</span> <span class='ocrx_word' id='word_1_164' title='bbox 1023 2335 1057 2395; x_wconf 92' lang='lat' dir='ltr'>ut</span> <span class='ocrx_word' id='word_1_165' title='bbox 1085 2354 1143 2416; x_wconf 90' lang='lat' dir='ltr'>per</span> <span class='ocrx_word' id='word_1_166' title='bbox 1172 2332 1391 2396; x_wconf 86' lang='lat' dir='ltr'>testimonium</span> 
     </span>
     <span class='ocr_line' id='line_1_21' title="bbox 119 2433 1392 2520; baseline 0.002 -24"><span class='ocrx_word' id='word_1_167' title='bbox 119 2433 222 2497; x_wconf 88' lang='lat' dir='ltr'>libelli</span> <span class='ocrx_word' id='word_1_168' title='bbox 246 2436 460 2498; x_wconf 89' lang='lat' dir='ltr'>communioni</span> <span class='ocrx_word' id='word_1_169' title='bbox 484 2433 658 2500; x_wconf 88' lang='lat' dir='ltr'>catholicae</span> <span class='ocrx_word' id='word_1_170' title='bbox 676 2437 883 2520; x_wconf 84' lang='lat' dir='ltr'>jungeretur:</span> <span class='ocrx_word' id='word_1_171' title='bbox 912 2456 1005 2518; x_wconf 91' lang='lat' dir='ltr'>quem</span> <span class='ocrx_word' id='word_1_172' title='bbox 1028 2434 1171 2498; x_wconf 90' lang='lat' dir='ltr'>libellum</span> <span class='ocrx_word' id='word_1_173' title='bbox 1195 2434 1392 2499; x_wconf 90' lang='lat' dir='ltr'>sollemniter</span> 
     </span>
    </p>
   </div>
   <div class='ocr_carea' id='block_1_3' title="bbox 120 2535 1390 2701">
    <p class='ocr_par' dir='ltr' id='par_1_5' title="bbox 120 2535 1390 2701">
     <span class='ocr_line' id='line_1_22' title="bbox 120 2535 1390 2620; baseline 0.004 -23"><span class='ocrx_word' id='word_1_174' title='bbox 120 2535 276 2619; x_wconf 86' lang='lat' dir='ltr'>oblatum,</span> <span class='ocrx_word' id='word_1_175' title='bbox 300 2540 332 2600; x_wconf 92' lang='lat' dir='ltr'>et</span> <span class='ocrx_word' id='word_1_176' title='bbox 353 2540 481 2601; x_wconf 86' lang='lat' dir='ltr'>nostrae</span> <span class='ocrx_word' id='word_1_177' title='bbox 494 2537 689 2601; x_wconf 61' lang='lat' dir='ltr'>*offerentem</span> <span class='ocrx_word' id='word_1_178' title='bbox 713 2536 928 2600; x_wconf 88' lang='lat' dir='ltr'>communioni</span> <span class='ocrx_word' id='word_1_179' title='bbox 951 2536 1170 2620; x_wconf 83' lang='lat' dir='ltr'>significamus</span> <span class='ocrx_word' id='word_1_180' title='bbox 1193 2535 1390 2619; x_wconf 89' lang='lat' dir='ltr'>adjunctum.</span> 
     </span>
     <span class='ocr_line' id='line_1_23' title="bbox 121 2635 216 2701; baseline 0.021 -2"><span class='ocrx_word' id='word_1_181' title='bbox 121 2635 216 2701; x_wconf 86' lang='lat' dir='ltr'>Data.</span> 
     </span>
    </p>
   </div>
   <div class='ocr_carea' id='block_1_4' title="bbox 617 2808 903 2911">
    <p class='ocr_par' dir='ltr' id='par_1_6' title="bbox 617 2808 903 2911">
     <span class='ocr_line' id='line_1_24' title="bbox 617 2808 903 2911; baseline -0.007 -20"><span class='ocrx_word' id='word_1_182' title='bbox 617 2808 797 2911; x_wconf 83' lang='lat' dir='ltr'>Epistola</span> <span class='ocrx_word' id='word_1_183' title='bbox 823 2808 903 2890; x_wconf 85' lang='lat'><strong>105.</strong></span> 
     </span>
    </p>
   </div>
   <div class='ocr_carea' id='block_1_5' title="bbox 324 2939 1527 3075">
    <p class='ocr_par' dir='ltr' id='par_1_7' title="bbox 324 2939 1527 3075">
     <span class='ocr_line' id='line_1_25' title="bbox 324 2939 1527 3075; baseline -0.01 -50"><span class='ocrx_word' id='word_1_184' title='bbox 324 2959 534 3027; x_wconf 86' lang='lat' dir='ltr'>Hormisdae</span> <span class='ocrx_word' id='word_1_185' title='bbox 557 2977 667 3043; x_wconf 85' lang='lat' dir='ltr'>papae</span> <span class='ocrx_word' id='word_1_186' title='bbox 689 2960 732 3025; x_wconf 89' lang='lat' dir='ltr'>ad</span> <span class='ocrx_word' id='word_1_187' title='bbox 755 2961 966 3026; x_wconf 83' lang='lat' dir='ltr'>Blascorum</span> <span class='ocrx_word' id='word_1_188' title='bbox 988 2958 1187 3025; x_wconf 86' lang='lat' dir='ltr'>diaconum.</span> <span class='ocrx_word' id='word_1_189' title='bbox 1400 2939 1527 3075; x_wconf 34' lang='lat'><strong>(33¹3</strong></span> 
     </span>
    </p>
   </div>
   <div class='ocr_carea' id='block_1_6' title="bbox 101 3100 1357 3420">
    <p class='ocr_par' dir='ltr' id='par_1_8' title="bbox 101 3100 1357 3334">
     <span class='ocr_line' id='line_1_26' title="bbox 101 3100 1357 3165; baseline 0 -16"><span class='ocrx_word' id='word_1_190' title='bbox 101 3112 109 3138; x_wconf 74' lang='lat'>*-</span> <span class='ocrx_word' id='word_1_191' title='bbox 153 3100 227 3162; x_wconf 85' lang='lat' dir='ltr'>Quae</span> <span class='ocrx_word' id='word_1_192' title='bbox 245 3116 295 3164; x_wconf 86' lang='lat' dir='ltr'>per</span> <span class='ocrx_word' id='word_1_193' title='bbox 312 3117 365 3149; x_wconf 85' lang='lat' dir='ltr'>eum</span> <span class='ocrx_word' id='word_1_194' title='bbox 383 3108 454 3159; x_wconf 79' lang='lat' dir='ltr'>acta,</span> <span class='ocrx_word' id='word_1_195' title='bbox 474 3101 569 3150; x_wconf 83' lang='lat' dir='ltr'>Italiae</span> <span class='ocrx_word' id='word_1_196' title='bbox 586 3103 687 3165; x_wconf 83' lang='lat' dir='ltr'>populis</span> <span class='ocrx_word' id='word_1_197' title='bbox 704 3102 838 3164; x_wconf 82' lang='lat' dir='ltr'>placuisse.</span> <span class='ocrx_word' id='word_1_198' title='bbox 870 3100 915 3149; x_wconf 79' lang='lat' dir='ltr'>Aa</span> <span class='ocrx_word' id='word_1_199' title='bbox 932 3101 1108 3163; x_wconf 80' lang='lat' dir='ltr'>imperatorem</span> <span class='ocrx_word' id='word_1_200' title='bbox 1126 3115 1153 3148; x_wconf 82' lang='lat' dir='ltr'>se</span> <span class='ocrx_word' id='word_1_201' title='bbox 1171 3101 1272 3149; x_wconf 79' lang='lat' dir='ltr'>litteras</span> <span class='ocrx_word' id='word_1_202' title='bbox 1284 3102 1357 3149; x_wconf 68' lang='lat' dir='ltr'>dala</span> 
     </span>
     <span class='ocr_line' id='line_1_27' title="bbox 150 3181 1357 3248; baseline -0.002 -13"><span class='ocrx_word' id='word_1_203' title='bbox 150 3202 220 3242; x_wconf 74' lang='grc' dir='ltr'>νιιηι,</span> <span class='ocrx_word' id='word_1_204' title='bbox 241 3192 268 3234; x_wconf 81' lang='lat' dir='ltr'>ut</span> <span class='ocrx_word' id='word_1_205' title='bbox 286 3187 364 3248; x_wconf 81' lang='lat' dir='ltr'>ipsum</span> <span class='ocrx_word' id='word_1_206' title='bbox 383 3186 579 3235; x_wconf 76' lang='lat' dir='ltr'>Alexandrinae</span> <span class='ocrx_word' id='word_1_207' title='bbox 598 3186 720 3234; x_wconf 84' lang='lat' dir='ltr'>eeclesiae</span> <span class='ocrx_word' id='word_1_208' title='bbox 737 3185 934 3248; x_wconf 75' lang='lat' dir='ltr'>praeficiendum</span> <span class='ocrx_word' id='word_1_209' title='bbox 952 3190 1023 3232; x_wconf 80' lang='lat' dir='ltr'>caret</span> <span class='ocrx_word' id='word_1_210' title='bbox 1042 3181 1075 3246; x_wconf 84' lang='lat' dir='ltr'>(a.</span> <span class='ocrx_word' id='word_1_211' title='bbox 1091 3182 1125 3247; x_wconf 83' lang='lat'>1).</span> <span class='ocrx_word' id='word_1_212' title='bbox 1164 3183 1291 3239; x_wconf 78' lang='lat' dir='ltr'>Tlromam.</span> <span class='ocrx_word' id='word_1_213' title='bbox 1311 3185 1357 3233; x_wconf 85' lang='lat' dir='ltr'>Ni·</span> 
     </span>
     <span class='ocr_line' id='line_1_28' title="bbox 148 3269 1355 3334; baseline -0.002 -13"><span class='ocrx_word' id='word_1_214' title='bbox 148 3277 306 3327; x_wconf 81' lang='lat' dir='ltr'>costratam,</span> <span class='ocrx_word' id='word_1_215' title='bbox 329 3270 468 3320; x_wconf 61' lang='lat' dir='ltr'>«Iohannem</span> <span class='ocrx_word' id='word_1_216' title='bbox 486 3271 688 3334; x_wconf 80' lang='lat' dir='ltr'>Nicopolitannm</span> <span class='ocrx_word' id='word_1_217' title='bbox 706 3277 732 3318; x_wconf 80' lang='lat' dir='ltr'>et</span> <span class='ocrx_word' id='word_1_218' title='bbox 749 3269 880 3318; x_wconf 84' lang='lat' dir='ltr'>Paulinum</span> <span class='ocrx_word' id='word_1_219' title='bbox 898 3269 1057 3331; x_wconf 77' lang='lat' dir='ltr'>defensorem</span> <span class='ocrx_word' id='word_1_220' title='bbox 1075 3269 1100 3316; x_wconf 82' lang='lat' dir='ltr'>ei</span> <span class='ocrx_word' id='word_1_221' title='bbox 1116 3269 1279 3319; x_wconf 81' lang='lat' dir='ltr'>commendat.</span> <span class='ocrx_word' id='word_1_222' title='bbox 1316 3269 1355 3318; x_wconf 85' lang='lat' dir='ltr'>Ne</span> 
     </span>
    </p>

    <p class='ocr_par' dir='ltr' id='par_1_9' title="bbox 226 3353 1288 3420">
     <span class='ocr_line' id='line_1_29' title="bbox 226 3353 1288 3420; baseline 0.001 -17"><span class='ocrx_word' id='word_1_223' title='bbox 226 3371 277 3419; x_wconf 86' lang='lat' dir='ltr'>pro</span> <span class='ocrx_word' id='word_1_224' title='bbox 295 3356 392 3405; x_wconf 80' lang='lat' dir='ltr'>reditus</span> <span class='ocrx_word' id='word_1_225' title='bbox 407 3355 572 3417; x_wconf 80' lang='lat' dir='ltr'>festinatione</span> <span class='ocrx_word' id='word_1_226' title='bbox 590 3357 651 3420; x_wconf 86' lang='lat' dir='ltr'>qnid</span> <span class='ocrx_word' id='word_1_227' title='bbox 668 3357 841 3418; x_wconf 76' lang='lat' dir='ltr'>indispositmn</span> <span class='ocrx_word' id='word_1_228' title='bbox 860 3360 902 3401; x_wconf 79' lang='lat' dir='ltr'>aut</span> <span class='ocrx_word' id='word_1_229' title='bbox 921 3369 970 3402; x_wconf 92' lang='lat' dir='ltr'>non</span> <span class='ocrx_word' id='word_1_230' title='bbox 989 3353 1132 3402; x_wconf 80' lang='lat' dir='ltr'>ordinatum</span> <span class='ocrx_word' id='word_1_231' title='bbox 1151 3354 1288 3417; x_wconf 76' lang='lat' dir='ltr'>relinquat.</span> 
     </span>
    </p>
   </div>
   <div class='ocr_carea' id='block_1_7' title="bbox 275 3486 895 3551">
    <p class='ocr_par' dir='ltr' id='par_1_10' title="bbox 275 3486 895 3551">
     <span class='ocr_line' id='line_1_30' title="bbox 275 3486 895 3551; baseline -0.003 -1"><span class='ocrx_word' id='word_1_232' title='bbox 275 3486 484 3551; x_wconf 85' lang='lat' dir='ltr'>Hormisda</span> <span class='ocrx_word' id='word_1_233' title='bbox 506 3487 695 3551; x_wconf 89' lang='lat' dir='ltr'>Dioscoro</span> <span class='ocrx_word' id='word_1_234' title='bbox 718 3486 895 3549; x_wconf 89' lang='lat' dir='ltr'>diacono.</span> 
     </span>
    </p>
   </div>
   <div class='ocr_carea' id='block_1_8' title="bbox 206 3586 1389 3690">
    <p class='ocr_par' dir='ltr' id='par_1_11' title="bbox 206 3586 1389 3690">
     <span class='ocr_line' id='line_1_31' title="bbox 206 3586 1389 3690; baseline 0 -20"><span class='ocrx_word' id='word_1_235' title='bbox 206 3608 237 3670; x_wconf 91' lang='lat'>1.</span> <span class='ocrx_word' id='word_1_236' title='bbox 276 3605 323 3670; x_wconf 92' lang='lat' dir='ltr'>De</span> <span class='ocrx_word' id='word_1_237' title='bbox 351 3606 468 3669; x_wconf 87' lang='lat' dir='ltr'>laboris</span> <span class='ocrx_word' id='word_1_238' title='bbox 496 3608 543 3670; x_wconf 88' lang='lat' dir='ltr'>tui</span> <span class='ocrx_word' id='word_1_239' title='bbox 571 3586 714 3690; x_wconf 68' lang='lat' dir='ltr'>quiddm,</span> <span class='ocrx_word' id='word_1_240' title='bbox 750 3627 843 3689; x_wconf 91' lang='lat' dir='ltr'>quem</span> <span class='ocrx_word' id='word_1_241' title='bbox 871 3604 931 3668; x_wconf 90' lang='lat' dir='ltr'>Dei</span> <span class='ocrx_word' id='word_1_242' title='bbox 964 3602 1194 3686; x_wconf 87' lang='lat' dir='ltr'>omnipotentis</span> <span class='ocrx_word' id='word_1_243' title='bbox 1224 3605 1389 3687; x_wconf 85' lang='lat' dir='ltr'>juvamine</span> 
     </span>
    </p>
   </div>
   <div class='ocr_carea' id='block_1_9' title="bbox 103 3789 1389 4949">
    <p class='ocr_par' dir='ltr' id='par_1_12' title="bbox 103 3789 1389 3944">
     <span class='ocr_line' id='line_1_32' title="bbox 185 3789 1389 3861; baseline 0.002 -17"><span class='ocrx_word' id='word_1_244' title='bbox 185 3790 331 3861; x_wconf 78' lang='lat' dir='ltr'>³)Supple</span> <span class='ocrx_word' id='word_1_245' title='bbox 355 3790 607 3847; x_wconf 85' lang='lat' dir='ltr'>Calchedonensem</span> <span class='ocrx_word' id='word_1_246' title='bbox 630 3792 773 3861; x_wconf 80' lang='lat' dir='ltr'>synodum.</span> <span class='ocrx_word' id='word_1_247' title='bbox 814 3790 920 3845; x_wconf 88' lang='lat' dir='ltr'>Deinde</span> <span class='ocrx_word' id='word_1_248' title='bbox 942 3789 1086 3844; x_wconf 86' lang='lat' dir='ltr'>mallemus</span> <span class='ocrx_word' id='word_1_249' title='bbox 1109 3797 1168 3860; x_wconf 80' lang='lat' dir='ltr'>qnia</span> <span class='ocrx_word' id='word_1_250' title='bbox 1187 3803 1302 3860; x_wconf 74' lang='lat' dir='ltr'>propter</span> <span class='ocrx_word' id='word_1_251' title='bbox 1323 3797 1389 3846; x_wconf 79' lang='lat' dir='ltr'>tanc</span> 
     </span>
     <span class='ocr_line' id='line_1_33' title="bbox 103 3878 1132 3944; baseline -0.004 -10"><span class='ocrx_word' id='word_1_252' title='bbox 103 3881 268 3934; x_wconf 76' lang='lat' dir='ltr'>distantiam</span> <span class='ocrx_word' id='word_1_253' title='bbox 287 3893 336 3929; x_wconf 86' lang='lat' dir='ltr'>ceu</span> <span class='ocrx_word' id='word_1_254' title='bbox 352 3889 463 3944; x_wconf 80' lang='lat' dir='ltr'>propter</span> <span class='ocrx_word' id='word_1_255' title='bbox 480 3881 527 3930; x_wconf 77' lang='lat' dir='ltr'>too</span> <span class='ocrx_word' id='word_1_256' title='bbox 545 3883 687 3935; x_wconf 77' lang='lat' dir='ltr'>discrimen.</span> <span class='ocrx_word' id='word_1_257' title='bbox 1127 3878 1132 3892; x_wconf 87' lang='lat'>&#39;</span> 
     </span>
    </p>

    <p class='ocr_par' dir='ltr' id='par_1_13' title="bbox 103 3960 1389 4104">
     <span class='ocr_line' id='line_1_34' title="bbox 183 3960 1389 4031; baseline 0.001 -17"><span class='ocrx_word' id='word_1_258' title='bbox 183 3965 206 4018; x_wconf 87' lang='lat' dir='ltr'>⁴l</span> <span class='ocrx_word' id='word_1_259' title='bbox 226 3961 258 4014; x_wconf 92' lang='lat' dir='ltr'>ln</span> <span class='ocrx_word' id='word_1_260' title='bbox 276 3961 347 4029; x_wconf 84' lang='lat' dir='ltr'>vulg.</span> <span class='ocrx_word' id='word_1_261' title='bbox 369 3967 504 4020; x_wconf 78' lang='lat' dir='ltr'>addicere:</span> <span class='ocrx_word' id='word_1_262' title='bbox 522 3961 549 4015; x_wconf 90' lang='lat' dir='ltr'>in</span> <span class='ocrx_word' id='word_1_263' title='bbox 568 3962 602 4016; x_wconf 88' lang='lat' dir='ltr'>G¹</span> <span class='ocrx_word' id='word_1_264' title='bbox 622 3979 705 4030; x_wconf 88' lang='lat' dir='ltr'>quum</span> <span class='ocrx_word' id='word_1_265' title='bbox 724 3963 834 4031; x_wconf 86' lang='lat' dir='ltr'>legatur</span> <span class='ocrx_word' id='word_1_266' title='bbox 851 3967 966 4024; x_wconf 82' lang='lat' dir='ltr'>adicere,</span> <span class='ocrx_word' id='word_1_267' title='bbox 994 3976 1049 4013; x_wconf 87' lang='lat' dir='ltr'>non</span> <span class='ocrx_word' id='word_1_268' title='bbox 1066 3960 1163 4015; x_wconf 80' lang='lat' dir='ltr'>littera</span> <span class='ocrx_word' id='word_1_269' title='bbox 1179 3961 1261 4015; x_wconf 79' lang='lat' dir='ltr'>daed</span> <span class='ocrx_word' id='word_1_270' title='bbox 1278 3967 1288 4015; x_wconf 82' lang='lat' dir='ltr'>i</span> <span class='ocrx_word' id='word_1_271' title='bbox 1304 3961 1389 4030; x_wconf 84' lang='lat' dir='ltr'>gemi-</span> 
     </span>
     <span class='ocr_line' id='line_1_35' title="bbox 103 4045 292 4104; baseline -0.037 0"><span class='ocrx_word' id='word_1_272' title='bbox 103 4047 213 4104; x_wconf 82' lang='lat' dir='ltr'>nanda</span> <span class='ocrx_word' id='word_1_273' title='bbox 231 4045 292 4099; x_wconf 90' lang='lat' dir='ltr'>fuit.</span> 
     </span>
    </p>

    <p class='ocr_par' dir='ltr' id='par_1_14' title="bbox 104 4130 1389 4273">
     <span class='ocr_line' id='line_1_36' title="bbox 183 4130 1389 4200; baseline 0 -17"><span class='ocrx_word' id='word_1_274' title='bbox 183 4135 206 4200; x_wconf 69' lang='grc' dir='ltr'>ὁ)</span> <span class='ocrx_word' id='word_1_275' title='bbox 226 4130 298 4183; x_wconf 92' lang='lat' dir='ltr'>Dum</span> <span class='ocrx_word' id='word_1_276' title='bbox 321 4131 390 4184; x_wconf 85' lang='lat' dir='ltr'>haee</span> <span class='ocrx_word' id='word_1_277' title='bbox 413 4130 552 4184; x_wconf 85' lang='lat' dir='ltr'>scribebat</span> <span class='ocrx_word' id='word_1_278' title='bbox 570 4131 731 4197; x_wconf 86' lang='lat' dir='ltr'>Hormisda,</span> <span class='ocrx_word' id='word_1_279' title='bbox 753 4131 942 4187; x_wconf 78' lang='lat' dir='ltr'>Antiochense</span> <span class='ocrx_word' id='word_1_280' title='bbox 967 4130 1098 4185; x_wconf 86' lang='lat' dir='ltr'>ecelesiae</span> <span class='ocrx_word' id='word_1_281' title='bbox 1121 4130 1313 4200; x_wconf 88' lang='lat' dir='ltr'>episcopatum</span> <span class='ocrx_word' id='word_1_282' title='bbox 1335 4130 1389 4183; x_wconf 92' lang='lat' dir='ltr'>Do-</span> 
     </span>
     <span class='ocr_line' id='line_1_37' title="bbox 104 4214 780 4273; baseline -0.004 0"><span class='ocrx_word' id='word_1_283' title='bbox 104 4217 218 4273; x_wconf 86' lang='lat' dir='ltr'>rotheo</span> <span class='ocrx_word' id='word_1_284' title='bbox 238 4214 407 4268; x_wconf 89' lang='lat' dir='ltr'>destinatum</span> <span class='ocrx_word' id='word_1_285' title='bbox 426 4234 484 4270; x_wconf 87' lang='lat' dir='ltr'>esso</span> <span class='ocrx_word' id='word_1_286' title='bbox 502 4217 625 4269; x_wconf 90' lang='lat' dir='ltr'>nondum</span> <span class='ocrx_word' id='word_1_287' title='bbox 646 4217 780 4270; x_wconf 82' lang='lat' dir='ltr'>audierat.</span> 
     </span>
    </p>

    <p class='ocr_par' dir='ltr' id='par_1_15' title="bbox 107 4300 1388 4612">
     <span class='ocr_line' id='line_1_38' title="bbox 183 4300 1388 4370; baseline 0.002 -18"><span class='ocrx_word' id='word_1_288' title='bbox 183 4304 206 4367; x_wconf 80' lang='lat'>⁶)</span> <span class='ocrx_word' id='word_1_289' title='bbox 226 4300 331 4353; x_wconf 88' lang='lat' dir='ltr'>Eodem</span> <span class='ocrx_word' id='word_1_290' title='bbox 354 4300 497 4354; x_wconf 87' lang='lat' dir='ltr'>intellectu</span> <span class='ocrx_word' id='word_1_291' title='bbox 519 4301 548 4353; x_wconf 90' lang='lat' dir='ltr'>in</span> <span class='ocrx_word' id='word_1_292' title='bbox 572 4301 690 4370; x_wconf 85' lang='lat' dir='ltr'>epistola</span> <span class='ocrx_word' id='word_1_293' title='bbox 712 4300 847 4370; x_wconf 88' lang='lat' dir='ltr'>superiori</span> <span class='ocrx_word' id='word_1_294' title='bbox 864 4319 890 4354; x_wconf 93' lang='lat' dir='ltr'>n.</span> <span class='ocrx_word' id='word_1_295' title='bbox 911 4308 926 4355; x_wconf 88' lang='lat'>3</span> <span class='ocrx_word' id='word_1_296' title='bbox 949 4301 1099 4354; x_wconf 85' lang='lat' dir='ltr'>narrantur</span> <span class='ocrx_word' id='word_1_297' title='bbox 1117 4300 1237 4369; x_wconf 83' lang='lat' dir='ltr'>Scythae</span> <span class='ocrx_word' id='word_1_298' title='bbox 1260 4302 1388 4357; x_wconf 81' lang='lat' dir='ltr'>monachi</span> 
     </span>
     <span class='ocr_line' id='line_1_39' title="bbox 107 4384 1388 4455; baseline -0.002 -13"><span class='ocrx_word' id='word_1_299' title='bbox 107 4389 225 4450; x_wconf 84' lang='lat' dir='ltr'>dicere,</span> <span class='ocrx_word' id='word_1_300' title='bbox 244 4389 497 4440; x_wconf 78' lang='lat' dir='ltr'>observationum</span> <span class='ocrx_word' id='word_1_301' title='bbox 515 4405 599 4440; x_wconf 76' lang='lat' dir='ltr'>moras·</span> <span class='ocrx_word' id='word_1_302' title='bbox 616 4407 643 4440; x_wconf 82' lang='lat' dir='ltr'>se</span> <span class='ocrx_word' id='word_1_303' title='bbox 659 4392 732 4453; x_wconf 73' lang='lat' dir='ltr'>ferre</span> <span class='ocrx_word' id='word_1_304' title='bbox 746 4407 794 4440; x_wconf 91' lang='lat' dir='ltr'>non</span> <span class='ocrx_word' id='word_1_305' title='bbox 806 4406 890 4454; x_wconf 77' lang='lat' dir='ltr'>posse.</span> <span class='ocrx_word' id='word_1_306' title='bbox 922 4384 1057 4449; x_wconf 79' lang='lat' dir='ltr'>Quocirca</span> <span class='ocrx_word' id='word_1_307' title='bbox 1070 4389 1259 4439; x_wconf 79' lang='lat' dir='ltr'>obseruationes</span> <span class='ocrx_word' id='word_1_308' title='bbox 1276 4385 1315 4438; x_wconf 91' lang='lat' dir='ltr'>ibi</span> <span class='ocrx_word' id='word_1_309' title='bbox 1328 4403 1388 4455; x_wconf 91' lang='lat' dir='ltr'>per-</span> 
     </span>
     <span class='ocr_line' id='line_1_40' title="bbox 107 4468 1387 4538; baseline -0.004 -11"><span class='ocrx_word' id='word_1_310' title='bbox 107 4471 180 4527; x_wconf 88' lang='lat' dir='ltr'>inde</span> <span class='ocrx_word' id='word_1_311' title='bbox 200 4468 358 4537; x_wconf 82' lang='lat' dir='ltr'>intelligere</span> <span class='ocrx_word' id='word_1_312' title='bbox 377 4471 432 4536; x_wconf 86' lang='lat' dir='ltr'>est,</span> <span class='ocrx_word' id='word_1_313' title='bbox 455 4471 539 4538; x_wconf 89' lang='lat' dir='ltr'>atque</span> <span class='ocrx_word' id='word_1_314' title='bbox 558 4476 703 4532; x_wconf 75' lang='lat' dir='ltr'>dilationes,</span> <span class='ocrx_word' id='word_1_315' title='bbox 728 4489 775 4524; x_wconf 88' lang='lat' dir='ltr'>seu</span> <span class='ocrx_word' id='word_1_316' title='bbox 793 4472 825 4523; x_wconf 89' lang='lat' dir='ltr'>ut</span> <span class='ocrx_word' id='word_1_317' title='bbox 842 4469 990 4523; x_wconf 86' lang='lat' dir='ltr'>Hormisda</span> <span class='ocrx_word' id='word_1_318' title='bbox 1008 4469 1088 4538; x_wconf 85' lang='lat' dir='ltr'>epist.</span> <span class='ocrx_word' id='word_1_319' title='bbox 1109 4475 1158 4522; x_wconf 77' lang='lat'>144</span> <span class='ocrx_word' id='word_1_320' title='bbox 1176 4469 1313 4537; x_wconf 84' lang='lat' dir='ltr'>loquitur,</span> <span class='ocrx_word' id='word_1_321' title='bbox 1336 4483 1387 4525; x_wconf 80' lang='lat' dir='ltr'>ear-</span> 
     </span>
     <span class='ocr_line' id='line_1_41' title="bbox 110 4563 223 4612; baseline 0 0"><span class='ocrx_word' id='word_1_322' title='bbox 110 4563 223 4612; x_wconf 69' lang='lat' dir='ltr'>dilates.</span> 
     </span>
    </p>

    <p class='ocr_par' dir='ltr' id='par_1_16' title="bbox 112 4638 1387 4792">
     <span class='ocr_line' id='line_1_42' title="bbox 183 4638 1387 4710; baseline 0.002 -19"><span class='ocrx_word' id='word_1_323' title='bbox 183 4643 206 4707; x_wconf 79' lang='lat'>⁷)</span> <span class='ocrx_word' id='word_1_324' title='bbox 226 4639 269 4691; x_wconf 84' lang='lat' dir='ltr'>Ita</span> <span class='ocrx_word' id='word_1_325' title='bbox 287 4638 319 4692; x_wconf 85' lang='lat' dir='ltr'>G&#39;</span> <span class='ocrx_word' id='word_1_326' title='bbox 335 4640 370 4692; x_wconf 86' lang='lat' dir='ltr'>a¹.</span> <span class='ocrx_word' id='word_1_327' title='bbox 407 4639 448 4692; x_wconf 88' lang='lat' dir='ltr'>Al.</span> <span class='ocrx_word' id='word_1_328' title='bbox 468 4646 652 4710; x_wconf 80' lang='lat' dir='ltr'>consequendo.</span> <span class='ocrx_word' id='word_1_329' title='bbox 693 4640 812 4709; x_wconf 80' lang='lat' dir='ltr'>Moxque</span> <span class='ocrx_word' id='word_1_330' title='bbox 830 4640 898 4693; x_wconf 90' lang='lat' dir='ltr'>illud</span> <span class='ocrx_word' id='word_1_331' title='bbox 917 4646 941 4693; x_wconf 83' lang='lat' dir='ltr'>ei</span> <span class='ocrx_word' id='word_1_332' title='bbox 958 4640 994 4694; x_wconf 87' lang='lat' dir='ltr'>ad</span> <span class='ocrx_word' id='word_1_333' title='bbox 1012 4639 1201 4705; x_wconf 72' lang='lat' dir='ltr'>ammonium,</span> <span class='ocrx_word' id='word_1_334' title='bbox 1225 4641 1255 4692; x_wconf 91' lang='lat' dir='ltr'>ut</span> <span class='ocrx_word' id='word_1_335' title='bbox 1274 4655 1307 4692; x_wconf 90' lang='lat' dir='ltr'>ox</span> <span class='ocrx_word' id='word_1_336' title='bbox 1326 4641 1387 4694; x_wconf 88' lang='lat' dir='ltr'>sub-</span> 
     </span>
     <span class='ocr_line' id='line_1_43' title="bbox 112 4723 459 4792; baseline -0.009 -12"><span class='ocrx_word' id='word_1_337' title='bbox 112 4724 195 4780; x_wconf 82' lang='lat' dir='ltr'>nexis</span> <span class='ocrx_word' id='word_1_338' title='bbox 213 4723 313 4792; x_wconf 86' lang='lat' dir='ltr'>liquet,</span> <span class='ocrx_word' id='word_1_339' title='bbox 333 4725 459 4777; x_wconf 85' lang='lat' dir='ltr'>refertur.</span> 
     </span>
    </p>

    <p class='ocr_par' dir='ltr' id='par_1_17' title="bbox 111 4807 1386 4951">
     <span class='ocr_line' id='line_1_44' title="bbox 183 4807 1386 4879; baseline 0.003 -19"><span class='ocrx_word' id='word_1_340' title='bbox 183 4812 206 4876; x_wconf 82' lang='lat'>⁸)</span> <span class='ocrx_word' id='word_1_341' title='bbox 225 4808 276 4860; x_wconf 88' lang='lat' dir='ltr'>Ed.</span> <span class='ocrx_word' id='word_1_342' title='bbox 296 4807 358 4861; x_wconf 85' lang='lat' dir='ltr'>add.</span> <span class='ocrx_word' id='word_1_343' title='bbox 384 4815 415 4862; x_wconf 87' lang='lat' dir='ltr'>de</span> <span class='ocrx_word' id='word_1_344' title='bbox 434 4812 462 4862; x_wconf 87' lang='lat' dir='ltr'>ct</span> <span class='ocrx_word' id='word_1_345' title='bbox 479 4810 529 4863; x_wconf 89' lang='lat' dir='ltr'>sub</span> <span class='ocrx_word' id='word_1_346' title='bbox 549 4811 592 4864; x_wconf 88' lang='lat' dir='ltr'>fin.</span> <span class='ocrx_word' id='word_1_347' title='bbox 614 4817 714 4864; x_wconf 82' lang='lat' dir='ltr'>consule</span> <span class='ocrx_word' id='word_1_348' title='bbox 731 4830 811 4878; x_wconf 82' lang='lat' dir='ltr'>supro</span> <span class='ocrx_word' id='word_1_349' title='bbox 832 4815 939 4877; x_wconf 79' lang='lat' dir='ltr'>scripto.</span> <span class='ocrx_word' id='word_1_350' title='bbox 981 4808 1050 4863; x_wconf 84' lang='lat' dir='ltr'>lbid.</span> <span class='ocrx_word' id='word_1_351' title='bbox 1074 4809 1102 4863; x_wconf 87' lang='lat' dir='ltr'>in</span> <span class='ocrx_word' id='word_1_352' title='bbox 1121 4826 1177 4877; x_wconf 87' lang='lat' dir='ltr'>seq.</span> <span class='ocrx_word' id='word_1_353' title='bbox 1197 4808 1315 4878; x_wconf 84' lang='lat' dir='ltr'>epistola</span> <span class='ocrx_word' id='word_1_354' title='bbox 1337 4831 1386 4879; x_wconf 82' lang='lat' dir='ltr'>qno</span> 
     </span>
     <span class='ocr_line' id='line_1_45' title="bbox 111 4897 369 4949; baseline -0.004 0"><span class='ocrx_word' id='word_1_355' title='bbox 111 4899 200 4949; x_wconf 79' lang='lat' dir='ltr'>libello</span> <span class='ocrx_word' id='word_1_356' title='bbox 276 4897 369 4948; x_wconf 79' lang='lat' dir='ltr'>oblato.</span> 
     </span>
    </p>
   </div>
   <div class='ocr_carea' id='block_1_10' title="bbox 0 0 1606 5506">
    <p class='ocr_par' dir='ltr' id='par_1_18' title="bbox 0 0 1606 5506">
     <span class='ocr_line' id='line_1_46' title="bbox 0 0 1606 5506; baseline 0 0"><span class='ocrx_word' id='word_1_357' title='bbox 0 0 1606 5506; x_wconf 95' lang='lat' dir='ltr'> </span> 
     </span>
    </p>
   </div>
  </div>
 </body>
</html>
