3204 5506
203 356 266 420 236
655 370 835 418 11911911
858 370 884 417 11
907 370 1021 416 aaran

95 542 189 592 9483.
203 531 259 592 aut
280 531 370 591 tuam
392 527 493 590 anulis
515 525 661 588 nnmilrus
685 525 795 607 impeti
819 525 1101 608 praedicationem,
1126 526 1153 588 si
1177 548 1301 609 rursus,
1327 548 1416 611 quae
1438 534 1506 590 ex?

204 630 356 693 stiterant
378 628 480 692 eidem
503 629 647 709 adversa,
672 629 912 710 consurgerent,
937 631 993 690 aut
1015 627 1159 691 eamdem
1182 629 1254 692 sine
1277 629 1489 694 dubitatione

203 731 335 813 firmari,
366 731 494 814 quando
516 729 590 792 huic
612 728 815 811 reluctantia,
845 730 929 793 sicut
950 730 1069 792 dudum
1089 729 1221 794 fuerant
1243 731 1420 815 subversa,
1440 732 1488 815 ja-

205 835 359 899 cuissent:
384 856 423 896 ue
447 832 496 894 vel
518 835 603 914 tuae,
629 830 712 915 quod
735 831 830 914 absit,
854 831 927 895 fidei
951 822 1120 896 destitutor
1142 833 1194 897 rel
1216 832 1381 917 perfidiae
1405 834 1488 899 dice-

203 937 282 1001 reris
314 938 422 1000 fautor
449 934 582 998 alienae.
628 933 773 1018 Error²²)
802 936 888 998 enim
917 935 968 998 eui
994 956 1060 998 non
1082 935 1245 999 resistitur
1267 936 1485 1021 approbatur,

203 1044 235 1103 et
262 1039 380 1102 veritas
407 1059 488 1120 quae
515 1037 646 1100 minime
674 1036 860 1100 defensatur
886 1037 1086 1121 opprimitur.
1133 1037 1259 1102 Deinde
1288 1060 1397 1122 quum
1427 1039 1487 1104 tibi

203 1142 341 1206 Domino
368 1143 554 1224 praestante
583 1160 736 1223 magnam
764 1139 850 1222 apud
872 1139 1035 1203 dominum
1057 1139 1158 1203 filium
1180 1143 1333 1204 nostrum
1355 1140 1486 1227 religio

203 1267 273 1308 sum
295 1243 473 1326 principem
494 1240 749 1305 familiaritatem
771 1263 839 1304 esse
861 1242 1052 1325 noverimus,
1078 1241 1157 1306 nulli
1165 1241 1207 1327 ²³)
1230 1264 1382 1326 unquam
1398 1247 1486 1328 pote·

202 1347 245 1410 rit
267 1346 403 1428 suaderi,
427 1344 629 1407 dilectionem
646 1347 734 1409 tuam
749 1343 928 1427 nequivisse
944 1366 1064 1428 gerere,
1088 1366 1184 1428 quam
1199 1344 1311 1428 potins
1326 1345 1484 1411 noluisse.

203 1447 338 1511 11111199
360 1447 435 1531 quia
457 1445 571 1525 1191111)
600 1445 868 1529 impossibilitatis
889 1446 963 1529 fuit,
995 1448 1049 1510 sed
1072 1445 1249 1510 voluntatis
1272 1451 1375 1530 esset,
1401 1446 1484 1532 quod

202 1553 373 1631 taceretur,
402 1549 470 1632 ipse
499 1569 621 1632 quoque
644 1570 709 1611 non
733 1547 880 1632 ambigis,
910 1548 986 1630 qnid
1014 1547 1090 1612 hinc
1117 1547 1314 1614 universalis
1332 1549 1485 1634 judicare

202 1652 303 1737 possit
324 1651 479 1715 Ecclesia.
1384 1710 1391 1719 ,

287 1754 317 1818 6.
356 1753 419 1817 Ubi
442 1757 501 1834 est,
524 1752 627 1817 frater
648 1753 759 1834 Aeaci,
783 1751 873 1815 labor
894 1755 979 1834 tuus,
1003 1774 1064 1836 quo
1086 1752 1271 1836 tyrannidis
1294 1753 1483 1820 haereticae
1520 1746 1524 1751 ¹

202 1861 344 1940 tempore
367 1855 552 1919 desudasti?
597 1854 812 1939 Paterisne²⁵)
841 1855 972 1918 tandem
994 1854 1209 1919 conscientiae
1231 1857 1310 1920 tuae
1337 1856 1484 1940 ejusdem

199 1960 304 2044 perire
318 1957 519 2022 mercedem?
542 1957 678 2041 Respice
693 1957 829 2040 apostoli
845 1958 940 2021 verba
955 1957 1169 2041 testantis²⁸):
1193 1962 1377 2024 Currebatis
1390 1963 1483 2033 beser

200 2069 266 2140 qais
287 2082 339 2125 nos
358 2064 543 2137 fascinavit?
580 2060 644 2124 Cur
667 2081 774 2123 eorum
796 2059 930 2141 fructus,
954 2082 1035 2143 quae
1057 2059 1117 2123 rite
1133 2059 1368 2143 seminaveras,
1394 2082 1483 2127 1111119

187 2161 380 2246 relinquis?
416 2162 480 2227 Cur
495 2162 690 2226 irruentibus
712 2162 747 2224 in
770 2160 851 2224 ovile
868 2161 1062 2253 dominicum
1082 2161 1166 2244 lupis
1188 2161 1281 2226 nulla
1304 2162 1483 2248 vigilantia

201 2265 371 2328 ministerii
399 2265 568 2348 pastoralis
597 2263 735 2346 obsistis,
766 2263 820 2326 sed
847 2263 1079 2347 aequanimiter
1107 2267 1202 2348 atque
1231 2285 1370 2335 securus
1399 2287 1483 2331 oom-

201 2367 334 2431 missum
356 2388 489 2451 gregem
512 2371 567 2430 aut
589 2366 706 2429 laniari
728 2365 904 2449 praespicis
926 2370 983 2429 aut
1003 2365 1137 2430 necari?
1169 2364 1338 2454 Nonne²²t
1354 2367 1483 2438 ,discer-

182 2473 332 2532 ’uentem
355 2467 467 2532 recolis
490 2468 674 2546 Dominum,
706 2471 738 2531 et
766 2468 907 2531 animam
935 2490 1025 2532 suam
1052 2468 1181 2557 quidem
1205 2491 1263 2552 pro
1286 2470 1406 2534 ovibus
1427 2493 1484 2556 po·

201 2593 277 2635 nere
299 2571 369 2654 pios
392 2592 449 2654 pro
472 2570 639 2633 devotione
662 2574 816 2653 pastores,
840 2572 1077 2635 mercenarium
1096 2575 1204 2634 autem
1226 2572 1265 2635 de
1288 2570 1341 2635 his
1370 2595 1484 2639 curam

200 2673 329 2758 penitus
353 2695 418 2736 non
440 2672 624 2755 habentem,
655 2694 728 2735 mox
751 2676 787 2736 ut
808 2673 946 2737 bestiam
961 2674 1051 2765 'forte
1074 2675 1288 2757 conspexerit,
1318 2674 1485 2740 1111911119

67 1932 127 1987 Gal.
142 1939 187 1999 at

83 2003 112 2054 ct
124 2008 147 2067 3,
158 2008 179 2056 1.

74 2444 137 2498 Joh.
150 2453 180 2499 10

101 2520 131 2567 ll
142 2531 175 2568 ss.

200 3002 232 3036 ac
250 2991 294 3033 trra
311 3001 341 3034 m.
355 2999 379 3035 9.
390 2984 586 3047 praedicatione
605 2999 704 3033 rursum
722 2986 748 3032 in
766 3000 797 3033 ea
816 2999 880 3048 qnae
899 2985 1054 3033 exstiterant
1071 2984 1095 3032 ei
1111 2984 1223 3033 adversa
1240 2999 1425 3051 cessaverat,
1444 2994 1486 3039 d·

201 3086 248 3137 que
271 3071 359 3120 eadem
381 3071 436 3119 sine
459 3068 615 3119 dubitatione
634 3072 762 3132 firmares.
802 3064 907 3129 Quibus
929 3064 1045 3135 partim,
1071 3064 1175 3134 partim
1196 3065 1300 3120 nostris
1324 3066 1486 3139 codicibus,

201 3154 295 3205 favent
312 3151 345 3203 F*
357 3150 405 3215 Hl,
424 3149 477 3203 nisi
495 3148 571 3217 quod
589 3149 622 3202 F²
635 3193 640 3202 .
651 3194 671 3203 ..
685 3156 720 3203 ad
738 3161 804 3203 taam
822 3171 852 3203 nr.
871 3170 894 3203 a.
911 3154 1106 3218 praedicatione
1124 3155 1149 3202 si
1164 3170 1264 3203 rrersnrn
1283 3171 1352 3221 qaae
1371 3161 1486 3210 exstite-

199 3249 261 3290 rant
277 3242 305 3290 id
322 3248 360 3289 est
378 3241 488 3289 aduersa
505 3246 698 3304 consurgerent,
721 3247 748 3287 nt
766 3241 876 3288 earndern
894 3256 958 3304 qreae
978 3241 1053 3301 finem
1071 3238 1227 3289 dubitatione
1246 3242 1352 3304 quanda
1372 3243 1423 3294 199
1438 3260 1483 3295 re·

201 3328 336 3388 luctantia,
355 3320 391 3373 H8
463 3325 618 3374 asstiterant
636 3326 716 3374 eidem
734 3326 843 3375 adversa
862 3333 910 3376 etc.
1319 3372 1327 3383 ,

268 3408 300 3473 ²²)
318 3405 397 3459 Hanc
416 3404 582 3458 sententiam
601 3422 663 3458 cum
685 3406 775 3459 altera
793 3405 919 3474 sequenti
937 3424 963 3458 n.
982 3411 997 3459 8
1022 3411 1166 3473 „septipere
1185 3411 1281 3474 qnippe
1299 3428 1380 3476 quaer
1396 3417 1485 3478 possis

200 3495 338 3547 deturbare
357 3493 422 3543 etc.“
454 3489 603 3542 Gratianus
623 3507 644 3543 c.
659 3490 719 3544 31).
733 3495 766 3544 83
784 3508 839 3544 uno
857 3492 954 3544 tenore
967 3489 1121 3544 Innocentii
1139 3489 1251 3545 nomine
1265 3489 1388 3548 citatae
1399 3494 1486 3550 11111111

201 3575 326 3646 copulat,
345 3574 393 3628 sed
411 3573 492 3639 false,
511 3576 542 3626 ut
560 3577 628 3628 nota
639 3582 672 3630 33
691 3575 856 3629 firmabitur.
888 3575 986 3629 Eidem
999 3574 1095 3628 similis
1108 3576 1150 3628 est
1167 3574 1216 3628 illa
1228 3573 1387 3632 Coelestini
1398 3579 1483 3651 epist

200 3668 230 3715 21
245 3679 272 3714 n.
287 3667 315 3712 2:
335 3669 360 3713 tn
379 3664 469 3712 talibas
487 3665 571 3713 999911
589 3680 638 3714 non
656 3673 729 3715 curet
745 3667 889 3728 suspicione
913 3667 1088 3721 taciturnitas,
1163 3666 1252 3714 merito
1271 3681 1385 3732 nanque
1403 3685 1486 3720 cm

200 3765 246 3800 nos
264 3750 382 3813 respicit,
401 3750 424 3798 si
440 3749 540 3798 silentio
556 3750 685 3812 foveamus
704 3765 827 3801 errorem.
862 3745 922 3798 Hoc
940 3747 1034 3799 autem
1057 3744 1217 3812 hujusmodi
1234 3743 1384 3803 silentium
1403 3766 1485 3804 excu-

200 3846 262 3884 sare
280 3829 357 3883 nulla
374 3828 481 3882 ratione
499 3829 617 3884 Aeacius
634 3831 759 3899 poterat,
779 3831 826 3898 qui
844 3829 1009 3889 nominatim
1027 3829 1159 3883 adversus
1176 3829 1391 3889 haereticorum
1404 3834 1486 3890 moli·

199 3915 290 3969 tiones
309 3916 338 3968 et
356 3931 463 3969 errores
480 3914 616 3982 vigilandi
637 3932 730 3969 curam
748 3916 777 3968 111
795 3934 824 3970 19
842 3917 995 3985 receperat.

127 3998 130 4003 “
195 4052 200 4073 ἱ
267 4002 299 4067 ²³)
318 4000 362 4053 lta
378 3998 560 4052 111111ΡῖΗὲ
592 3999 667 4053 Editi
685 4007 766 4055 nntius
784 4021 890 4070 unquam
905 4006 991 4069 potuit
1056 4006 1115 4070 quin
1130 4005 1230 4068 potins,
1250 4000 1280 4054 et
1298 4005 1486 4061 911199οωί1-

198 4087 262 4139 tunt
279 4105 402 4151 mapsam.
1360 4148 1365 4161 Ι
1525 4078 1530 4093 ’

266 4172 298 4238 ²⁴)
316 4170 348 4222 E'
363 4169 398 4222 Ε1
415 4191 464 4225 non
476 4173 686 4239 impossibilitatis
702 4176 753 4237 suit
764 4177 812 4225 sed
823 4176 958 4225 satientatis
971 4190 1026 4225 esse
1040 4176 1108 4240 qnod
1117 4180 1231 4232 tacetur,
1249 4170 1285 4224 F²
1298 4170 1339 4226 H⁸
1352 4195 1408 4231 non
1423 4196 1485 4246 poe·

199 4258 328 4309 ¹sibilr’tatis
346 4266 413 4309 esset
431 4260 500 4324 qnod
517 4267 629 4318 tacetur,
650 4255 718 4309 editi
736 4276 785 4309 non
803 4260 1013 4324 impossibilitatis
1031 4265 1096 4310 esset
1115 4259 1184 4326 qnod
1200 4266 1336 4312 taceretur·
1355 4290 1393 4301 -
1410 4261 1486 4320 unde

201 4343 298 4394 nostra
315 4339 398 4395 lectio
416 4340 497 4395 facile
516 4340 660 4410 probatur.
1211 4357 1216 4362 ·

268 4425 465 4492 ’1111111111Ι
498 4424 579 4478 1*Ηῆ
597 4436 714 4494 patescat
732 4432 908 4481 denudandum
926 4431 1096 4480 conscientiae
1114 4436 1173 4480 tuae
1191 4430 1485 4494 9]9199111,911111Ρ9-
1512 4488 1526 4505 ,

200 4515 274 4563 tieris
292 4514 339 4564 1199
358 4516 448 4564 damna
467 4517 637 4565 consdentiae
656 4523 713 4564 tuae
727 4518 860 4578 ejusmodi.

267 4596 300 4662 ²⁶)
319 4594 407 4648 11913ι
420 4595 466 4662 E’,
486 4595 585 4663 quibus
603 4595 707 4664 partim
726 4596 901 4651 concinentes
919 4596 970 4650 etsi
990 4597 1118 4665 corrupte
1131 4595 1164 4650 F*
1177 4596 1214 4650 H‘l
1227 4609 1363 4654 testantur
1425 4625 1486 4661 eoe-

198 4682 337 4744 sascinanit
413 4700 497 4735 eoram
520 4687 620 4748 fratres
644 4687 741 4751 querite
758 4689 860 4736 sernitas
882 4703 941 4737 aras
959 4683 1004 4750 (Ει
1022 4688 1121 4753 querite
1138 4688 1249 4736 semim
1267 4689 1370 4756 99199).
1408 4687 1486 4745 suia

200 4783 266 4833 puae
284 4775 410 4817 testantur
483 4770 668 4832 confascinavit
742 4789 788 4821 cnr
806 4788 891 4823 eorum
906 4773 994 4835 frater
1012 4787 1136 4838 quaerere
1154 4774 1259 4822 semitas
1276 4782 1385 4828 veteres
1402 4795 1429 4833 rr.
1441 4778 1486 4830 ra?

199 4846 306 4902 Deinde
325 4866 388 4902 cum
404 4849 437 4903 F²
454 4856 589 4918 perspicis.
1189 4898 1191 4902 .

269 4936 302 5001 ²⁷)
320 4932 397 4988 Editi
415 4938 473 4989 Non
491 4941 625 4999 dicentem,
645 4936 787 5005 sequimur
798 4938 829 4992 ΕΙ
845 4938 922 4992 1111ε
936 4939 980 4993 Hc.
1011 4937 1120 4994 119111Ι
1133 4938 1383 5012 E‘conspeaerint·
