3224 5506
283 352 345 415 606
754 366 782 413 s
800 365 940 413 11111111
963 363 1076 411 raras

281 522 323 582 tis
345 519 470 602 plenius
493 519 726 601 perfectiusque
748 517 917 581 tractetis?
954 517 1018 581 Cur
1046 537 1101 579 vos
1129 516 1251 598 pudeat
1273 536 1398 599 agere,
1437 513 1465 577 si
1487 515 1567 578 sala·

282 626 351 683 tare
374 620 447 684 est?
484 619 516 684 si
540 619 698 701 divinum,
723 621 805 702 quod
827 622 983 682 tractasse
1005 618 1048 681 sit
1070 616 1232 680 dedecus?

369 725 417 786 11.
455 721 516 786 Sed
545 722 666 805 iuquiS,
702 722 751 784 vel
779 721 954 805 imaginem
983 720 1082 802 ipsius
1111 720 1158 783 rei
1186 741 1253 783 non
1284 718 1413 784 debere
1437 721 1565 784 moseri.

284 826 317 890 si
339 825 478 908 prodest,
503 824 529 886 si
552 824 692 887 salutare
715 827 774 906 est,
799 844 854 885 cur
876 822 982 907 image
1004 822 1111 905 potius
1134 821 1219 906 apud
1241 842 1312 905 vos,
1343 823 1381 885 et
1405 843 1477 885 non
1499 821 1566 906 ipsa

284 927 327 990 sit
348 925 489 990 veritas?
532 926 600 988 hut
626 925 652 987 si
682 929 765 988 certe
793 947 852 988 nec
879 927 957 987 tunc
979 923 1119 1008 profuit,
1156 923 1286 1009 quando
1318 922 1392 988 ritu
1427 923 1566 1008 irrlcgro,

253 1106 261 1113 Ι
284 1029 368 1092 sicut
389 1027 494 1091 dicitis
502 1027 553 1111 ²⁰),
577 1027 788 1109 tractabatur,
812 1026 887 1110 quid
902 1025 1055 1109 quaeritis
1078 1027 1145 1108 ejus
1166 1024 1361 1110 imaginem,
1390 1025 1489 1108 cujus
1511 1048 1568 1091 nec

284 1131 387 1214 ipsam
410 1129 566 1213 profuisse
591 1128 720 1192 cernitis
742 1128 938 1192 veritatem?

372 1233 420 1296 12.
459 1231 663 1312 1111111111,
692 1234 742 1294 tot
763 1231 898 1295 sacculis
921 1252 988 1293 rem
1010 1231 1135 1314 gestam
1157 1251 1223 1294 non
1245 1232 1404 1315 oportere
1437 1230 1567 1296 secludi.

285 1334 502 1400 Nihilominus
525 1333 633 1397 multis
655 1333 851 1417 temporibus
874 1332 1073 1416 paganitatis
1102 1330 1289 1416 superstitio
1312 1331 1484 1397 ventilata
1506 1337 1568 1397 est:

286 1438 481 1501 sacrificetur
509 1436 542 1498 iu
565 1435 693 1518 templis
722 1436 928 1515 daemonnm,
959 1437 991 1497 et
1018 1434 1051 1497 in
1075 1432 1234 1517 Capitolio
1262 1434 1411 1518 profana
1441 1435 1569 1499 vanitas

287 1539 480 1602 celebretur!
525 1538 588 1600 Cur
610 1537 789 1619 portionem
811 1536 998 1619 defenditis,
1029 1539 1061 1599 et
1084 1557 1164 1618 quae
1186 1535 1312 1618 majora
1334 1539 1422 1600 sunt
1443 1540 1569 1621 praete·

286 1640 381 1704 ritis?
419 1640 452 1705 Si
475 1639 613 1722 plurima
634 1659 754 1721 genera
776 1639 958 1703 vanitatum
979 1637 1089 1701 multis
1118 1640 1191 1700 acta
1219 1636 1362 1701 saeculis
1387 1638 1570 1722 probantur

287 1764 356 1806 esse
389 1741 531 1822 sublata,
570 1762 626 1803 eur
657 1741 761 1824 portio
788 1741 958 1825 quantovis
991 1745 1135 1824 tempore
1167 1738 1327 1803 ventilata
1364 1762 1436 1805 non
1470 1742 1569 1825 possit
1604 1780 1607 1845 l

287 1842 431 1907 auferri?
479 1842 512 1907 Si
540 1843 735 1926 temporibus
763 1842 1007 1926 praescribitur,
1042 1842 1198 1925 imputate
1225 1841 1412 1924 majoribus
1442 1844 1566 1926 vestris,
1603 1864 1607 1955 ἰ

288 1945 342 2030 qui
365 1967 461 2029 quum
483 1943 544 2007 hac
566 1945 718 2029 temporis
741 1944 993 2028 praescriptione
1016 1966 1082 2008 non
1104 1944 1153 2008 usi
1174 1943 1258 2026 sint,
1282 1965 1383 2027 posse
1407 1946 1497 2031 quod
1520 1968 1567 2009 su·
1605 2010 1607 2033 ἓ

288 2047 444 2132 perfluum
476 2051 525 2111 est
557 2051 589 2111 et
621 2047 734 2110 debere
767 2045 936 2128 removeri,
972 2045 1046 2109 dum
1074 2045 1167 2128 plura
1194 2050 1228 2109 et
1256 2045 1390 2129 majora
1421 2048 1567 2111 submota
1604 2082 1607 2135 3

288 2154 378 2232 sunt,
402 2149 597 2212 indicarimt.

375 2254 424 2316 13.
469 2251 529 2315 Sed
557 2251 637 2314 dicis
666 2251 763 2314 etiam
785 2250 977 2315 Christianis
1005 2249 1201 2333 temporibus
1228 2247 1312 2313 haec
1341 2250 1464 2316 fnisse.
1510 2251 1566 2317 Sed

289 2354 387 2417 etiam
408 2353 464 2416 illa
486 2353 681 2437 aliquamdiu
704 2351 896 2417 Christianis
918 2373 1041 2436 quoque
1065 2351 1263 2435 temporibus
1287 2350 1462 2418 celebrata
1486 2358 1565 2418 suut

288 2454 528 2539 Numquidnam
550 2455 624 2538 quia
647 2454 705 2517 sub
727 2454 839 2538 primis
866 2453 1064 2538 praesulibus
1088 2452 1292 2519 Christianae
1315 2454 1496 2541 religionis
1518 2456 1566 2519 ab·

289 2557 357 2621 lata
379 2580 444 2621 uon
466 2563 553 2640 sunt,
577 2558 648 2621 idco
671 2557 729 2621 sub
751 2578 857 2620 eorum
873 2555 1107 2620 successoribus
1122 2555 1193 2619 tolli
1207 2555 1345 2620 minime
1362 2556 1566 2623 debuerunt?

290 2658 393 2722 Multa
420 2663 512 2743 sunt,
546 2682 627 2743 quae
656 2684 674 2722 a
706 2657 840 2742 siugulis
874 2658 1078 2741 pontificibus
1106 2657 1230 2722 diverso
1259 2662 1414 2744 tempore
1444 2660 1568 2725 sublata

291 2764 367 2825 sunt
387 2762 484 2825 noxia
506 2761 555 2824 vel
579 2762 715 2844 abjecta.
765 2760 840 2824 Nou
869 2759 954 2823 enim
982 2759 1075 2824 simul
1103 2781 1214 2823 omnes
1241 2761 1278 2824 in
1307 2782 1451 2847 corpore
1481 2766 1568 2827 curat

290 2863 449 2927 medicina
472 2864 658 2948 languores,
695 2863 749 2927 sed
779 2862 862 2946 quod
884 2862 1091 2945 periculosius
1121 2861 1279 2945 conspicit
1301 2862 1498 2929 imminere:
1531 2886 1569 2929 ne

291 2969 347 3029 aut
379 2965 513 3029 materia
542 2967 681 3049 corporis
709 2988 774 3029 non
802 2963 943 3027 sufficiat
969 2962 1162 3045 medicinae,
1201 2967 1259 3027 aut
1288 2986 1352 3048 pro
1383 2965 1569 3031 conditione

290 3067 418 3132 mortali
440 3068 534 3131 simul
555 3068 662 3131 onmia
691 3090 756 3131 non
784 3067 885 3150 possit
913 3068 1065 3129 avertere.
1112 3063 1236 3140 Quaere
1264 3067 1365 3151 quale
1395 3068 1460 3152 sit,
1488 3067 1569 3133 unde

290 3170 378 3255 agis:
401 3170 428 3233 si
451 3171 569 3235 bonum
593 3175 651 3253 est,
676 3170 702 3233 si
725 3169 877 3249 divinum,
902 3168 929 3232 si
951 3167 1088 3250 salubre,
1111 3167 1291 3253 meritoque
1306 3171 1569 3257 quandocunque

291 3271 361 3336 tolli
382 3294 449 3336 non
472 3272 596 3354 debuit3
619 3273 647 3336 si
669 3294 727 3335 nec
749 3270 875 3334 salubre
898 3291 958 3333 nec
973 3269 1126 3352 divinum,
1151 3270 1356 3336 causandum
1378 3273 1446 3338 tibi
1469 3274 1569 3360 magis

292 3378 356 3453 est,
388 3397 444 3438 cur
466 3375 588 3438 tardius
611 3375 790 3455 auferatur,
823 3372 905 3456 quod
934 3371 1189 3456 superstitiosum
1212 3375 1347 3439 constat
1375 3379 1412 3440 et
1441 3396 1568 3460 vanum,

291 3476 374 3559 quod
397 3480 482 3540 certe
505 3476 709 3541 Christianae
732 3473 922 3559 professioni
944 3495 1011 3538 uon
1033 3475 1204 3539 convenire
1226 3474 1450 3543 manifestum
1472 3484 1532 3544 est

379 3579 427 3642 14.
464 3577 629 3641 Postremo
651 3578 734 3660 quod
762 3577 803 3640 ad
825 3596 875 3639 me
897 3577 1053 3659 pertinet,
1083 3576 1190 3641 nullus
1218 3576 1432 3665 baptizatus,
1468 3558 1585 3646 nullm·

293 3679 492 3744 Christianus
515 3679 575 3744 hoe
599 3679 752 3761 celebret,
780 3681 813 3742 et
835 3676 893 3741 soli
915 3675 976 3741 hoe
997 3678 1135 3763 pagani,
1160 3699 1296 3762 quorum
1318 3679 1409 3747 ritus
1433 3690 1571 3767 est,e1·

292 3784 476 3865 sequautur.
520 3781 572 3845 lllc
595 3782 803 3864 pronuntiare
832 3779 981 3843 convenit
1004 3780 1196 3845 Christianis
1228 3780 1294 3845 ista
1323 3785 1519 3867 perniciosa
1542 3788 1573 3850 11
1604 3776 1609 3861 1

292 3883 421 3947 funesta
443 3884 665 3948 indubitanter
687 3883 849 3947 exsistere.
879 3880 960 3956 Quid
983 3904 1033 3946 me
1055 3883 1194 3965 incusas,
1218 3882 1351 3969 siquod
1367 3886 1572 3971 professis&

292 3987 422 4050 minime
450 3986 616 4050 inimicum
645 3989 708 4069 est,
747 4009 766 4048 a
797 3985 996 4048 consortibus
1023 3983 1231 4069 professionis
1260 3983 1481 4055 Christianae
1507 4010 1573 4075 pro·
1604 4044 1609 4081 ,

292 4089 406 4153 nuntio
421 4088 695 4153 submovendum?
728 4086 800 4171 ligo
823 4090 909 4150 certe
932 4086 1095 4150 absolvam
1110 4086 1349 4153 conscientiam
1363 4112 1495 4159 meam:
1516 4089 1574 4177 ipsi
1606 4100 1609 4131 ³

292 4192 433 4275 videant,
458 4191 512 4276 qui
531 4191 628 4273 justis
651 4188 921 4253 admonitionibus
943 4188 1070 4252 obedire
1092 4188 1308 4273 neglexerint.
1359 4190 1459 4269 Quod
1481 4192 1574 4258 etiam

292 4294 551 4377 praedecessores
573 4314 660 4356 meos
682 4290 819 4355 forsitan
841 4291 955 4355 fecisse
977 4314 1043 4355 non
1066 4291 1207 4376 ambigo,
1230 4295 1266 4356 et
1280 4292 1375 4377 apud
1390 4294 1575 4381 imperiales

296 4432 598 4442 -—..-—.—-.-—-..

360 4500 393 4566 ²⁹)
411 4496 455 4552 Ita
473 4498 516 4551 (³¹.
547 4496 601 4550 Alii
620 4502 720 4551 dicitnr.

360 4585 393 4651 ³⁰)
411 4582 445 4638 C¹
464 4589 579 4651 professi
595 4587 692 4635 1111111
711 4587 833 4637 inimicum
851 4593 890 4635 111
907 4602 924 4634 a
941 4584 1113 4643 1111111111,
1131 4578 1205 4635 unde
1225 4579 1258 4635 b¹
1274 4586 1407 4651 prolem
1424 4588 1578 4641 matriti·

292 4672 379 4722 micum
396 4680 447 4731 111,
467 4668 513 4722 alii
531 4673 684 4736 profitentur·
700 4673 821 4721 inimicum
838 4686 903 4721 esse.
932 4663 1084 4734 Arclrctypi
1107 4664 1190 4719 lectio
1207 4680 1299 4735 pam
1315 4666 1488 4725 mutatione
1503 4668 1577 4725 boh

293 4751 360 4804 ferri
376 4752 484 4820 potest,
508 4755 537 4806 et
561 4753 604 4806 est
625 4752 670 4805 hie
688 4769 797 4806 sensus:
822 4756 890 4822 quod
905 4756 1032 4819 professa
1050 4749 1087 4817 (h.
1105 4766 1129 4803 e.
1148 4747 1315 4819 gentilibus,
1342 4751 1446 4819 quiid
1463 4754 1576 4819 minimo

293 4834 435 4889 inimicum
453 4853 514 4891 esse
531 4838 708 4906 profitentur)
726 4844 822 4891 11111111
839 4842 961 4890 infuderim
979 4846 1031 4902 est,
1049 4854 1066 4887 a
1078 4835 1240 4889 1111111111
1252 4838 1441 4903 profectionis
1451 4842 1575 4895 cha&-

295 4940 343 4974 111
362 4920 458 4989 (igitur
475 4921 556 4975 aliter
571 4927 711 4990 professis,
730 4928 826 4976 11111111
843 4928 872 4976 id
889 4927 1010 4976 inimicam
1028 4922 1099 4989 essu)
1114 4923 1259 4990 pronuncio
1274 4922 1492 4979 mouendu-
