3204 5506
625 338 795 388 sr1sroua
820 329 891 386 129.
1182 372 1185 376 .
1332 323 1395 388 943

119 494 383 580 religiosissimae
405 493 591 576 memoriae,
616 495 740 558 vestrae
759 492 885 557 culmen
900 491 1069 575 ecclesiae,
1097 491 1214 577 palam*
1221 495 1393 577 aperteque
1406 521 1431 559 a.
1442 510 1498 560 000.

121 598 303 681 constituit,
327 618 425 682 quum
447 596 534 682 01111)
557 595 618 660 hoc
640 595 725 659 idem
746 594 900 659 scriberet
917 595 1085 679 negotium
1099 594 1257 659 decessori
1271 597 1392 677 nostro,

120 700 201 763 00010
224 721 292 764 esse
313 721 427 783 pacem
450 698 691 780 affectantibus,
721 697 748 760 si
774 718 893 761 nomen
920 699 1048 761 tantum
1075 696 1249 761 reticeatur
1270 697 1392 760 Aeacii.

120 800 211 887 Ergo
233 801 341 886 priora
362 803 489 865 0000000
511 799 595 864 00010
618 799 794 864 0000010000
817 799 969 883 sequitur,
993 799 1048 883 qui
1069 820 1137 863 non
1151 820 1261 863 omnes
1276 820 1394 863 memo·
1434 834 1438 841 ·

119 904 187 967 rias
208 906 405 967 mortuorum
423 903 549 986 judicat
571 900 832 984 contemnendas,
855 903 892 964 ut
919 900 1091 986 indignum
1112 900 1270 965 habeatur
1291 903 1325 965 et
1346 901 1394 964 in·

122 1005 358 1091 congruumfl),
382 1005 409 1070 si
424 1026 490 1069 non
512 1004 669 1089 placidior
683 1003 831 1067 omnibus
850 1024 917 1067 non
932 1002 1034 1067 solum
1049 1002 1211 1067 defunctis
1226 1002 1281 1066 sed
1297 1002 1394 1066 etiam

122 1106 348 1190 superstitibus
363 1109 470 1171 000000
485 1105 668 1191 divulgetur
683 1105 820 1169 inomni
838 1105 902 1169 fine
925 1108 1082 1169 terrarum
1103 1104 1230 1169 lenitas.
1268 1102 1313 1168 Et
1334 1103 1395 1168 hoc

122 1209 251 1293 quidem
272 1230 338 1274 non
361 1208 611 1273 dubitaverimus
635 1209 680 1273 ita
702 1207 880 1292 gratiosum
901 1207 991 1270 vobis
1013 1207 1173 1295 futurum,
1202 1210 1239 1270 00
1260 1206 1395 1290 00011100

121 1313 234 1376 statim
255 1333 408 1396 responso
429 1310 542 1375 laetior
563 1310 699 1374 mundus
721 1308 882 1374 reddatur.

206 1414 238 1479 4.
277 1412 431 1478 Retineat
459 1414 567 1476 autem
592 1414 698 1476 vestra
724 1412 897 1494 sanctitas,
932 1411 1015 1496 quod
1042 1410 1162 1475 dudum
1195 1410 1391 1495 scripsimus,
1405 1440 1448 1494 ep.
1461 1430 1517 1480 108.

123 1538 162 1581 ex
189 1516 322 1580 Oriente
357 1513 608 1598 supplicationes
639 1513 732 1577 nobis
760 1536 829 1579 esse
861 1514 1054 1595 destinatas,
1086 1512 1285 1577 voluntatem
1312 1512 1394 1597 ipso-

122 1641 193 1681 rum
222 1618 425 1682 continentes
451 1619 484 1679 et
510 1616 693 1699 arbitrium,
722 1615 757 1680 in
785 1637 848 1701 quo
875 1637 943 1680 sese
954 1615 992 1700 18)
1022 1615 1190 1680 duraturos
1221 1613 1396 1679 ostendunt

121 1721 268 1803 firmiter,
292 1723 325 1785 et
347 1740 409 1803 quo
430 1717 521 1782 nulla
543 1717 667 1782 ratione
690 1717 905 1782 desistendum
928 1717 1123 1781 existimant.
1168 1715 1265 1781 Hanc
1286 1718 1395 1800 itaque

123 1822 302 1888 chartulam
325 1820 499 1886 secundum
521 1823 633 1884 nostra
654 1820 858 1906 promissa¹⁹)
886 1841 944 1904 000
965 1818 1149 1884 Johannem
1177 1819 1282 1883 virum
1309 1839 1395 1882 reve·

116 2009 226 2077 judicio
245 2009 408 2072 abhorreat;
431 2006 568 2076 siquidem
586 2005 655 2059 nihil
676 2005 759 2076 petit,
782 2005 834 2060 nisi
857 2005 933 2073 quod
950 2006 986 2060 ab
1004 2004 1152 2060 Anastasio
1172 2005 1232 2074 jam
1251 2004 1394 2059 definitum
1501 2016 1506 2025 ·

120 2096 208 2161 atque
227 2093 407 2148 constitutum
425 2092 587 2148 arbitratur.

191 2180 223 2242 ¹⁶)
241 2176 292 2231 Ed.
312 2177 401 2232 omitt.
422 2182 467 2237 ot:
484 2176 570 2230 iidem
586 2182 791 2244 praedecessori.
827 2175 1068 2240 Quemadmodum
1079 2175 1096 2229 J
1099 2176 1252 2230 ustinianus
1270 2173 1299 2227 in
1311 2174 1392 2243 epist.

121 2270 185 2328 110,
208 2263 249 2317 ita
266 2263 350 2318 etiam
372 2263 401 2316 in
423 2263 476 2316 hac
492 2261 616 2315 Justinus
638 2260 699 2316 loco
717 2261 796 2315 verbi
813 2267 975 2330 specialiter,
999 2275 1053 2328 quo
1072 2259 1235 2316 Anastasius
1256 2276 1322 2312 0000
1341 2262 1393 2324 000,

119 2346 273 2402 substituto
291 2359 399 2417 tantam,
422 2347 496 2400 hunc
512 2363 616 2416 papam
634 2346 723 2411 01100,
746 2363 829 2414 quarn
848 2346 924 2414 quod
940 2362 1039 2400 000000
1055 2345 1155 2412 001010,
1178 2347 1207 2398 00
1227 2344 1344 2397 00101000
1366 2347 1395 2398 00

121 2432 298 2487 constituisse
315 2432 369 2486 sibi
386 2433 590 2502 persuaserunt.

192 2520 223 2586 17)
241 2517 278 2570 Η1
295 2523 454 2587 incopniiunr.

192 2605 223 2671 ¹⁸)
241 2602 277 2656 Hs
294 2623 322 2657 se
339 2608 446 2657 sedatur
515 2608 681 2657 resistendum
699 2607 840 2657 aestimant.

193 2688 224 2756 ¹⁹)
241 2687 284 2740 Ab
302 2686 381 2742 initio
400 2687 466 2741 anni
482 2687 565 2756 hujus
582 2686 706 2741 Justinus
724 2687 803 2756 00100.
825 2693 873 2742 108
891 2686 1053 2756 scripserat:
1076 2691 1134 2741 Non
1146 2692 1221 2742 nitito
1233 2693 1319 2757 itaque
1335 2697 1395 2756 post

119 2795 137 2826 a
157 2776 229 2826 nobis
247 2777 347 2842 quitiam
365 2776 533 2826 destinabitur
550 2778 586 2825 ad
603 2777 768 2826 insinuandas
786 2777 856 2826 uobis
874 2779 1088 2840 supplicationes,
1108 2792 1173 2842 quae
1186 2777 1257 2827 notis
1271 2772 1318 2839 (ab
1331 2771 1396 2827 Eois

118 2856 261 2928 partibus)
280 2862 380 2912 oblatae
398 2868 464 2911 sunt.
494 2857 615 2910 Rursum
633 2873 727 2911 mense
745 2857 818 2912 Julio
838 2857 917 2927 epist.
934 2862 981 2910 116
1000 2857 1128 2911 eamdem
1145 2858 1316 2926 legationem
1332 2874 1394 2926 pro-

118 2941 213 2995 mittit
229 2941 272 2995 his
291 2942 394 2997 verbis:
415 2947 455 2995 Ea
474 2947 584 3011 quidem,
602 2963 648 2996 nec
665 2963 714 2996 non
727 2949 850 3013 quaedam
862 2947 1118 2999 commemorabuntur
1129 2949 1245 3010 apertius
1260 2962 1310 3010 per
1327 2948 1396 3010 lepa-

120 3040 173 3080 tum
192 3037 314 3088 000000,
334 3034 377 3098 qui
390 3034 545 3095 paulopost
562 3031 738 3081 destinabitur.
768 3027 947 3080 'Fumantem
964 3027 1090 3096 legatum
1108 3025 1273 3080 nominatim
1290 3025 1396 3080 1001000

120 3111 204 3182 epist.
226 3118 273 3165 128
295 3129 395 3181 nempe
413 3112 568 3166 Johannem
587 3110 752 3177 antistitem,
775 3128 858 3180 quem
881 3128 944 3165 ase
967 3112 1092 3181 proxime
1115 3113 1180 3181 post
1200 3111 1311 3179 legatos
1329 3109 1392 3164 Ger·

119 3213 251 3264 manum,
274 3196 424 3262 Blandum,
447 3196 568 3251 Felicem
591 3203 619 3250 et
641 3195 815 3262 Dioscorum,
839 3195 938 3262 quihus
961 3213 1026 3250 mox
1049 3196 1152 3250 dictam
1175 3195 1322 3265 epistolam
1347 3200 1395 3248 126
1490 3218 1493 3220 ·

119 3280 293 3347 tradiderat,
311 3281 478 3335 mittendum
491 3281 644 3335 decrevisse
658 3280 793 3342 declarat,
813 3281 863 3334 000
879 3281 965 3349 longa
976 3281 1151 3350 aegritudine
1164 3279 1290 3334 detineri.
1317 3279 1395 3332 Idem

120 3366 207 3420 simul
224 3367 253 3421 et
269 3365 441 3420 Justinianus
459 3366 539 3436 epist.
561 3372 607 3420 lsi
630 3366 750 3420 testatur
772 3365 801 3418 in
824 3364 897 3418 huuc
913 3366 1039 3419 modum:
1071 3372 1120 3419 Vir
1138 3384 1243 3435 namque
1261 3371 1395 3432 reiipiasus

119 3457 254 3506 lohannes
272 3458 419 3520 episeopus,
442 3459 485 3520 qui
505 3463 625 3505 uenturus
647 3461 686 3504 est
709 3455 823 3517 Bonam,
848 3456 976 3503 detinetur
998 3457 1165 3520 aegritudine.
1206 3450 1286 3504 Nunc
1308 3449 1395 3518 igitur

120 3536 247 3591 Justinus
263 3542 327 3589 hunc
345 3543 445 3590 miliens
462 3541 600 3591 Johannem
616 3542 742 3604 0000111000
760 3541 883 3591 sarcinii:
900 3535 949 3589 000
966 3535 1029 3590 1000
1048 3535 1110 3605 quis
1128 3535 1175 3591 ille
1193 3535 1229 3588 sit
1246 3534 1394 3600 Johannes,

120 3623 197 3688 isne,
219 3620 266 3690 qui
288 3622 324 3676 ab
347 3620 496 3675 Hormisda
519 3639 579 3675 cum
603 3621 742 3676 Germano
766 3637 798 3674 00
821 3619 902 3674 sociis
928 3620 958 3673 in
980 3621 1122 3675 Orientem
1143 3620 1254 3689 legatus
1277 3638 1339 3674 eum
1362 3618 1395 3671 iis

121 3708 243 3760 Romam
262 3706 376 3760 rediisse
394 3706 507 3760 minime
525 3707 640 3776 legitur,
659 3706 796 3771 0001100,
815 3723 887 3759 nunc
905 3706 1124 3774 expendendum.
1162 3705 1190 3758 Si
1210 3704 1269 3774 1000
1288 3705 1343 3769 000,
1365 3705 1395 3757 10

123 3792 201 3860 quod
218 3791 253 3845 de
270 3791 317 3845 illo
336 3791 471 3845 Batonius
488 3791 523 3846 ad
543 3809 646 3846 annum
664 3800 714 3846 520
732 3811 758 3845 n.
779 3798 810 3844 ‘ts
828 3790 936 3846 scribit:
960 3799 999 3846 De
1016 3799 1143 3860 susceptis
1158 3813 1209 3860 pro
1223 3799 1286 3859 fidei
1304 3797 1395 3858 defen-

121 3883 195 3930 sione
213 3881 355 3930 onineritus
373 3882 510 3946 insipnibns
526 3884 616 3931 meruit
633 3884 754 3932 coronari
771 3884 899 3943 martyrii.
924 3894 979 3931 non
996 3877 1038 3930 ita
1054 3876 1268 3945 intelligendum
1287 3879 1340 3942 000,
1364 3877 1395 3930 ut

121 3961 212 4015 vitam
231 3960 254 4014 ei
272 3962 387 4016 vulnera
408 3962 457 4015 illa
479 3962 652 4016 abstulerint.
693 3962 729 4015 Et
749 3962 808 4031 ipse
832 3962 945 4030 quidem
967 3962 1108 4016 Johannes
1132 3979 1217 4030 quum
1240 3962 1320 4031 epist.
1346 3968 1394 4015 102

123 4064 159 4100 ex
177 4047 246 4100 urbe
265 4045 504 4101 thessalonicensi
525 4048 649 4101 scribens
666 4047 749 4116 petit,
774 4054 806 4099 00
827 4047 850 4100 01
868 4046 1012 4116 suiipsius
1030 4046 1184 4101 0000000011
1201 4046 1394 4102 Constantino-

123 4130 212 4201 polim
230 4131 368 4197 vonerint,
386 4131 493 4186 nonnisi
512 4150 540 4186 00
558 4133 705 4201 praesente
724 4132 885 4197 audiantur,
905 4149 994 4185 suase
1007 4132 1123 4186 0010000
1139 4131 1256 4186 lethalia
1273 4147 1328 4185 non
1345 4150 1394 4201 00-

123 4219 199 4282 tare,
217 4217 302 4271 immo
325 4217 360 4271 ab
383 4217 417 4269 110
441 4217 609 4271 convaluisse
632 4232 661 4270 sc
679 4233 735 4270 non
753 4217 868 4271 obscure
887 4217 1032 4285 significat.
1072 4218 1161 4270 Immo
1179 4233 1243 4271 eum
1266 4217 1395 4271 0111000-

123 4300 226 4367 valuit,
250 4319 313 4355 cum
331 4301 429 4356 0000110
446 4301 547 4370 legatis
564 4303 682 4356 Romam
701 4301 860 4368 revertisse,
878 4301 1013 4356 Batonius
1032 4302 1067 4355 ad
1087 4302 1214 4356 eumdem
1232 4319 1336 4356 annum
1355 4301 1395 4354 di·

124 4389 212 4452 serte,
235 4386 309 4440 haud
332 4387 388 4442 scio
406 4404 462 4456 qua
480 4387 661 4452 auctoritate,
679 4386 783 4441 scribit.
824 4387 924 4441 Censet
946 4387 1034 4455 igitur
1052 4387 1149 4441 doctus
1173 4387 1219 4441 ille
1238 4385 1394 4451 cardinalis,

124 4474 198 4525 hunc
215 4471 402 4538 Johannnem,
421 4471 455 4526 00
468 4487 523 4540 quo
536 4471 656 4540 agimus,
675 4472 711 4525 ab
730 4471 892 4526 Hormisdae
910 4471 1005 4541 legato
1018 4471 1103 4525 alium
1118 4489 1186 4526 esse.
1217 4473 1258 4525 Be
1276 4471 1394 4541 100010-

123 4558 213 4611 stinus
232 4557 312 4626 epist.
334 4562 381 4610 110
400 4555 523 4626 capitula
540 4562 688 4610 missurum
707 4573 735 4610 se
755 4573 815 4610 esse
832 4557 999 4626 promiserat
1014 4566 1183 4627 pertepatnm
1195 4568 1319 4618 nostrum,
1338 4573 1395 4610 non

123 4659 177 4712 per
193 4642 318 4711 legatum
336 4641 506 4694 Hormisdae.
546 4641 652 4696 Deinde
675 4641 697 4695 si
719 4658 770 4711 per
788 4642 909 4711 aliquem
926 4643 1091 4697 Hormisdae
1113 4643 1238 4711 legatum
1257 4659 1290 4696 ea
1311 4641 1395 4696 desti-

123 4745 193 4782 nare
210 4726 355 4792 voluisset,
374 4744 489 4797 000000
507 4744 637 4796 aegrum,
657 4742 776 4781 000000
794 4743 923 4797 000000,
945 4729 992 4797 qui
1010 4728 1072 4797 jam
1089 4727 1257 4797 0010100000
1276 4728 1395 4795 regressi

124 4814 231 4879 000000,
254 4812 372 4866 maxime
396 4829 480 4879 quum
501 4811 625 4877 timeret,
649 4828 682 4865 ne
707 4811 803 4866 dilatio
826 4813 874 4868 1110
896 4812 1028 4868 affectata
1045 4817 1130 4883 atque
1152 4813 1281 4882 suspecta
1302 4828 1394 4881 papae

123 4899 285 4957 videretur?
315 4897 412 4964 Neque
429 4915 495 4953 0000
513 4897 597 4953 alium
616 4897 660 4950 hic
679 4897 820 4967 designari
839 4898 1039 4966 existimamus,
1057 4898 1109 4953 nisi
1121 4905 1262 4954 Jotnnnen
1277 4902 1394 4953 0100010-
