3204 5506
191 352 253 416 622
614 365 642 413 s.
659 363 845 414 nussrssn
868 365 894 411 n
916 365 1030 414 rurus

61 527 177 594 (atet.)
189 523 241 584 tus
264 518 353 583 nulla
374 517 562 602 minianu)
586 517 781 602 indignitate
798 518 1041 602 constringitur.
1079 517 1168 582 Nam
1183 522 1217 583 et
1230 518 1337 604 Judss,
1355 527 1498 607 qum!

190 621 288 686 suerit
302 619 478 704 sacrilegus
495 621 591 703 atque
606 620 668 700 fur,
693 618 845 703 quidquid
861 617 930 702 egit
943 618 1028 682 inter
1043 619 1207 705 apostolos
1228 642 1287 707 pro
1301 610 1481 708 agustat

191 723 369 805 commissa,
386 720 541 785 beneficia
556 720 794 804 perindignum
809 720 884 783 data
901 719 990 783 nulla
1007 742 1044 784 er
1062 720 1124 787 hoc
1142 722 1337 789 detrimenta
1351 724 1464 789 senff

71 814 171 869 3333333·
188 829 275 908 runt,
284 824 468 888 declarante
479 823 538 886 hoc
551 820 800 906 ipsumDomino
815 821 1077 886 manifestissima
1087 845 1181 889 voce:
1197 829 1333 904 Scribat,
1340 807 1448 911 inquit

71 890 142 949 Μ’
151 891 173 938 3'
188 942 217 992 et
223 933 385 990 Pharisaei
396 947 488 1005 snper
498 929 673 992 curludram
681 929 793 1005 illapsis
804 929 921 988 sedent:
937 945 1015 1003 quae
1030 932 1137 990 dicunt
1147 930 1259 1004 facite,
1273 928 1438 1007 madet!

185 1034 319 1107 saciant,
343 1034 434 1093 nolite
452 1031 571 1103 fucere.
606 1032 718 1090 Dicunt
739 1032 817 1088 enim
839 1038 868 1089 et
890 1048 950 1090 non
967 1031 1102 1104 saciant.
1139 1027 1302 1113 Quidquid
1323 1015 1432 1115 ergord

188 1131 354 1194 hominum
369 1128 547 1213 profectum
554 1129 594 1213 33)
618 1127 752 1212 quilibet
773 1127 808 1190 in
823 1126 968 1193 Ecclesia
987 1127 1183 1217 minister³⁴)
1206 1152 1268 1214 pro
1284 1130 1435 1196 officiosus

188 1233 275 1297 videt
261 1237 314 1295 tur
329 1232 465 1315 operari,
489 1230 585 1294 hoct
571 1233 674 1293 totum
697 1229 854 1293 contineri
876 1229 1037 1313 implendo
1060 1231 1244 1296 divinitatis
1267 1234 1391 1318 effectu,
1406 1232 1443 1296 ila

80 1324 165 1379 ¹⁰⁰²
185 1334 238 1398 ille
261 1356 318 1418 per
338 1355 432 1418 quem
448 1332 556 1397 Christ
542 1337 594 1395 tus
615 1330 718 1414 loquit
720 1352 757 1393 ur
704 1329 889 1394 tPaulus
913 1332 1069 1396 affirmat·
1092 1338 1160 1413 Epo
1179 1341 1339 1415 plantavi,
1355 1342 1450 1418 Apollo

114 1400 309 1516 6⁸7'repetunt
326 1442 380 1499 sed
393 1440 470 1499 Deus
485 1442 698 1499 incrementum
714 1439 805 1496 dedit.
834 1438 944 1512 Itaque
958 1456 1054 1514 neque
1068 1457 1119 1514 qur
1116 1442 1262 1515 'plantat
1275 1451 1322 1502 est
1338 1443 1455 1519 aliquid

187 1560 283 1618 neque
305 1544 357 1617 qai
377 1545 474 1616 niqui,
505 1543 558 1601 sed
579 1543 633 1615 qai
652 1542 864 1598 incrementum
887 1541 941 1599 dut
962 1541 1049 1601 Dans.
1098 1536 1242 1625 Adeo³⁷)
1266 1542 1382 1604 autem
1401 1561 1463 1605 non

186 1639 360 1725 quaeritur,
385 1640 454 1723 quis
477 1638 526 1703 vel
548 1636 651 1723 qualis
670 1637 846 1721 praedicet,
870 1637 973 1724 sed⁰⁸)
996 1659 1090 1723 quem
1111 1639 1300 1723 praedicet:
1329 1646 1370 1706 ut
1389 1643 1465 1708 invi-

187 1742 243 1806 dos
265 1741 362 1805 etiam
390 1741 471 1805 bene
498 1740 683 1825 praedicare
706 1738 868 1804 Christum
897 1740 1078 1824 confirmet,
1114 1763 1176 1826 quo
1207 1743 1301 1808 malo
1324 1744 1471 1810 diabolus

186 1844 254 1928 ipse
277 1843 468 1927 dejectus⁰⁰)
492 1846 551 1927 est,
576 1846 608 1906 et
630 1841 690 1906 hoe
712 1842 782 1925 ipso
804 1843 1016 1926 praecipitare
1038 1864 1104 1906 non
1126 1843 1261 1910 desinit.

697 1976 805 2044 sur.
830 1977 919 2042 Vlll.

270 2083 301 2147 9.
334 2082 409 2146 Ideo
432 2103 508 2167 ergo
531 2081 609 2167 et⁴⁰)
632 2080 701 2163 hic,
732 2081 822 2164 eujus
850 2102 966 2144 nomen
995 2081 1129 2146 dicimus
1152 2104 1225 2148 esse
1248 2085 1474 2172 reticendum,

185 2185 268 2248 male
291 2184 376 2249 bona
398 2183 610 2248 ministrando
632 2182 694 2245 sibi
724 2186 850 2246 tantum
872 2183 991 2248 nocuit.
1035 2184 1119 2248 Nam
1141 2185 1345 2254 inviolabile
1369 2212 1476 2256 sacra·

184 2291 339 2370 mentum,
364 2287 447 2371 quod
468 2306 526 2369 per
547 2284 638 2348 illum
660 2284 770 2347 datum
793 2287 851 2368 est,
881 2284 952 2349 aliis
974 2286 1209 2369 perfectionem
1232 2311 1319 2356 suae
1343 2293 1477 2358 virtutis

252 2462 284 2527 ⁸⁴)
302 2458 366 2512 Mss.
385 2457 411 2510 Η
429 2461 568 2520 ministerii,
588 2472 620 2508 ac
637 2454 672 2507 E’
683 2459 816 2508 ministerii
832 2459 984 2524 indignitate
1001 2463 1310 2528 connnpiturordinatie
1320 2475 1372 2518 aut
1390 2468 1476 2535 bapti·

184 2552 249 2599 :atie
268 2548 300 2598 ab
318 2548 428 2612 indipnis
447 2545 610 2608 (construitur
629 2539 713 2594 etium
732 2539 768 2591 Η8
780 2539 797 2592 J
808 2539 848 2607 i¹).
889 2539 950 2594 Huc
972 2543 1082 2611 spectat
1102 2542 1172 2597 illud
1191 2547 1359 2616 Augustini
1377 2552 1476 2605 conta

184 2628 264 2699 epist.
283 2628 410 2682 Parmen.
430 2626 494 2679 LII.
515 2643 537 2679 o.
552 2631 595 2678 11:
615 2628 728 2693 Spiritus
745 2637 848 2679 sanctus
866 2630 892 2678 in
908 2629 1042 2681 Ecclesiae
1058 2636 1214 2697 praeposito
1234 2640 1279 2687 aet
1297 2641 1422 2691 danao
1438 2641 1477 2689 sie

182 2721 256 2774 inest,
275 2726 301 2766 ut
318 2718 341 2766 ei
355 2718 430 2778 fictus
448 2731 478 2764 ac
496 2717 574 2763 nialus
592 2731 641 2764 non
659 2722 704 2769 eat,
728 2721 850 2778 operetur
871 2717 943 2764 annul
959 2719 1096 2767 mercedem
1114 2720 1179 2782 ejus,
1200 2725 1248 2786 qui
1265 2733 1423 2784 canecrat,
1449 2731 1474 2775 et

182 2806 287 2854 sulrctcm
304 2818 396 2859 earum,
415 2802 458 2866 qui
475 2807 672 2856 consecrantum·
689 2801 713 2849 ri
729 2807 811 2849 autem
825 2802 901 2862 fictae
915 2809 962 2859 est,
981 2805 1091 2867 quarnaie
1108 2806 1176 2854 nullo
1196 2808 1258 2870 ejvs
1274 2808 1382 2870 fructu,
1401 2814 1473 2860 nini.

181 2891 285 2939 sterium
303 2895 384 2938 tamen
402 2887 460 2947 ejus
477 2901 527 2934 non
545 2886 650 2949 deserit,
669 2902 717 2950 quo
734 2901 784 2949 per
796 2902 849 2933 eum
860 2889 965 2936 salutem
977 2895 1101 2951 operatur
1112 2891 1230 2941 aliorum.
1262 2888 1344 2944 Tum
1363 2908 1428 2962 amp.
1441 2898 1472 2946 13

182 2969 217 3023 de
235 2967 388 3022 Donatistis
405 2966 457 3020 ait:
477 2986 523 3020 nec
540 2972 590 3020 alla
607 2972 680 3020 modo
697 2971 740 3019 isti
757 2972 884 3034 expedire
900 2988 929 3021 se
944 2980 1059 3036 poscunt,
1079 2990 1151 3038 quum
1168 2976 1209 3025 eie
1224 2982 1406 3044 proponitur,
1425 2998 1472 3031 eu·

181 3062 305 3110 sanctitas
322 3057 475 3108 sacramenti
492 3063 517 3105 et
534 3055 624 3104 lateri
640 3063 665 3104 et
683 3056 742 3104 duri
758 3059 840 3119 possit
858 3055 889 3105 ab
908 3071 946 3119 ea,
970 3072 1040 3122 quem
1057 3060 1123 3109 intua
1139 3061 1303 3114 sceleratum
1316 3067 1380 3130 jan
1399 3067 1470 3117 Deus

182 3146 316 3200 damnauit,
335 3150 360 3193 et
377 3149 435 3191 tune
453 3142 558 3205 incipiat
576 3140 607 3189 ab
626 3155 655 3189 eo
673 3141 733 3189 dari
750 3157 799 3189 non
815 3156 900 3205 passe,
920 3158 992 3206 qucum
1010 3142 1041 3192 ab
1059 3143 1199 3195 hominibus
1216 3148 1366 3201 danum
1375 3152 1468 3214 suerin

181 3226 259 3279 Idem
278 3243 298 3278 s.
318 3223 416 3279 doctor
432 3221 461 3274 in
478 3221 576 3290 psalm.
592 3228 623 3275 10
640 3239 665 3275 n.
680 3227 696 3274 6
714 3221 840 3291 exemplo
859 3221 948 3276 Judae
966 3223 1046 3278 nobis
1064 3241 1082 3278 a
1099 3223 1210 3280 Christo
1229 3228 1469 3288 demonstratum

181 3326 240 3364 esse
257 3309 373 3379 probat,
395 3314 464 3362 dana
482 3312 531 3360 Dei
546 3312 681 3375 peruenire
699 3312 735 3360 ad
751 3327 806 3368 eas,
834 3314 877 3376 qui
898 3327 951 3362 curn
970 3315 1024 3375 fide
1040 3317 1181 3380 accipiunt,
1207 3319 1319 3371 etiamsi
1339 3328 1405 3374 tatis
1426 3326 1468 3387 tit,

181 3416 230 3464 per
248 3415 318 3465 quem
336 3399 472 3462 accipiunt,
492 3398 573 3462 querulis
590 3396 672 3445 drudus
688 3396 746 3457 suit.

249 3483 282 3547 33)
300 3479 334 3531 E⁴
346 3478 384 3531 H⁸
401 3488 554 3546 prouectum.
590 3476 655 3530 Mox
672 3477 691 3531 b
705 3480 727 3530 0⁴
742 3495 782 3546 sq.
802 3478 935 3532 omittunt
950 3500 1009 3548 pro.

251 3567 282 3632 33)
300 3564 365 3618 211⁸
377 3562 475 3617 Η3Η3ο
493 3568 631 3616 continere.
667 3562 774 3616 Deinde
799 3566 826 3617 a¹
842 3566 867 3617 c²
880 3582 920 3633 sq.
943 3564 964 3617 i⁴
982 3572 1099 3635 implente
1117 3573 1265 3625 divinitatis
1283 3579 1395 3643 effectu.
1430 3578 1468 3631 nt

182 3651 210 3703 in
229 3649 356 3702 omnibus
374 3666 438 3701 mss.
459 3647 551 3701 exstat
568 3653 707 3715 implendo,·
735 3664 768 3700 ao
790 3649 907 3703 subinde
928 3649 957 3703 in
976 3668 1030 3705 uno
1049 3657 1155 3720 affectu,
1178 3654 1208 3708 in
1227 3655 1348 3714 duobus
1367 3661 1466 3729 (elium

180 3737 225 3804 E’)
244 3741 374 3805 affectum,
399 3734 428 3786 in
449 3732 575 3802 pluribus
599 3731 659 3786 aliis
682 3732 778 3798 tetiam
796 3734 905 3802 H⁴H¹⁰)
928 3741 1056 3804 effectum,
1081 3737 1110 3791 in
1132 3739 1251 3808 reliquis
1276 3750 1387 3814 effectu,
1424 3748 1467 3802 De

180 3822 276 3875 haere
296 3820 454 3874 conferatur
472 3836 493 3870 s.
506 3816 676 3886 Augustinus
694 3821 791 3872 contra
808 3819 935 3874 Parmen.
955 3821 988 3887 11,
1001 3827 1042 3876 24.

249 3909 281 3975 37)
300 3908 327 3959 a¹
341 3906 366 3958 c⁰
378 3921 435 3971 seq.
454 3903 475 3955 i⁴
494 3909 517 3956 Α
539 3908 605 3964 Deo,
628 3902 729 3956 rectius
747 3906 770 3956 o¹
791 3921 853 3957 cum
870 3923 933 3960 mss.
953 3913 1028 3962 Adeo
1046 3923 1100 3961 uno
1118 3909 1219 3978 verbo,
1249 3915 1282 3968 et
1303 3932 1378 3971 mox
1401 3936 1465 3974 cum
1494 3952 1501 3966 .

181 3992 289 4061 aliquot
305 4008 367 4044 mss.
382 3995 503 4058 queritur.
534 3987 617 4057 Legit
633 3995 728 4042 tamen
740 3988 895 4043 Nicolausl
914 3993 942 4044 et
960 3992 1073 4060 quidem
1091 3992 1193 4048 rectius
1205 4004 1361 4066 queritur.
1393 4004 1465 4060 Huic

179 4078 241 4131 loco
260 4075 350 4130 affinis
369 4075 410 4127 est
427 4072 480 4126 iste
498 4072 648 4141 Augustini
664 4073 742 4127 lib.4
760 4075 794 4128 de
812 4075 890 4144 bapt.
910 4077 1007 4130 contra
1017 4077 1159 4132 Donatum
1176 4097 1203 4135 n.
1218 4089 1285 4138 115:
1303 4089 1369 4142 Ja-
1380 4096 1465 4145 dmi

180 4174 205 4217 et
222 4169 307 4231 liquet,
326 4167 352 4214 iu
364 4166 414 4214 iata
427 4165 575 4229 prudentiane
593 4163 710 4227 baptismi
727 4179 776 4214 non
795 4180 849 4214 esse
867 4167 1033 4230 copulandum,
1047 4171 1102 4233 mua
1114 4170 1165 4228 det,
1183 4172 1234 4220 aed
1245 4175 1313 4238 quid
1323 4178 1389 4235 det.-
1407 4183 1465 4246 qnia

180 4254 304 4316 (temptat.
326 4251 374 4299 sed
391 4251 452 4315 quid
469 4251 592 4312 accipuint,
617 4256 660 4298 utut
684 4253 739 4314 quis
757 4250 860 4308 ualeat,
880 4253 928 4300 aed
945 4253 1006 4316 quid
1022 4253 1123 4305 lubeat.
1162 4251 1242 4315 Quas
1266 4256 1371 4313 autem
1393 4259 1463 4315 ibid,

179 4351 206 4387 n.
222 4341 253 4387 10
271 4334 299 4386 et
316 4331 363 4385 lib.
377 4331 402 4384 II
421 4331 519 4384 contra
536 4329 663 4384 Parmcn.
683 4348 708 4382 n.
722 4337 755 4383 ‘24
779 4348 812 4385 ex
835 4332 978 4387 occasione
999 4334 1147 4390 verborum
1170 4339 1309 4408 apostoli,
1333 4350 1393 4401 εἰη
1412 4366 1463 4416 90.-

180 4425 336 4472 occasionem
358 4423 409 4470 sine
431 4437 480 4483 per
498 4422 628 4469 ueritatem
651 4420 765 4468 Christus
788 4427 962 4481 annuntietur,
991 4419 1130 4488 edisserit,
1157 4438 1221 4477 eum
1244 4424 1290 4481 his
1312 4429 1462 4487 Amtufi

180 4503 326 4557 contulisse
341 4500 455 4571 juverit.

246 4591 278 4655 33)
296 4593 344 4641 scd
361 4608 431 4657 quem
446 4592 582 4654 praedicet
600 4604 662 4640 cum
679 4586 772 4640 E²H¹⁰
790 4588 925 4643 addimus.

247 4674 279 4741 )
299 4672 361 4726 111⁴
374 4672 411 4725 Η5
422 4671 443 4723 i²
461 4678 589 4740 deceptui,
612 4674 752 4730 mendose.
789 4673 906 4739 Malum,
927 4692 982 4743 quo
1001 4675 1128 4732 diabolus
1146 4679 1278 4748 dejectus
1295 4686 1359 4755 em,
1380 4687 1463 4745 inm

179 4755 243 4824 tigit
259 4756 421 4811 Anastasius
439 4756 581 4809 invidiam.
620 4758 685 4810 Mox
707 4775 769 4811 cum
787 4760 937 4828 practiictis
959 4779 1023 4815 mss.
1042 4763 1131 4832 msgis
1148 4764 1248 4834 placet
1264 4781 1462 4845 'meipsum

181 4859 263 4911 quun
283 4859 344 4894 cum
363 4842 423 4895 aliis
441 4841 519 4895 libris
536 4848 700 4908 praedicare

247 4929 279 4998 ⁴⁰)
298 4931 373 4982 a⁰e⁰⁰
391 4933 488 4996 etipse
508 4933 617 4981 Auuuu
634 4934 715 4998 cedrus,
734 4931 826 4987 nescio
845 4933 1092 5001 quaerentium.
