<?xml version="1.0" encoding="UTF-8"?>
<!DOCTYPE html PUBLIC "-//W3C//DTD XHTML 1.0 Transitional//EN"
    "http://www.w3.org/TR/xhtml1/DTD/xhtml1-transitional.dtd">
<html xmlns="http://www.w3.org/1999/xhtml" xml:lang="en" lang="en">
 <head>
  <title>
</title>
<meta http-equiv="Content-Type" content="text/html;charset=utf-8" />
  <meta name='ocr-system' content='tesseract 3.04.00' />
  <meta name='ocr-capabilities' content='ocr_page ocr_carea ocr_par ocr_line ocrx_word'/>
</head>
<body>
  <div class='ocr_page' id='page_1' title='image "./epistolaeromano00thiegoog/epistolaeromano00thiegoog_0031.png"; bbox 0 0 3204 5506; ppageno 0'>
   <div class='ocr_carea' id='block_1_1' title="bbox 201 342 1030 392">
    <p class='ocr_par' dir='ltr' id='par_1_1' title="bbox 201 342 1030 392">
     <span class='ocr_line' id='line_1_1' title="bbox 201 342 1030 392; baseline -0.006 0"><span class='ocrx_word' id='word_1_1' title='bbox 201 348 277 392; x_wconf 79' lang='lat' dir='ltr'>xxu</span> <span class='ocrx_word' id='word_1_2' title='bbox 632 342 830 389; x_wconf 75' lang='lat' dir='ltr'>PRAEFATIO</span> <span class='ocrx_word' id='word_1_3' title='bbox 856 342 1030 389; x_wconf 72' lang='lat' dir='ltr'>neironis.</span> 
     </span>
    </p>
   </div>
   <div class='ocr_carea' id='block_1_2' title="bbox 123 499 1474 4516">
    <p class='ocr_par' dir='ltr' id='par_1_2' title="bbox 201 499 1474 931">
     <span class='ocr_line' id='line_1_2' title="bbox 202 499 1473 589; baseline -0.007 -13"><span class='ocrx_word' id='word_1_4' title='bbox 202 504 329 576; x_wconf 90' lang='lat' dir='ltr'>eadem</span> <span class='ocrx_word' id='word_1_5' title='bbox 362 525 478 574; x_wconf 91' lang='lat' dir='ltr'>manu</span> <span class='ocrx_word' id='word_1_6' title='bbox 504 504 673 572; x_wconf 89' lang='lat' dir='ltr'>notatur:</span> <span class='ocrx_word' id='word_1_7' title='bbox 726 502 823 571; x_wconf 82' lang='lat' dir='ltr'>Haec</span> <span class='ocrx_word' id='word_1_8' title='bbox 850 504 920 572; x_wconf 74' lang='lat' dir='ltr'>trio</span> <span class='ocrx_word' id='word_1_9' title='bbox 947 503 1120 589; x_wconf 75' lang='lat' dir='ltr'>descripto</span> <span class='ocrx_word' id='word_1_10' title='bbox 1146 523 1165 569; x_wconf 81' lang='lat' dir='ltr'>a</span> <span class='ocrx_word' id='word_1_11' title='bbox 1196 499 1349 569; x_wconf 80' lang='lat' dir='ltr'>Heurico</span> <span class='ocrx_word' id='word_1_12' title='bbox 1380 500 1473 569; x_wconf 74' lang='lat' dir='ltr'>Gro-</span> 
     </span>
     <span class='ocr_line' id='line_1_3' title="bbox 205 617 1473 710; baseline -0.005 -18"><span class='ocrx_word' id='word_1_13' title='bbox 205 628 256 694; x_wconf 79' lang='lat' dir='ltr'>uio</span> <span class='ocrx_word' id='word_1_14' title='bbox 288 647 329 693; x_wconf 79' lang='lat' dir='ltr'>er</span> <span class='ocrx_word' id='word_1_15' title='bbox 361 624 471 693; x_wconf 78' lang='lat' dir='ltr'>codice</span> <span class='ocrx_word' id='word_1_16' title='bbox 503 644 529 691; x_wconf 85' lang='lat' dir='ltr'>s.</span> <span class='ocrx_word' id='word_1_17' title='bbox 566 622 702 691; x_wconf 78' lang='lat' dir='ltr'>Vedosti</span> <span class='ocrx_word' id='word_1_18' title='bbox 736 619 980 689; x_wconf 72' lang='lat' dir='ltr'>Abclnlcnsis.</span> <span class='ocrx_word' id='word_1_19' title='bbox 1034 617 1264 710; x_wconf 73' lang='lat' dir='ltr'>Quapropter</span> <span class='ocrx_word' id='word_1_20' title='bbox 1295 620 1473 689; x_wconf 83' lang='lat' dir='ltr'>accurata</span> 
     </span>
     <span class='ocr_line' id='line_1_4' title="bbox 201 736 1474 833; baseline -0.005 -22"><span class='ocrx_word' id='word_1_21' title='bbox 201 742 310 833; x_wconf 85' lang='lat' dir='ltr'>hujus</span> <span class='ocrx_word' id='word_1_22' title='bbox 336 741 468 814; x_wconf 86' lang='lat' dir='ltr'>codicis</span> <span class='ocrx_word' id='word_1_23' title='bbox 495 738 688 811; x_wconf 86' lang='lat' dir='ltr'>collatione</span> <span class='ocrx_word' id='word_1_24' title='bbox 713 737 813 808; x_wconf 90' lang='lat' dir='ltr'>nullo</span> <span class='ocrx_word' id='word_1_25' title='bbox 841 737 947 808; x_wconf 90' lang='lat' dir='ltr'>modo</span> <span class='ocrx_word' id='word_1_26' title='bbox 967 736 1277 830; x_wconf 71' lang='lat' dir='ltr'>supersedendum</span> <span class='ocrx_word' id='word_1_27' title='bbox 1296 736 1388 806; x_wconf 88' lang='lat' dir='ltr'>mihi</span> <span class='ocrx_word' id='word_1_28' title='bbox 1416 760 1474 806; x_wconf 87' lang='lat' dir='ltr'>ra-</span> 
     </span>
     <span class='ocr_line' id='line_1_5' title="bbox 201 865 384 931; baseline 0.011 -2"><span class='ocrx_word' id='word_1_29' title='bbox 201 865 262 931; x_wconf 89' lang='lat' dir='ltr'>tus</span> <span class='ocrx_word' id='word_1_30' title='bbox 291 884 384 931; x_wconf 91' lang='lat' dir='ltr'>sum.</span> 
     </span>
    </p>

    <p class='ocr_par' dir='ltr' id='par_1_3' title="bbox 123 974 1474 4516">
     <span class='ocr_line' id='line_1_6' title="bbox 306 974 1474 1071; baseline -0.004 -22"><span class='ocrx_word' id='word_1_31' title='bbox 306 981 338 1050; x_wconf 80' lang='lat' dir='ltr'>i.</span> <span class='ocrx_word' id='word_1_32' title='bbox 374 977 548 1071; x_wconf 81' lang='lat' dir='ltr'>Ejusdem</span> <span class='ocrx_word' id='word_1_33' title='bbox 574 978 649 1050; x_wconf 90' lang='lat' dir='ltr'>fere</span> <span class='ocrx_word' id='word_1_34' title='bbox 676 977 812 1049; x_wconf 88' lang='lat' dir='ltr'>aetatis</span> <span class='ocrx_word' id='word_1_35' title='bbox 840 975 915 1046; x_wconf 88' lang='lat' dir='ltr'>alia</span> <span class='ocrx_word' id='word_1_36' title='bbox 940 998 1056 1068; x_wconf 88' lang='lat' dir='ltr'>caque</span> <span class='ocrx_word' id='word_1_37' title='bbox 1082 976 1122 1045; x_wconf 91' lang='lat' dir='ltr'>in</span> <span class='ocrx_word' id='word_1_38' title='bbox 1139 998 1208 1046; x_wconf 90' lang='lat' dir='ltr'>usu</span> <span class='ocrx_word' id='word_1_39' title='bbox 1226 974 1474 1047; x_wconf 83' lang='lat' dir='ltr'>ecclesiastico</span> 
     </span>
     <span class='ocr_line' id='line_1_7' title="bbox 201 1091 1471 1188; baseline -0.006 -19"><span class='ocrx_word' id='word_1_40' title='bbox 201 1097 438 1170; x_wconf 88' lang='lat' dir='ltr'>celeberrima</span> <span class='ocrx_word' id='word_1_41' title='bbox 464 1097 628 1168; x_wconf 72' lang='lat' dir='ltr'>collectio</span> <span class='ocrx_word' id='word_1_42' title='bbox 657 1101 731 1179; x_wconf 86' lang='lat' dir='ltr'>est,</span> <span class='ocrx_word' id='word_1_43' title='bbox 759 1093 967 1188; x_wconf 87' lang='lat' dir='ltr'>Dionysii</span> <span class='ocrx_word' id='word_1_44' title='bbox 993 1093 1157 1188; x_wconf 86' lang='lat' dir='ltr'>Exigui</span> <span class='ocrx_word' id='word_1_45' title='bbox 1184 1095 1347 1186; x_wconf 88' lang='lat' dir='ltr'>inquam.</span> <span class='ocrx_word' id='word_1_46' title='bbox 1402 1091 1471 1163; x_wconf 86' lang='lat' dir='ltr'>Sed</span> 
     </span>
     <span class='ocr_line' id='line_1_8' title="bbox 200 1212 1472 1309; baseline -0.002 -25"><span class='ocrx_word' id='word_1_47' title='bbox 200 1218 296 1309; x_wconf 75' lang='lat' dir='ltr'>quod</span> <span class='ocrx_word' id='word_1_48' title='bbox 314 1240 403 1288; x_wconf 88' lang='lat' dir='ltr'>sane</span> <span class='ocrx_word' id='word_1_49' title='bbox 421 1216 582 1287; x_wconf 91' lang='lat' dir='ltr'>multum</span> <span class='ocrx_word' id='word_1_50' title='bbox 601 1214 812 1302; x_wconf 92' lang='lat' dir='ltr'>dolendum,</span> <span class='ocrx_word' id='word_1_51' title='bbox 841 1214 902 1285; x_wconf 86' lang='lat' dir='ltr'>vix</span> <span class='ocrx_word' id='word_1_52' title='bbox 929 1213 1025 1284; x_wconf 91' lang='lat' dir='ltr'>ullus</span> <span class='ocrx_word' id='word_1_53' title='bbox 1043 1212 1156 1286; x_wconf 88' lang='lat' dir='ltr'>codex</span> <span class='ocrx_word' id='word_1_54' title='bbox 1182 1213 1380 1299; x_wconf 84' lang='lat' dir='ltr'>invenitur,</span> <span class='ocrx_word' id='word_1_55' title='bbox 1408 1213 1472 1303; x_wconf 87' lang='lat' dir='ltr'>qui</span> 
     </span>
     <span class='ocr_line' id='line_1_9' title="bbox 201 1317 1472 1429; baseline -0.005 -22"><span class='ocrx_word' id='word_1_56' title='bbox 201 1341 269 1407; x_wconf 89' lang='lat' dir='ltr'>aut</span> <span class='ocrx_word' id='word_1_57' title='bbox 294 1340 460 1429; x_wconf 87' lang='lat' dir='ltr'>tempore</span> <span class='ocrx_word' id='word_1_58' title='bbox 487 1338 554 1406; x_wconf 91' lang='lat' dir='ltr'>aut</span> <span class='ocrx_word' id='word_1_59' title='bbox 587 1338 711 1405; x_wconf 88' lang='lat' dir='ltr'>textus</span> <span class='ocrx_word' id='word_1_60' title='bbox 744 1317 938 1427; x_wconf 75' lang='lat' dir='ltr'>genuitate</span> <span class='ocrx_word' id='word_1_61' title='bbox 973 1331 1076 1404; x_wconf 90' lang='lat' dir='ltr'>illam</span> <span class='ocrx_word' id='word_1_62' title='bbox 1109 1354 1256 1425; x_wconf 77' lang='lat' dir='ltr'>prorsus</span> <span class='ocrx_word' id='word_1_63' title='bbox 1283 1336 1472 1423; x_wconf 80' lang='lat' dir='ltr'>sequntur.</span> 
     </span>
     <span class='ocr_line' id='line_1_10' title="bbox 201 1448 1473 1545; baseline -0.004 -21"><span class='ocrx_word' id='word_1_64' title='bbox 201 1454 393 1526; x_wconf 79' lang='lat' dir='ltr'>Accessere</span> <span class='ocrx_word' id='word_1_65' title='bbox 418 1453 586 1545; x_wconf 78' lang='lat' dir='ltr'>deinceps</span> <span class='ocrx_word' id='word_1_66' title='bbox 604 1452 710 1525; x_wconf 88' lang='lat' dir='ltr'>varia</span> <span class='ocrx_word' id='word_1_67' title='bbox 728 1452 1001 1539; x_wconf 86' lang='lat' dir='ltr'>additamenta,</span> <span class='ocrx_word' id='word_1_68' title='bbox 1030 1473 1187 1543; x_wconf 89' lang='lat' dir='ltr'>quorum</span> <span class='ocrx_word' id='word_1_69' title='bbox 1205 1450 1371 1522; x_wconf 76' lang='lat' dir='ltr'>omniinn</span> <span class='ocrx_word' id='word_1_70' title='bbox 1399 1448 1473 1541; x_wconf 80' lang='lat' dir='ltr'>ple-</span> 
     </span>
     <span class='ocr_line' id='line_1_11' title="bbox 200 1569 1471 1644; baseline -0.004 -2"><span class='ocrx_word' id='word_1_71' title='bbox 200 1573 342 1644; x_wconf 89' lang='lat' dir='ltr'>niorem</span> <span class='ocrx_word' id='word_1_72' title='bbox 374 1573 557 1644; x_wconf 84' lang='lat' dir='ltr'>rationem</span> <span class='ocrx_word' id='word_1_73' title='bbox 573 1571 748 1644; x_wconf 75' lang='lat' dir='ltr'>&#39;reddunt</span> <span class='ocrx_word' id='word_1_74' title='bbox 780 1569 1016 1644; x_wconf 76' lang='lat' dir='ltr'>Constantius</span> <span class='ocrx_word' id='word_1_75' title='bbox 1052 1570 1170 1642; x_wconf 79' lang='lat' dir='ltr'>Praei.</span> <span class='ocrx_word' id='word_1_76' title='bbox 1205 1594 1240 1640; x_wconf 93' lang='lat' dir='ltr'>n.</span> <span class='ocrx_word' id='word_1_77' title='bbox 1273 1571 1471 1640; x_wconf 72' lang='lat' dir='ltr'>loa-roe</span> 
     </span>
     <span class='ocr_line' id='line_1_12' title="bbox 201 1677 1472 1784; baseline -0.006 -22"><span class='ocrx_word' id='word_1_78' title='bbox 201 1695 239 1762; x_wconf 89' lang='lat' dir='ltr'>et</span> <span class='ocrx_word' id='word_1_79' title='bbox 266 1691 455 1763; x_wconf 84' lang='lat' dir='ltr'>Ballerinii</span> <span class='ocrx_word' id='word_1_80' title='bbox 481 1692 504 1762; x_wconf 91' lang='lat' dir='ltr'>l.</span> <span class='ocrx_word' id='word_1_81' title='bbox 532 1715 562 1763; x_wconf 90' lang='lat' dir='ltr'>c.</span> <span class='ocrx_word' id='word_1_82' title='bbox 591 1715 625 1784; x_wconf 92' lang='lat' dir='ltr'>p.</span> <span class='ocrx_word' id='word_1_83' title='bbox 652 1688 705 1760; x_wconf 90' lang='grc' dir='ltr'>ΠΙ</span> <span class='ocrx_word' id='word_1_84' title='bbox 732 1716 761 1762; x_wconf 89' lang='lat' dir='ltr'>c.</span> <span class='ocrx_word' id='word_1_85' title='bbox 793 1691 906 1777; x_wconf 83' lang='grc'><strong>1-3,</strong></span> <span class='ocrx_word' id='word_1_86' title='bbox 941 1712 1008 1762; x_wconf 91' lang='lat' dir='ltr'>nec</span> <span class='ocrx_word' id='word_1_87' title='bbox 1034 1677 1104 1782; x_wconf 87' lang='lat' dir='ltr'>ipsi</span> <span class='ocrx_word' id='word_1_88' title='bbox 1131 1688 1285 1775; x_wconf 77' lang='lat' dir='ltr'>codiceS,</span> <span class='ocrx_word' id='word_1_89' title='bbox 1322 1688 1386 1779; x_wconf 94' lang='lat' dir='ltr'>qui</span> <span class='ocrx_word' id='word_1_90' title='bbox 1413 1710 1472 1756; x_wconf 88' lang='lat' dir='ltr'>su-</span> 
     </span>
     <span class='ocr_line' id='line_1_13' title="bbox 202 1806 1472 1903; baseline -0.006 -22"><span class='ocrx_word' id='word_1_91' title='bbox 202 1815 371 1903; x_wconf 81' lang='lat' dir='ltr'>persunt,</span> <span class='ocrx_word' id='word_1_92' title='bbox 405 1810 592 1882; x_wconf 89' lang='lat' dir='ltr'>ullatenus</span> <span class='ocrx_word' id='word_1_93' title='bbox 626 1832 759 1881; x_wconf 89' lang='lat' dir='ltr'>aevum</span> <span class='ocrx_word' id='word_1_94' title='bbox 785 1808 950 1902; x_wconf 88' lang='lat' dir='ltr'>Dionysii</span> <span class='ocrx_word' id='word_1_95' title='bbox 983 1809 1187 1903; x_wconf 83' lang='lat' dir='ltr'>attingunt.</span> <span class='ocrx_word' id='word_1_96' title='bbox 1247 1806 1351 1878; x_wconf 86' lang='lat' dir='ltr'>luter</span> <span class='ocrx_word' id='word_1_97' title='bbox 1382 1829 1472 1898; x_wconf 85' lang='lat' dir='ltr'>qnos</span> 
     </span>
     <span class='ocr_line' id='line_1_14' title="bbox 201 1925 1470 2022; baseline -0.003 -23"><span class='ocrx_word' id='word_1_98' title='bbox 201 1953 289 2022; x_wconf 90' lang='lat' dir='ltr'>prae</span> <span class='ocrx_word' id='word_1_99' title='bbox 307 1928 476 2001; x_wconf 91' lang='lat' dir='ltr'>omnibus</span> <span class='ocrx_word' id='word_1_100' title='bbox 494 1928 709 2001; x_wconf 90' lang='lat' dir='ltr'>nominandi</span> <span class='ocrx_word' id='word_1_101' title='bbox 727 1928 1005 2000; x_wconf 89' lang='lat' dir='ltr'>Parisiensis</span> <span class='ocrx_word' id='word_1_102' title='bbox 1032 1928 1110 1999; x_wconf 90' lang='lat' dir='ltr'>lat.</span> <span class='ocrx_word' id='word_1_103' title='bbox 1131 1930 1247 1998; x_wconf 81' lang='grc'><strong>3331</strong></span> <span class='ocrx_word' id='word_1_104' title='bbox 1278 1925 1338 2014; x_wconf 88' lang='lat' dir='ltr'>(ol.</span> <span class='ocrx_word' id='word_1_105' title='bbox 1359 1928 1470 1996; x_wconf 76' lang='grc'><strong>3331.</strong></span> 
     </span>
     <span class='ocr_line' id='line_1_15' title="bbox 203 2044 1470 2137; baseline -0.004 -19"><span class='ocrx_word' id='word_1_106' title='bbox 203 2049 239 2137; x_wconf 88' lang='grc'>3)</span> <span class='ocrx_word' id='word_1_107' title='bbox 267 2071 360 2121; x_wconf 89' lang='lat' dir='ltr'>saec.</span> <span class='ocrx_word' id='word_1_108' title='bbox 388 2046 436 2118; x_wconf 88' lang='lat' dir='ltr'>IX</span> <span class='ocrx_word' id='word_1_109' title='bbox 474 2072 497 2119; x_wconf 92' lang='lat' dir='ltr'>a</span> <span class='ocrx_word' id='word_1_110' title='bbox 532 2047 763 2134; x_wconf 64' lang='lat' dir='ltr'>Constantia</span> <span class='ocrx_word' id='word_1_111' title='bbox 801 2052 840 2118; x_wconf 89' lang='lat' dir='ltr'>et</span> <span class='ocrx_word' id='word_1_112' title='bbox 867 2044 1122 2119; x_wconf 78' lang='lat' dir='ltr'>Vaticanus</span> <span class='ocrx_word' id='word_1_113' title='bbox 1150 2047 1266 2117; x_wconf 78' lang='lat'>5845</span> <span class='ocrx_word' id='word_1_114' title='bbox 1295 2046 1353 2136; x_wconf 73' lang='lat' dir='ltr'>fol.</span> <span class='ocrx_word' id='word_1_115' title='bbox 1380 2070 1470 2115; x_wconf 70' lang='lat' dir='ltr'>iiior.</span> 
     </span>
     <span class='ocr_line' id='line_1_16' title="bbox 201 2167 1472 2258; baseline -0.001 -23"><span class='ocrx_word' id='word_1_116' title='bbox 201 2168 332 2255; x_wconf 79' lang='lat' dir='ltr'>fernme</span> <span class='ocrx_word' id='word_1_117' title='bbox 361 2170 452 2238; x_wconf 71' lang='lat'>327.</span> <span class='ocrx_word' id='word_1_118' title='bbox 478 2168 604 2238; x_wconf 79' lang='lat' dir='ltr'>litteris</span> <span class='ocrx_word' id='word_1_119' title='bbox 626 2168 897 2258; x_wconf 80' lang='lat' dir='ltr'>Luayoburdicis</span> <span class='ocrx_word' id='word_1_120' title='bbox 922 2189 1006 2237; x_wconf 79' lang='lat' dir='ltr'>suec.</span> <span class='ocrx_word' id='word_1_121' title='bbox 1035 2167 1137 2237; x_wconf 84' lang='lat' dir='ltr'><em>VIII</em></span> <span class='ocrx_word' id='word_1_122' title='bbox 1159 2173 1335 2251; x_wconf 70' lang='lat' dir='ltr'>caerulae,</span> <span class='ocrx_word' id='word_1_123' title='bbox 1363 2187 1386 2234; x_wconf 92' lang='lat' dir='ltr'>a</span> <span class='ocrx_word' id='word_1_124' title='bbox 1413 2187 1472 2234; x_wconf 88' lang='lat' dir='ltr'>me</span> 
     </span>
     <span class='ocr_line' id='line_1_17' title="bbox 201 2282 1472 2378; baseline -0.002 -24"><span class='ocrx_word' id='word_1_125' title='bbox 201 2308 266 2377; x_wconf 91' lang='lat' dir='ltr'>pro</span> <span class='ocrx_word' id='word_1_126' title='bbox 293 2283 455 2378; x_wconf 88' lang='lat' dir='ltr'>epistolis</span> <span class='ocrx_word' id='word_1_127' title='bbox 481 2284 677 2378; x_wconf 88' lang='lat' dir='ltr'>pontificiis</span> <span class='ocrx_word' id='word_1_128' title='bbox 696 2285 942 2356; x_wconf 88' lang='lat' dir='ltr'>examinatus.</span> <span class='ocrx_word' id='word_1_129' title='bbox 988 2283 1222 2375; x_wconf 83' lang='lat' dir='ltr'>Quamquam</span> <span class='ocrx_word' id='word_1_130' title='bbox 1240 2285 1278 2354; x_wconf 90' lang='lat' dir='ltr'>et</span> <span class='ocrx_word' id='word_1_131' title='bbox 1296 2282 1356 2353; x_wconf 94' lang='lat' dir='ltr'>ille</span> <span class='ocrx_word' id='word_1_132' title='bbox 1375 2286 1472 2352; x_wconf 85' lang='lat' dir='ltr'>teste</span> 
     </span>
     <span class='ocr_line' id='line_1_18' title="bbox 202 2403 1473 2494; baseline 0 -22"><span class='ocrx_word' id='word_1_133' title='bbox 202 2403 419 2474; x_wconf 76' lang='lat' dir='ltr'>onnstantio</span> <span class='ocrx_word' id='word_1_134' title='bbox 445 2405 647 2474; x_wconf 70' lang='lat' dir='ltr'>corcordiam</span> <span class='ocrx_word' id='word_1_135' title='bbox 674 2405 769 2474; x_wconf 79' lang='lat' dir='ltr'>ludet</span> <span class='ocrx_word' id='word_1_136' title='bbox 797 2427 873 2474; x_wconf 75' lang='lat' dir='ltr'>curu</span> <span class='ocrx_word' id='word_1_137' title='bbox 892 2405 1111 2494; x_wconf 75' lang='lat' dir='ltr'>Dioliysiouo</span> <span class='ocrx_word' id='word_1_138' title='bbox 1139 2403 1473 2474; x_wconf 74' lang='lat' dir='ltr'>diesimilitudiuern.</span> 
     </span>
     <span class='ocr_line' id='line_1_19' title="bbox 202 2516 1471 2607; baseline -0.007 -14"><span class='ocrx_word' id='word_1_139' title='bbox 202 2525 240 2593; x_wconf 88' lang='grc'>01</span> <span class='ocrx_word' id='word_1_140' title='bbox 255 2523 316 2594; x_wconf 91' lang='lat' dir='ltr'>hic</span> <span class='ocrx_word' id='word_1_141' title='bbox 333 2543 406 2592; x_wconf 92' lang='lat' dir='ltr'>non</span> <span class='ocrx_word' id='word_1_142' title='bbox 425 2521 543 2592; x_wconf 87' lang='lat' dir='ltr'>solum</span> <span class='ocrx_word' id='word_1_143' title='bbox 561 2521 621 2592; x_wconf 87' lang='lat' dir='ltr'>fol.</span> <span class='ocrx_word' id='word_1_144' title='bbox 642 2516 869 2591; x_wconf 61' lang='lat' dir='ltr'>raab-157¹*</span> <span class='ocrx_word' id='word_1_145' title='bbox 889 2523 928 2592; x_wconf 89' lang='grc'>01</span> <span class='ocrx_word' id='word_1_146' title='bbox 946 2522 1171 2590; x_wconf 63' lang='grc' dir='ltr'>1531-1111α</span> <span class='ocrx_word' id='word_1_147' title='bbox 1189 2520 1279 2607; x_wconf 86' lang='lat' dir='ltr'>(scil.</span> <span class='ocrx_word' id='word_1_148' title='bbox 1293 2519 1356 2590; x_wconf 88' lang='lat' dir='ltr'>Nr.</span> <span class='ocrx_word' id='word_1_149' title='bbox 1376 2523 1471 2590; x_wconf 71' lang='grc'>1-3</span> 
     </span>
     <span class='ocr_line' id='line_1_20' title="bbox 202 2638 1472 2731; baseline -0.002 -20"><span class='ocrx_word' id='word_1_150' title='bbox 202 2641 287 2712; x_wconf 88' lang='lat' dir='ltr'>novi</span> <span class='ocrx_word' id='word_1_151' title='bbox 315 2640 577 2730; x_wconf 83' lang='lat' dir='ltr'>additamenti)</span> <span class='ocrx_word' id='word_1_152' title='bbox 605 2639 863 2712; x_wconf 88' lang='lat' dir='ltr'>additamenta</span> <span class='ocrx_word' id='word_1_153' title='bbox 889 2639 1082 2711; x_wconf 86' lang='lat' dir='ltr'>Hadriana</span> <span class='ocrx_word' id='word_1_154' title='bbox 1108 2640 1178 2710; x_wconf 88' lang='lat' dir='ltr'>etsi</span> <span class='ocrx_word' id='word_1_155' title='bbox 1211 2638 1405 2731; x_wconf 75' lang='lat' dir='ltr'>sejimetim</span> <span class='ocrx_word' id='word_1_156' title='bbox 1435 2642 1472 2709; x_wconf 86' lang='lat' dir='ltr'>et</span> 
     </span>
     <span class='ocr_line' id='line_1_21' title="bbox 202 2757 1468 2852; baseline -0.003 -22"><span class='ocrx_word' id='word_1_157' title='bbox 202 2760 420 2852; x_wconf 90' lang='lat' dir='ltr'>perturbato</span> <span class='ocrx_word' id='word_1_158' title='bbox 450 2757 576 2830; x_wconf 90' lang='lat' dir='ltr'>ordine</span> <span class='ocrx_word' id='word_1_159' title='bbox 608 2758 877 2852; x_wconf 83' lang='lat' dir='ltr'>chronologico,</span> <span class='ocrx_word' id='word_1_160' title='bbox 913 2758 976 2829; x_wconf 90' lang='lat' dir='ltr'>sed</span> <span class='ocrx_word' id='word_1_161' title='bbox 1010 2758 1126 2829; x_wconf 89' lang='lat' dir='ltr'>etiam</span> <span class='ocrx_word' id='word_1_162' title='bbox 1161 2759 1219 2830; x_wconf 87' lang='lat' dir='ltr'>fol.</span> <span class='ocrx_word' id='word_1_163' title='bbox 1261 2761 1327 2829; x_wconf 82' lang='grc'>167</span> <span class='ocrx_word' id='word_1_164' title='bbox 1333 2760 1468 2827; x_wconf 57' lang='grc'><strong>1-311</strong></span> 
     </span>
     <span class='ocr_line' id='line_1_22' title="bbox 202 2876 1472 2969; baseline 0 -22"><span class='ocrx_word' id='word_1_165' title='bbox 202 2877 283 2949; x_wconf 88' lang='lat' dir='ltr'>illas</span> <span class='ocrx_word' id='word_1_166' title='bbox 310 2879 503 2948; x_wconf 78' lang='lat' dir='ltr'>addi-tiones</span> <span class='ocrx_word' id='word_1_167' title='bbox 534 2876 769 2967; x_wconf 71' lang='lat' dir='ltr'>Dionysiacos</span> <span class='ocrx_word' id='word_1_168' title='bbox 796 2901 831 2947; x_wconf 91' lang='lat' dir='ltr'>u.</span> <span class='ocrx_word' id='word_1_169' title='bbox 862 2880 909 2946; x_wconf 77' lang='lat'>74</span> <span class='ocrx_word' id='word_1_170' title='bbox 942 2877 1157 2966; x_wconf 86' lang='lat' dir='ltr'>(seeundum</span> <span class='ocrx_word' id='word_1_171' title='bbox 1190 2877 1321 2949; x_wconf 88' lang='lat' dir='ltr'>codicis</span> <span class='ocrx_word' id='word_1_172' title='bbox 1355 2876 1472 2969; x_wconf 88' lang='lat' dir='ltr'>dispo-</span> 
     </span>
     <span class='ocr_line' id='line_1_23' title="bbox 202 2995 1470 3088; baseline -0.003 -23"><span class='ocrx_word' id='word_1_173' title='bbox 202 2995 374 3068; x_wconf 88' lang='lat' dir='ltr'>sitionem</span> <span class='ocrx_word' id='word_1_174' title='bbox 400 2996 596 3083; x_wconf 78' lang='grc'><strong>0.(1-19)</strong></span> <span class='ocrx_word' id='word_1_175' title='bbox 623 2995 786 3081; x_wconf 83' lang='lat' dir='ltr'>exhibet,</span> <span class='ocrx_word' id='word_1_176' title='bbox 814 3019 906 3088; x_wconf 86' lang='lat' dir='ltr'>quas</span> <span class='ocrx_word' id='word_1_177' title='bbox 933 2995 1104 3068; x_wconf 86' lang='lat' dir='ltr'>similiter</span> <span class='ocrx_word' id='word_1_178' title='bbox 1130 2995 1353 3067; x_wconf 88' lang='lat' dir='ltr'>Barberinus</span> <span class='ocrx_word' id='word_1_179' title='bbox 1373 2998 1470 3066; x_wconf 72' lang='grc'>2333</span> 
     </span>
     <span class='ocr_line' id='line_1_24' title="bbox 202 3112 1471 3206; baseline -0.002 -20"><span class='ocrx_word' id='word_1_180' title='bbox 202 3119 241 3186; x_wconf 87' lang='grc'>01</span> <span class='ocrx_word' id='word_1_181' title='bbox 269 3113 470 3186; x_wconf 86' lang='lat' dir='ltr'>Vaticanus</span> <span class='ocrx_word' id='word_1_182' title='bbox 500 3116 595 3185; x_wconf 77' lang='lat'>1342</span> <span class='ocrx_word' id='word_1_183' title='bbox 623 3118 882 3206; x_wconf 86' lang='lat' dir='ltr'>exsequuntur,</span> <span class='ocrx_word' id='word_1_184' title='bbox 918 3118 956 3186; x_wconf 88' lang='grc'>01</span> <span class='ocrx_word' id='word_1_185' title='bbox 986 3114 1243 3187; x_wconf 88' lang='lat' dir='ltr'>Vallicellanus</span> <span class='ocrx_word' id='word_1_186' title='bbox 1271 3112 1338 3185; x_wconf 78' lang='lat' dir='ltr'>Aa</span> <span class='ocrx_word' id='word_1_187' title='bbox 1367 3114 1471 3187; x_wconf 87' lang='lat' dir='ltr'>colle·</span> 
     </span>
     <span class='ocr_line' id='line_1_25' title="bbox 202 3231 1471 3327; baseline -0.003 -21"><span class='ocrx_word' id='word_1_188' title='bbox 202 3233 316 3306; x_wconf 85' lang='lat' dir='ltr'>ctioni</span> <span class='ocrx_word' id='word_1_189' title='bbox 340 3232 554 3306; x_wconf 90' lang='lat' dir='ltr'>Hadrianae</span> <span class='ocrx_word' id='word_1_190' title='bbox 587 3234 705 3306; x_wconf 85' lang='lat' dir='ltr'>assuit</span> <span class='ocrx_word' id='word_1_191' title='bbox 738 3233 845 3323; x_wconf 87' lang='lat' dir='ltr'>(conf.</span> <span class='ocrx_word' id='word_1_192' title='bbox 874 3232 1064 3306; x_wconf 89' lang='lat' dir='ltr'>Ballerinii</span> <span class='ocrx_word' id='word_1_193' title='bbox 1089 3235 1112 3306; x_wconf 92' lang='grc'>1.</span> <span class='ocrx_word' id='word_1_194' title='bbox 1142 3259 1171 3307; x_wconf 84' lang='lat' dir='ltr'>c.</span> <span class='ocrx_word' id='word_1_195' title='bbox 1199 3258 1232 3327; x_wconf 91' lang='lat' dir='ltr'>p.</span> <span class='ocrx_word' id='word_1_196' title='bbox 1261 3231 1314 3303; x_wconf 88' lang='grc' dir='ltr'>Π]</span> <span class='ocrx_word' id='word_1_197' title='bbox 1340 3257 1418 3326; x_wconf 85' lang='lat' dir='ltr'>cap.</span> <span class='ocrx_word' id='word_1_198' title='bbox 1449 3235 1471 3302; x_wconf 75' lang='lat'>&#39;2</span> 
     </span>
     <span class='ocr_line' id='line_1_26' title="bbox 201 3350 1471 3447; baseline -0.001 -25"><span class='ocrx_word' id='word_1_199' title='bbox 201 3375 237 3423; x_wconf 91' lang='lat' dir='ltr'>n.</span> <span class='ocrx_word' id='word_1_200' title='bbox 259 3356 280 3422; x_wconf 92' lang='grc'>3</span> <span class='ocrx_word' id='word_1_201' title='bbox 308 3356 347 3424; x_wconf 92' lang='lat' dir='ltr'>ct</span> <span class='ocrx_word' id='word_1_202' title='bbox 373 3376 451 3446; x_wconf 90' lang='lat' dir='ltr'>cap.</span> <span class='ocrx_word' id='word_1_203' title='bbox 473 3355 521 3442; x_wconf 78' lang='lat'>3).</span> <span class='ocrx_word' id='word_1_204' title='bbox 566 3351 643 3425; x_wconf 87' lang='lat' dir='ltr'>Nec</span> <span class='ocrx_word' id='word_1_205' title='bbox 669 3353 781 3425; x_wconf 84' lang='lat' dir='ltr'>codex</span> <span class='ocrx_word' id='word_1_206' title='bbox 807 3353 883 3438; x_wconf 89' lang='lat' dir='ltr'>ille,</span> <span class='ocrx_word' id='word_1_207' title='bbox 911 3353 1008 3425; x_wconf 92' lang='lat' dir='ltr'>unde</span> <span class='ocrx_word' id='word_1_208' title='bbox 1027 3351 1307 3447; x_wconf 80' lang='lat' dir='ltr'>Christophorus</span> <span class='ocrx_word' id='word_1_209' title='bbox 1334 3350 1471 3423; x_wconf 84' lang='lat' dir='ltr'>Justel-</span> 
     </span>
     <span class='ocr_line' id='line_1_27' title="bbox 201 3471 1471 3563; baseline -0.002 -22"><span class='ocrx_word' id='word_1_210' title='bbox 201 3471 258 3542; x_wconf 83' lang='lat' dir='ltr'>lus</span> <span class='ocrx_word' id='word_1_211' title='bbox 278 3471 315 3541; x_wconf 89' lang='lat' dir='ltr'>in</span> <span class='ocrx_word' id='word_1_212' title='bbox 333 3471 493 3543; x_wconf 87' lang='lat' dir='ltr'>editione</span> <span class='ocrx_word' id='word_1_213' title='bbox 511 3495 579 3542; x_wconf 91' lang='lat' dir='ltr'>sua</span> <span class='ocrx_word' id='word_1_214' title='bbox 606 3472 777 3561; x_wconf 80' lang='lat' dir='ltr'>(Colleclio</span> <span class='ocrx_word' id='word_1_215' title='bbox 801 3473 1013 3543; x_wconf 69' lang='grc'><strong>(1000101001</strong></span> <span class='ocrx_word' id='word_1_216' title='bbox 1033 3475 1165 3563; x_wconf 76' lang='lat' dir='ltr'>Pontis.</span> <span class='ocrx_word' id='word_1_217' title='bbox 1187 3474 1331 3545; x_wconf 82' lang='lat' dir='ltr'>Roman.</span> <span class='ocrx_word' id='word_1_218' title='bbox 1351 3480 1471 3542; x_wconf 73' lang='grc' dir='ltr'><strong>001ον0</strong></span> 
     </span>
     <span class='ocr_line' id='line_1_28' title="bbox 204 3588 1471 3683; baseline 0 -24"><span class='ocrx_word' id='word_1_219' title='bbox 204 3590 373 3681; x_wconf 78' lang='lat' dir='ltr'>Dimiysio</span> <span class='ocrx_word' id='word_1_220' title='bbox 400 3592 539 3682; x_wconf 74' lang='lat' dir='ltr'>Enipeo</span> <span class='ocrx_word' id='word_1_221' title='bbox 566 3590 619 3661; x_wconf 89' lang='lat' dir='ltr'>ed.</span> <span class='ocrx_word' id='word_1_222' title='bbox 648 3613 681 3661; x_wconf 88' lang='lat' dir='ltr'>a.</span> <span class='ocrx_word' id='word_1_223' title='bbox 715 3590 826 3678; x_wconf 80' lang='grc'><strong>11113,</strong></span> <span class='ocrx_word' id='word_1_224' title='bbox 856 3595 971 3683; x_wconf 88' lang='lat' dir='ltr'>repet.</span> <span class='ocrx_word' id='word_1_225' title='bbox 1000 3592 1038 3661; x_wconf 90' lang='lat' dir='ltr'>in</span> <span class='ocrx_word' id='word_1_226' title='bbox 1066 3590 1146 3663; x_wconf 80' lang='lat' dir='ltr'>Gul.</span> <span class='ocrx_word' id='word_1_227' title='bbox 1166 3589 1281 3663; x_wconf 93' lang='lat' dir='ltr'>Voelli</span> <span class='ocrx_word' id='word_1_228' title='bbox 1308 3592 1346 3660; x_wconf 90' lang='lat' dir='ltr'>et</span> <span class='ocrx_word' id='word_1_229' title='bbox 1372 3588 1471 3660; x_wconf 89' lang='lat' dir='ltr'>Hen-</span> 
     </span>
     <span class='ocr_line' id='line_1_29' title="bbox 123 3706 1472 3805; baseline 0.002 -28"><span class='ocrx_word' id='word_1_230' title='bbox 123 3782 128 3791; x_wconf 62' lang='grc'><strong><em>,</em></strong></span> <span class='ocrx_word' id='word_1_231' title='bbox 202 3707 267 3805; x_wconf 81' lang='lat' dir='ltr'>rici</span> <span class='ocrx_word' id='word_1_232' title='bbox 293 3706 441 3780; x_wconf 83' lang='lat' dir='ltr'>Justelli</span> <span class='ocrx_word' id='word_1_233' title='bbox 468 3710 679 3781; x_wconf 73' lang='lat' dir='ltr'>Bibliotheca</span> <span class='ocrx_word' id='word_1_234' title='bbox 697 3716 771 3797; x_wconf 76' lang='lat' dir='ltr'>jur.</span> <span class='ocrx_word' id='word_1_235' title='bbox 799 3733 872 3780; x_wconf 78' lang='grc'><strong>000.</strong></span> <span class='ocrx_word' id='word_1_236' title='bbox 901 3713 990 3782; x_wconf 90' lang='lat' dir='ltr'>tom.</span> <span class='ocrx_word' id='word_1_237' title='bbox 1016 3708 1033 3779; x_wconf 92' lang='grc' dir='ltr'>Ι</span> <span class='ocrx_word' id='word_1_238' title='bbox 1059 3734 1141 3804; x_wconf 83' lang='lat' dir='ltr'>pag.</span> <span class='ocrx_word' id='word_1_239' title='bbox 1166 3712 1232 3780; x_wconf 85' lang='lat'>101</span> <span class='ocrx_word' id='word_1_240' title='bbox 1256 3711 1318 3798; x_wconf 83' lang='lat' dir='ltr'>ss)</span> <span class='ocrx_word' id='word_1_241' title='bbox 1345 3711 1472 3802; x_wconf 78' lang='lat' dir='ltr'>genui-</span> 
     </span>
     <span class='ocr_line' id='line_1_30' title="bbox 201 3825 1472 3921; baseline 0.003 -26"><span class='ocrx_word' id='word_1_242' title='bbox 201 3849 293 3896; x_wconf 92' lang='lat' dir='ltr'>num</span> <span class='ocrx_word' id='word_1_243' title='bbox 309 3825 475 3920; x_wconf 86' lang='lat' dir='ltr'>Dionysii</span> <span class='ocrx_word' id='word_1_244' title='bbox 501 3850 591 3921; x_wconf 90' lang='lat' dir='ltr'>opus</span> <span class='ocrx_word' id='word_1_245' title='bbox 619 3828 820 3900; x_wconf 85' lang='lat' dir='ltr'>extraxisse</span> <span class='ocrx_word' id='word_1_246' title='bbox 844 3828 913 3899; x_wconf 89' lang='lat' dir='ltr'>sibi</span> <span class='ocrx_word' id='word_1_247' title='bbox 931 3829 1030 3900; x_wconf 88' lang='lat' dir='ltr'>visus</span> <span class='ocrx_word' id='word_1_248' title='bbox 1058 3832 1130 3917; x_wconf 82' lang='lat' dir='ltr'>est,</span> <span class='ocrx_word' id='word_1_249' title='bbox 1154 3830 1236 3921; x_wconf 86' lang='lat' dir='ltr'>jam</span> <span class='ocrx_word' id='word_1_250' title='bbox 1263 3829 1472 3921; x_wconf 85' lang='lat' dir='ltr'>posteriori-</span> 
     </span>
     <span class='ocr_line' id='line_1_31' title="bbox 203 3945 1470 4040; baseline 0.004 -25"><span class='ocrx_word' id='word_1_251' title='bbox 203 3945 270 4016; x_wconf 88' lang='lat' dir='ltr'>bus</span> <span class='ocrx_word' id='word_1_252' title='bbox 288 3945 553 4018; x_wconf 88' lang='lat' dir='ltr'>additamentis</span> <span class='ocrx_word' id='word_1_253' title='bbox 571 3951 673 4018; x_wconf 88' lang='lat' dir='ltr'>caret</span> <span class='ocrx_word' id='word_1_254' title='bbox 692 3946 998 4036; x_wconf 86' lang='lat' dir='ltr'>(cous.Ballerinii</span> <span class='ocrx_word' id='word_1_255' title='bbox 1016 3946 1079 4019; x_wconf 88' lang='lat' dir='ltr'>lc.</span> <span class='ocrx_word' id='word_1_256' title='bbox 1099 3971 1133 4040; x_wconf 94' lang='lat' dir='ltr'>p.</span> <span class='ocrx_word' id='word_1_257' title='bbox 1146 3946 1198 4017; x_wconf 82' lang='lat' dir='ltr'>ln</span> <span class='ocrx_word' id='word_1_258' title='bbox 1216 3952 1274 4019; x_wconf 84' lang='lat' dir='ltr'>cl</span> <span class='ocrx_word' id='word_1_259' title='bbox 1292 3949 1322 4037; x_wconf 66' lang='grc' dir='ltr'>ἓ.</span> <span class='ocrx_word' id='word_1_260' title='bbox 1338 3951 1352 4017; x_wconf 96' lang='grc'>1</span> <span class='ocrx_word' id='word_1_261' title='bbox 1374 3972 1409 4018; x_wconf 91' lang='lat' dir='ltr'>n.</span> <span class='ocrx_word' id='word_1_262' title='bbox 1421 3951 1470 4037; x_wconf 80' lang='lat'>5).</span> 
     </span>
     <span class='ocr_line' id='line_1_32' title="bbox 202 4062 1473 4156; baseline 0.004 -24"><span class='ocrx_word' id='word_1_263' title='bbox 202 4062 366 4156; x_wconf 85' lang='lat' dir='ltr'>Denique</span> <span class='ocrx_word' id='word_1_264' title='bbox 392 4063 644 4137; x_wconf 87' lang='lat' dir='ltr'>Vaticanus</span> <span class='ocrx_word' id='word_1_265' title='bbox 671 4066 912 4138; x_wconf 89' lang='lat' dir='ltr'>Palatinus</span> <span class='ocrx_word' id='word_1_266' title='bbox 941 4067 1024 4136; x_wconf 73' lang='lat'>577</span> <span class='ocrx_word' id='word_1_267' title='bbox 1054 4090 1098 4138; x_wconf 93' lang='lat' dir='ltr'>ex</span> <span class='ocrx_word' id='word_1_268' title='bbox 1125 4066 1196 4138; x_wconf 90' lang='lat' dir='ltr'>fine</span> <span class='ocrx_word' id='word_1_269' title='bbox 1223 4066 1358 4138; x_wconf 85' lang='lat' dir='ltr'>saeculi</span> <span class='ocrx_word' id='word_1_270' title='bbox 1387 4066 1473 4137; x_wconf 85' lang='lat' dir='ltr'>Vlll</span> 
     </span>
     <span class='ocr_line' id='line_1_33' title="bbox 202 4183 1471 4280; baseline 0.002 -27"><span class='ocrx_word' id='word_1_271' title='bbox 202 4183 328 4271; x_wconf 80' lang='lat' dir='ltr'>codex,</span> <span class='ocrx_word' id='word_1_272' title='bbox 362 4207 472 4276; x_wconf 89' lang='lat' dir='ltr'>quem</span> <span class='ocrx_word' id='word_1_273' title='bbox 499 4183 688 4255; x_wconf 91' lang='lat' dir='ltr'>Ballerinii</span> <span class='ocrx_word' id='word_1_274' title='bbox 715 4186 738 4256; x_wconf 88' lang='lat' dir='ltr'>l.</span> <span class='ocrx_word' id='word_1_275' title='bbox 766 4210 795 4258; x_wconf 92' lang='lat' dir='ltr'>c.</span> <span class='ocrx_word' id='word_1_276' title='bbox 834 4211 867 4280; x_wconf 93' lang='lat' dir='ltr'>p.</span> <span class='ocrx_word' id='word_1_277' title='bbox 887 4185 940 4255; x_wconf 86' lang='grc' dir='ltr'>[Π</span> <span class='ocrx_word' id='word_1_278' title='bbox 973 4189 1039 4257; x_wconf 82' lang='lat' dir='ltr'>cl</span> <span class='ocrx_word' id='word_1_279' title='bbox 1075 4188 1149 4275; x_wconf 65' lang='lat'>§.3</span> <span class='ocrx_word' id='word_1_280' title='bbox 1186 4189 1224 4257; x_wconf 89' lang='lat' dir='ltr'>et</span> <span class='ocrx_word' id='word_1_281' title='bbox 1256 4186 1378 4278; x_wconf 87' lang='lat' dir='ltr'>ipsum</span> <span class='ocrx_word' id='word_1_282' title='bbox 1405 4210 1471 4279; x_wconf 92' lang='lat' dir='ltr'>pro</span> 
     </span>
     <span class='ocr_line' id='line_1_34' title="bbox 201 4301 1472 4397; baseline 0.004 -25"><span class='ocrx_word' id='word_1_283' title='bbox 201 4302 360 4394; x_wconf 87' lang='lat' dir='ltr'>genuino</span> <span class='ocrx_word' id='word_1_284' title='bbox 385 4301 610 4396; x_wconf 89' lang='lat' dir='ltr'>Dionysiano</span> <span class='ocrx_word' id='word_1_285' title='bbox 643 4305 850 4397; x_wconf 85' lang='lat' dir='ltr'>provinciae</span> <span class='ocrx_word' id='word_1_286' title='bbox 878 4304 1089 4376; x_wconf 80' lang='lat' dir='ltr'>Gallicanae</span> <span class='ocrx_word' id='word_1_287' title='bbox 1115 4303 1319 4391; x_wconf 90' lang='lat' dir='ltr'>adducunt,</span> <span class='ocrx_word' id='word_1_288' title='bbox 1354 4305 1472 4377; x_wconf 85' lang='lat' dir='ltr'>solam</span> 
     </span>
     <span class='ocr_line' id='line_1_35' title="bbox 202 4420 1133 4516; baseline 0.006 -27"><span class='ocrx_word' id='word_1_289' title='bbox 202 4420 361 4512; x_wconf 86' lang='lat' dir='ltr'>primam</span> <span class='ocrx_word' id='word_1_290' title='bbox 388 4422 610 4495; x_wconf 85' lang='lat' dir='ltr'>collectionis</span> <span class='ocrx_word' id='word_1_291' title='bbox 639 4423 736 4494; x_wconf 89' lang='lat' dir='ltr'>illius</span> <span class='ocrx_word' id='word_1_292' title='bbox 762 4427 909 4516; x_wconf 87' lang='lat' dir='ltr'>partem</span> <span class='ocrx_word' id='word_1_293' title='bbox 936 4423 1133 4516; x_wconf 83' lang='lat' dir='ltr'>praebet¹).</span> 
     </span>
    </p>
   </div>
   <div class='ocr_carea' id='block_1_3' title="bbox 202 4669 1470 4997">
    <p class='ocr_par' dir='ltr' id='par_1_4' title="bbox 202 4669 1470 4997">
     <span class='ocr_line' id='line_1_36' title="bbox 271 4669 1470 4744; baseline 0.004 -21"><span class='ocrx_word' id='word_1_294' title='bbox 271 4672 289 4737; x_wconf 87' lang='lat'>¹)</span> <span class='ocrx_word' id='word_1_295' title='bbox 308 4669 414 4724; x_wconf 80' lang='lat' dir='ltr'>Eodem</span> <span class='ocrx_word' id='word_1_296' title='bbox 432 4670 517 4726; x_wconf 86' lang='lat' dir='ltr'>etlam</span> <span class='ocrx_word' id='word_1_297' title='bbox 535 4672 646 4726; x_wconf 80' lang='lat' dir='ltr'>litterae</span> <span class='ocrx_word' id='word_1_298' title='bbox 665 4677 690 4724; x_wconf 84' lang='lat' dir='ltr'><em>F</em></span> <span class='ocrx_word' id='word_1_299' title='bbox 705 4672 802 4726; x_wconf 80' lang='lat' dir='ltr'>addita</span> <span class='ocrx_word' id='word_1_300' title='bbox 818 4672 974 4726; x_wconf 83' lang='lat' dir='ltr'>minuscula</span> <span class='ocrx_word' id='word_1_301' title='bbox 990 4672 1085 4727; x_wconf 83' lang='lat' dir='ltr'>littera</span> <span class='ocrx_word' id='word_1_302' title='bbox 1103 4673 1174 4742; x_wconf 78' lang='lat' dir='ltr'>siglo</span> <span class='ocrx_word' id='word_1_303' title='bbox 1193 4691 1257 4727; x_wconf 84' lang='lat' dir='ltr'>usus</span> <span class='ocrx_word' id='word_1_304' title='bbox 1275 4691 1335 4727; x_wconf 79' lang='lat' dir='ltr'>sum</span> <span class='ocrx_word' id='word_1_305' title='bbox 1347 4690 1398 4743; x_wconf 90' lang='lat' dir='ltr'>pro</span> <span class='ocrx_word' id='word_1_306' title='bbox 1412 4676 1470 4744; x_wconf 87' lang='lat' dir='ltr'>pln-</span> 
     </span>
     <span class='ocr_line' id='line_1_37' title="bbox 202 4754 1469 4827; baseline 0.004 -20"><span class='ocrx_word' id='word_1_307' title='bbox 202 4754 276 4807; x_wconf 69' lang='grc'><strong>111100</strong></span> <span class='ocrx_word' id='word_1_308' title='bbox 294 4755 397 4808; x_wconf 84' lang='lat' dir='ltr'>saeculi</span> <span class='ocrx_word' id='word_1_309' title='bbox 414 4755 547 4808; x_wconf 78' lang='lat' dir='ltr'>vll-lx</span> <span class='ocrx_word' id='word_1_310' title='bbox 565 4755 718 4820; x_wconf 80' lang='lat' dir='ltr'>codicibus,</span> <span class='ocrx_word' id='word_1_311' title='bbox 742 4756 789 4824; x_wconf 90' lang='lat' dir='ltr'>qni</span> <span class='ocrx_word' id='word_1_312' title='bbox 807 4773 858 4825; x_wconf 91' lang='lat' dir='ltr'>pro</span> <span class='ocrx_word' id='word_1_313' title='bbox 877 4775 932 4810; x_wconf 88' lang='lat' dir='ltr'>una</span> <span class='ocrx_word' id='word_1_314' title='bbox 950 4758 1073 4811; x_wconf 82' lang='lat' dir='ltr'>alterave</span> <span class='ocrx_word' id='word_1_315' title='bbox 1091 4759 1201 4810; x_wconf 74' lang='lat' dir='ltr'>tardum</span> <span class='ocrx_word' id='word_1_316' title='bbox 1220 4758 1340 4827; x_wconf 80' lang='lat' dir='ltr'>epistola</span> <span class='ocrx_word' id='word_1_317' title='bbox 1357 4775 1469 4812; x_wconf 85' lang='lat' dir='ltr'>concur-</span> 
     </span>
     <span class='ocr_line' id='line_1_38' title="bbox 202 4840 1466 4914; baseline 0.006 -24"><span class='ocrx_word' id='word_1_318' title='bbox 202 4843 304 4898; x_wconf 82' lang='lat' dir='ltr'>rcrunl,</span> <span class='ocrx_word' id='word_1_319' title='bbox 323 4857 495 4908; x_wconf 87' lang='lat' dir='ltr'>quorumque</span> <span class='ocrx_word' id='word_1_320' title='bbox 512 4840 621 4908; x_wconf 87' lang='lat' dir='ltr'>plenior</span> <span class='ocrx_word' id='word_1_321' title='bbox 639 4840 740 4895; x_wconf 82' lang='lat' dir='ltr'>notitia</span> <span class='ocrx_word' id='word_1_322' title='bbox 766 4841 833 4893; x_wconf 80' lang='lat' dir='ltr'>milri</span> <span class='ocrx_word' id='word_1_323' title='bbox 856 4844 905 4893; x_wconf 88' lang='lat' dir='ltr'>aut</span> <span class='ocrx_word' id='word_1_324' title='bbox 928 4841 1039 4894; x_wconf 89' lang='lat' dir='ltr'>omniuo</span> <span class='ocrx_word' id='word_1_325' title='bbox 1063 4844 1160 4914; x_wconf 83' lang='lat' dir='ltr'>deerat</span> <span class='ocrx_word' id='word_1_326' title='bbox 1182 4848 1232 4896; x_wconf 87' lang='lat' dir='ltr'>aut</span> <span class='ocrx_word' id='word_1_327' title='bbox 1249 4843 1336 4896; x_wconf 84' lang='lat' dir='ltr'>serius</span> <span class='ocrx_word' id='word_1_328' title='bbox 1355 4844 1466 4897; x_wconf 79' lang='lat' dir='ltr'>advenit</span> 
     </span>
     <span class='ocr_line' id='line_1_39' title="bbox 202 4923 1468 4997; baseline 0.006 -22"><span class='ocrx_word' id='word_1_329' title='bbox 202 4940 253 4987; x_wconf 64' lang='lat' dir='ltr'>lex.</span> <span class='ocrx_word' id='word_1_330' title='bbox 268 4941 308 4988; x_wconf 68' lang='lat' dir='ltr'>gr.</span> <span class='ocrx_word' id='word_1_331' title='bbox 321 4940 371 4992; x_wconf 83' lang='lat' dir='ltr'>pro</span> <span class='ocrx_word' id='word_1_332' title='bbox 382 4923 593 4978; x_wconf 77' lang='lat' dir='ltr'>Monacensibus</span> <span class='ocrx_word' id='word_1_333' title='bbox 606 4927 653 4978; x_wconf 85' lang='lat' dir='ltr'>lat.</span> <span class='ocrx_word' id='word_1_334' title='bbox 665 4929 845 4980; x_wconf 69' lang='grc'><strong>5000010013</strong></span> <span class='ocrx_word' id='word_1_335' title='bbox 864 4944 897 4980; x_wconf 82' lang='lat' dir='ltr'>ac</span> <span class='ocrx_word' id='word_1_336' title='bbox 909 4926 1035 4995; x_wconf 86' lang='lat' dir='ltr'>pluribus</span> <span class='ocrx_word' id='word_1_337' title='bbox 1049 4927 1190 4981; x_wconf 86' lang='lat' dir='ltr'>codicibus</span> <span class='ocrx_word' id='word_1_338' title='bbox 1201 4928 1303 4981; x_wconf 80' lang='lat' dir='ltr'>Gelasii</span> <span class='ocrx_word' id='word_1_339' title='bbox 1322 4928 1402 4997; x_wconf 82' lang='lat' dir='ltr'>epist.</span> <span class='ocrx_word' id='word_1_340' title='bbox 1415 4935 1468 4996; x_wconf 74' lang='lat'>4⁶2).</span> 
     </span>
    </p>
   </div>
   <div class='ocr_carea' id='block_1_4' title="bbox 0 0 1607 5506">
    <p class='ocr_par' dir='ltr' id='par_1_5' title="bbox 0 0 1607 5506">
     <span class='ocr_line' id='line_1_40' title="bbox 0 0 1607 5506; baseline 0 0"><span class='ocrx_word' id='word_1_341' title='bbox 0 0 1607 5506; x_wconf 95' lang='lat' dir='ltr'> </span> 
     </span>
    </p>
   </div>
  </div>
 </body>
</html>
