3224 5506
551 356 741 406 surerenas
757 346 848 405 4—8.
1291 347 1332 412 27

96 519 191 574 helima
207 518 257 573 luit
267 511 298 590 ¹),
316 518 537 592 recognovimus.
568 516 633 590 Ejus
650 518 857 592 praeterenduo
872 519 1031 596 fragmenta,
1054 538 1122 596 quae
1137 521 1223 578 codex
1235 523 1332 580 Gorbe-

91 605 153 675 jens‘u
165 603 269 659 Nicolao
285 602 296 658 l
312 600 442 676 pontifice
459 611 584 660 exaratus
599 612 727 667 asservat,
747 605 920 662 contulimus.
952 604 992 660 Ah
1008 605 1066 677 ejus
1082 607 1192 663 exordio
1210 607 1330 664 Gelasius

91 689 143 745 111111
155 686 265 745 scrihere
281 704 312 743 se
327 685 497 753 testificatur,
518 691 568 746 ubi
579 693 704 762 priorum
725 694 874 762 respirare
886 692 939 764 fos
954 697 996 747 cst
1012 709 1030 747 o
1046 696 1245 749 continuorum
1264 700 1330 749 tcm-

87 782 175 847 pcstotc
195 775 353 830 bellorum.-
373 772 497 847 adeoque
517 782 545 831 et
566 782 629 849 post
646 773 774 849 epistolas
790 774 809 830 4
825 783 852 831 et
869 776 896 840 6,
913 779 938 832 in
956 775 1052 849 quibus
1067 778 1200 850 respirare
1216 777 1330 834 necdum

87 858 124 914 sihi
139 860 238 915 licuisse
254 859 387 932 queritur,
411 861 595 922 concinnasse,
620 867 647 915 et
662 862 732 916 circa
747 859 773 915 id
791 866 904 934 tempus,
928 877 982 935 quo
1001 862 1169 935 superiorem
1185 864 1266 925 misit,
1288 873 1332 919 ut-

83 953 133 1019 pote
146 946 170 999 in
184 960 235 1018 qua
251 944 354 1017 pariter
369 944 533 1000 barbaricis
548 946 692 1001 hacteuus
708 946 874 1001 incursibus
889 962 918 1000 so
934 945 1062 1001 aillictum
1076 946 1221 1021 praelatus,
1238 947 1331 1004 harba-

81 1030 122 1084 rica
135 1029 176 1084 illa
190 1027 259 1084 bella
275 1045 371 1084 recens
387 1030 521 1103 quievisse
537 1031 636 1085 innuit.
665 1029 783 1085 Primum
799 1038 888 1085 autem
904 1046 974 1086 aiano
989 1030 1061 1093 493,
1077 1048 1142 1105 pace
1157 1033 1227 1087 inter
1243 1033 1330 1090 'lireo-

79 1113 184 1170 doricum
199 1112 364 1169 Gotthorum
385 1113 481 1170 ducem
504 1122 531 1170 et
553 1113 700 1171 Odoacrem
721 1114 884 1170 Herulorum
907 1132 999 1189 regem
1016 1114 1155 1172 Februarii
1176 1116 1219 1172 die
1240 1117 1329 1174 xxvii

76 1202 211 1274 composita
225 1207 307 1274 atque
323 1198 404 1269 hujus
420 1207 524 1272 septem
540 1208 602 1274 post
617 1198 712 1255 diebus
727 1207 820 1255 secuta
835 1216 909 1262 nece,
926 1198 997 1255 holla
1009 1198 1055 1255 illa
1069 1202 1238 1274 quieverunt.
1254 1201 1330 1258 Unde

74 1285 133 1340 hano
146 1284 287 1359 epistolam
307 1283 340 1340 ad
361 1300 460 1340 annum
476 1283 537 1341 493
559 1286 696 1358 pertinere
717 1283 864 1359 colligitur.
895 1282 928 1340 Et
951 1283 977 1340 id
999 1285 1108 1360 quidem
1129 1284 1251 1342 Gelasius
1272 1289 1329 1361 ipse

71 1369 133 1425 inira
145 1387 172 1425 n.
189 1369 208 1425 2
223 1367 375 1431 confirmat,
397 1367 440 1424 ubi
457 1367 616 1443 Eutychetis
633 1370 764 1426 haeresim
778 1372 845 1442 jam
861 1377 928 1426 ante
943 1387 1036 1427 annos
1052 1371 1119 1442 scre
1135 1374 1329 1446 quadraginta

69 1458 296 1528 quinquennium
318 1453 408 1509 docet.
446 1455 523 1510 Αηηο
545 1456 616 1510 enirn
631 1453 692 1512 448
714 1463 775 1511 nata
796 1462 838 1511 est
859 1455 923 1511 hacc
945 1455 1073 1511 lracresis.
1104 1456 1257 1512 Notandum
1278 1466 1328 1519 est,

68 1538 130 1594 hanc
144 1538 287 1612 epistolam
303 1556 352 1613 per
371 1538 531 1596 Ursicinum
547 1544 711 1612 episcopum
729 1541 911 1595 transmissam
928 1539 978 1595 dici
995 1539 1033 1613 (n.
1044 1538 1081 1613 1),
1101 1559 1134 1597 uc
1150 1557 1181 1595 ea
1195 1542 1253 1614 ipsa
1269 1558 1329 1597 esse

67 1625 236 1686 existimetur,
259 1640 338 1697 quam
353 1622 497 1679 Dardaniae
519 1625 639 1699 episcopi
662 1625 778 1697 epistola
795 1625 832 1680 11
856 1623 918 1680 n.2
945 1626 1099 1698 Tryphone
1120 1628 1180 1682 uiro
1196 1629 1328 1699 religioso

64 1707 209 1780 deserente
228 1707 279 1764 sihi
301 1701 462 1781 redditam²)
477 1710 642 1765 renuntiant.
676 1703 832 1785 [Quumque
847 1711 875 1765 iu
890 1709 1016 1767 Vaticano
1033 1709 1112 1768 4961
1136 1709 1184 1765 iol.
1204 1710 1242 1767 28
1265 1709 1324 1781 ejus
1337 1713 1409 1782 [Ed]

62 1794 228 1868 inscriptioni
243 1793 311 1849 haec
325 1792 438 1848 addatur
453 1803 517 1849 nota
533 1798 607 1851 sicin
623 1798 707 1850 etiam
723 1795 993 1866 cunctissratribus
1003 1811 1060 1867 per
1070 1795 1233 1851 Dalmatius
1244 1797 1327 1852 desti-

61 1886 128 1935 nato
148 1887 206 1949 est,
230 1895 289 1935 earn
312 1877 473 1952 encyclicam
494 1878 579 1934 luisse
605 1885 678 1936 recte
705 1879 907 1936 concludemus.
947 1877 1024 1946 Quod
1046 1879 1115 1936 idem
1137 1888 1164 1936 et
1185 1877 1245 1936 finis
1272 1882 1327 1954 cpi·

60 1964 142 2021 stolae
157 1957 285 2040 prohat]

309 2081 349 2142 In
370 2079 488 2141 Galerii
508 2096 610 2158 papae
632 2080 795 2159 epistolam
816 2081 837 2141 8
859 2077 1075 2163 („Quamois“).

141 2202 170 2258 1.
207 2200 246 2257 Ex
267 2202 361 2259 codice
381 2203 542 2259 Veronensis
564 2201 674 2276 capituli
693 2205 800 2278 signato
823 2204 868 2259 Nr.
886 2203 926 2261 46
953 2205 1069 2278 primum
1094 2200 1194 2276 prodiit
1215 2212 1326 2260 curante
1336 2205 1409 2275 [Edi

64 2286 201 2344 111ηεί110
213 2287 361 2345 Dianchino
375 2290 403 2344 ia
419 2286 538 2345 editione
554 2288 686 2343 Anastasii
703 2287 826 2344 biblioth.
845 2298 909 2345 tom.
923 2288 956 2344 lll
969 2289 1022 2345 col.
1032 2288 1080 2350 51,
1096 2286 1193 2345 deinde
1205 2305 1326 2345 recusan

62 2373 213 2430 marchione
220 2372 323 2444 Naliejo
340 2372 461 2430 inColeti
476 2373 624 2429 cellconc.
636 2374 725 2429 tom.V
736 2374 789 2430 col.
800 2372 861 2432 206
877 2376 946 2430 sicut
961 2375 988 2429 iu
1004 2373 1151 2447 appendice
1167 2374 1325 2431 histtheol.

60 2475 116 2533 pag.
134 2457 209 2516 235.
241 2457 334 2514 Denuo
356 2458 388 2514 ad
409 2459 537 2515 trutinam
559 2458 623 2514 dieti
638 2458 737 2515 codicis
754 2461 857 2515 vocavit
872 2467 899 2515 ct
915 2459 997 2515 edidit
1012 2458 1148 2532 Iosephus
1164 2458 1324 2516 Blanchinus

59 2542 197 2599 inlacobi
219 2542 357 2600 sirmondi
384 2560 448 2618 opp.
469 2561 524 2599 var.
547 2543 763 2602 Venetiis1728
787 2554 852 2600 tom.
870 2544 902 2599 lV
929 2563 955 2619 p.
974 2542 1044 2606 573,
1067 2543 1138 2599 unde
1159 2545 1327 2618 repetierunt

59 2628 173 2687 Densius
195 2628 303 2684 collect.
326 2645 403 2685 conc.
426 2638 445 2684 t.
456 2628 508 2693 Vll,
530 2629 611 2687 1096
633 2638 660 2685 et
676 2629 765 2704 iligna
785 2630 920 2704 patrolog.
944 2646 1014 2686 curs.
1037 2629 1165 2703 coruplet.
1188 2637 1253 2686 tom.
1271 2629 1326 2685 htx

58 2716 108 2770 col.
126 2713 177 2769 24.
210 2713 331 2769 Titulum
354 2713 461 2788 quidem
476 2714 557 2786 hujus
572 2721 600 2770 et
615 2716 754 2789 sequentis
770 2715 900 2788 epistolae
916 2716 995 2770 etiam
1011 2714 1056 2770 illa
1073 2713 1161 2769 tabula
1181 2714 1326 2771 documen-

59 2808 148 2854 torum
163 2800 358 2855 dcacianorum
374 2797 493 2874 praehet,
516 2816 596 2874 quam
616 2806 685 2856 teste
702 2800 829 2856 lliuschio
851 2800 869 2855 l.
887 2817 911 2856 c.
930 2817 992 2874 pag.
1007 2798 1096 2854 NLllll
1118 2801 1227 2874 corpori
1243 2800 1326 2857 colle·

58 2886 154 2940 monis
168 2883 452 2940 Pseudo-isidorianae
472 2886 648 2958 praemittunt
667 2884 775 2942 codices
794 2884 951 2941 Parisiensis
966 2884 1051 2943 4280
1066 2886 1130 2949 dh„
1152 2885 1325 2942 Pistorieusis

60 2989 84 3025 η.
100 2968 144 3032 lx,
164 2968 295 3025 Lucensis
318 2987 345 3024 u.
365 2967 425 3026 123
442 2976 470 3025 et
484 2968 687 3044 hamburgensis
703 2968 731 3025 G.
749 2968 799 3033 47,
823 2971 875 3027 hoc
891 2969 987 3027 morlo:
1018 2971 1090 3027 ltcm
1112 2974 1233 3044 epistola
1250 2972 1327 3027 beati

60 3053 168 3112 Gdasii
194 3056 234 3111 od
254 3055 428 3112 Succonium
453 3057 619 3128 episcopum
644 3056 769 3128 Affrum.
800 3056 873 3112 Item
899 3058 1029 3129 ejrisdcm
1055 3057 1095 3112 ud
1117 3056 1250 3112 Natalem
1276 3057 1325 3112 ab·

60 3143 161 3199 butem.

144 3224 173 3282 9.
204 3225 268 3281 Data
283 3224 335 3280 luit
348 3223 380 3280 ad
396 3224 514 3282 Natalem
530 3224 651 3281 abbatem
668 3224 817 3300 quemdam,
840 3233 871 3282 ut
886 3227 1015 3299 suspicari
1030 3226 1102 3288 licet,
1119 3225 1264 3281 Dardaniae
1279 3234 1324 3282 aut

62 3313 160 3367 11311111
172 3312 302 3385 regionis,
319 3311 365 3385 qui
384 3310 487 3366 litteras
503 3311 616 3367 ferroris
632 3311 758 3367 catholici
780 3311 873 3385 plenas
889 3310 920 3366 ad
936 3310 1067 3366 Serenum
1082 3312 1240 3384 episcopum
1255 3310 1325 3367 dire·

63 3404 135 3451 uerat
154 3397 246 3470 itaque
261 3395 360 3451 Gelasii
381 3397 498 3451 antimum
520 3397 548 3451 in
569 3413 599 3452 sc
619 3403 798 3453 converterat.
831 3395 1000 3470 Quapropter
1019 3395 1151 3452 sollicitus
1172 3413 1248 3470 papa,
1270 3414 1324 3470 quo

64 3482 145 3554 magis
160 3480 218 3551 ejus
234 3481 322 3536 zelum
337 3481 495 3537 accenderet
511 3488 538 3536 et
555 3498 633 3555 opem
648 3483 675 3537 in
691 3482 854 3556 gravissimis
870 3481 1068 3537 dissensionum
1080 3481 1325 3538 concertationibus

66 3565 117 3620 sedi
134 3565 296 3640 apostolicae
312 3565 483 3629 adscisceret,
500 3582 582 3640 quum
598 3569 638 3622 ad
651 3571 803 3640 episcopos
812 3584 868 3640 per
878 3567 1059 3623 Dardaniam
1072 3570 1239 3624 constitutos
1250 3585 1324 3623 com·

66 3656 187 3720 miratio
204 3655 315 3732 scripta
332 3651 417 3713 daret,
444 3668 508 3707 sanc
528 3651 623 3707 cedern
645 3652 768 3709 Ursicino
788 3652 929 3708 deserente
950 3654 1086 3727 propriam
1107 3653 1175 3708 hanc
1195 3651 1227 3707 ad
1248 3651 1324 3708 illurn

70 3735 163 3792 eddidit
179 3735 320 3810 epistolam
341 3737 418 3809 quasi
440 3736 600 3810 encyclicam
622 3737 745 3793 omnibus
766 3737 911 3793 Dardaniae
930 3739 1085 3811 provinciae
1105 3738 1242 3794 monachis
1264 3737 1324 3794 red·

70 3819 174 3876 modam
188 3818 355 3893 (caninii).
378 3820 452 3877 Unde
467 3839 517 3878 nec
532 3821 693 3885 mirabimur,
712 3822 784 3896 quod
799 3825 857 3897 ipsa
873 3822 925 3878 illis
941 3828 1058 3895 scriptis
1072 3831 1182 3898 apparet
1199 3831 1226 3880 et
1240 3841 1323 3879 sensu

72 3905 192 3962 etrerbis
206 3905 349 3970 slmiNima‚
373 3913 400 3961 et
421 3923 478 3962 earn
493 3912 606 3981 prorsus
624 3908 720 3964 eodem
736 3915 857 3983 tempore
873 3909 933 3964 anni
950 3908 1011 3965 493
1032 3911 1159 3983 scriptam
1174 3926 1234 3965 esse
1250 3916 1323 3966 recte

72 3989 278 4061 conjectabimus.
318 3991 437 4065 Denique
453 3992 576 4049 eumdem
592 3994 726 4050 Natalem
742 4010 810 4057 esse,
833 3993 866 4048 ad
881 4010 960 4067 quem
977 3999 1141 4067 episcopum
1156 3994 1270 4068 epistola
1283 3993 1321 4049 99

72 4072 171 4138 directa,
187 4084 213 4132 et
223 4078 365 4134 Serenum
379 4076 455 4133 illum
471 4078 558 4151 ipsum
574 4095 633 4134 csse
649 4078 779 4135 Nolanum
795 4080 960 4153 episcopum,
974 4081 1020 4153 qui
1036 4087 1063 4135 et
1074 4078 1185 4153 synodis
1197 4077 1322 4145 Romanis

74 4160 141 4214 annis
154 4161 213 4219 499
229 4171 255 4218 et
271 4161 330 4220 501
349 4160 507 4260 subscripsit
523 4165 572 4219 et'
564 4179 592 4220 m
607 4162 704 4219 Gelasii
727 4163 841 4238 epistola
856 4163 896 4221 39
920 4171 947 4219 et
967 4164 1120 4238 fragmento
1138 4163 1176 4220 13
1192 4180 1322 4219 memora·

75 4248 121 4348 tor,
142 4245 209 4302 haud
223 4247 289 4303 levis
304 4249 425 4351 suspicio
440 4254 491 4304 est

136 4373 216 4435 ι11111
231 4344 384 4429 Vaticanus
405 4382 480 4433 4961.
520 4376 578 4431 Nec
599 4379 695 4431 lemen
715 4376 795 4431 uobis
821 4392 894 4431 nova
915 4376 1061 4432 cohahiono
1088 4395 1118 4430 sn
1140 4374 1322 4430 ersedendun'n

75 4438 122 4491 rati
134 4458 232 4541 somus,
250 4443 324 4497 unde
343 4461 441 4498 revera
457 4444 538 4514 plura
554 4445 663 4511 menda,
682 4461 753 4514 quoe
772 4447 943 4515 supererant,
962 4445 1100 4522 corrigere
1118 4395 1202 4498 1111111.
1184 4445 1303 4522 tyreu]

134 4509 154 4572 1
170 4508 360 4566 'l'rllernonhus
378 4513 480 4577 autem,
498 4530 580 4580 quom
597 4513 722 4590 seqnitur
733 4512 870 4591 Josephns
883 4513 1050 4567 Blenchinus
1069 4513 1106 4580 (in
1120 4511 1258 4566 Sirmondi
1276 4529 1320 4582 op

76 4573 257 4653 1111119111,
280 4579 410 4633 eamdem
427 4583 528 4633 atron
530 4580 627 4635 eloco
646 4580 792 4650 epistolem
809 4581 913 4636 dictam
935 4599 993 4635 esse
1011 4582 1145 4635 autumem.
1182 4580 1322 4635 Gelasium

75 4658 149 4707 cmm,
165 4620 351 4711 1111111111ηο
364 4647 481 4724 quidem
491 4599 682 4703 ί111η11η111111111
699 4666 797 4703 munus
815 4649 987 4703 exhibendae
1004 4648 1076 4702 illius
1089 4649 1231 4727 epistolae,
1249 4650 1322 4704 hunc

76 4712 160 4764 antem
175 4730 256 4781 quarn
278 4714 315 4769 ob
334 4713 443 4782 ehquet
460 4715 598 4770 redonum
619 4721 762 4771 momenta,
783 4716 894 4795 nobis
881 4735 942 4794 gam
962 4718 1060 4771 inobe
1082 4717 1195 4786 exsequi
1218 4717 1321 4772 Gelasii

72 4792 214 4896 1111111101
235 4783 386 4852 polluisset,
413 4783 555 4861 Tryphoni
576 4783 735 4850 tradidisse,
759 4785 807 4852 qui
829 4735 923 4864 slahm
946 4718 993 4839 alf
1003 4785 1148 4839 Dardanos
1169 4785 1320 4862 profectus.

99 4861 128 4898 ec
142 4847 321 4905 abhorretur
393 4851 516 4905 entem
509 4869 599 4921 ipsum
622 4852 755 4922 epistolae
774 4861 802 4919 7
824 4853 847 4908 si
865 4871 926 4908 erun
945 4853 1101 4924 Tryphonis
1125 4853 1180 4907 ista
1203 4853 1321 4924 epistola

76 4913 225 4972 mulctabo.
254 4851 391 4988 [Edpom
