3204 5506
250 369 313 435 860
691 382 718 430 s.
735 380 943 431 1101111111
965 381 1080 429 esras

121 550 156 616 (a.
168 550 238 616 111.)
251 540 372 624 palatio
395 535 643 620 consusccpitll)
668 558 686 598 a
708 536 801 600 nobis
822 536 979 618 libellum,
1019 540 1052 600 et
1079 536 1240 620 imprimis
1267 539 1355 621 quasi
1380 542 1484 606 11111111

252 641 420 726 epistolam
442 639 549 724 potius
571 639 678 703 faeere
705 661 799 723 quam
828 638 981 703 libellum.
1027 637 1089 704 Sed
1112 660 1181 703 non
1202 644 1278 724 post
1299 639 1394 704 multu
1412 647 1485 708 11111·

251 745 339 808 mina
362 744 422 806 hoc
445 741 610 824 convenit,
634 741 830 825 prooemium
853 742 1011 805 modicum
1033 741 1152 824 facere,
1177 744 1210 805 11
1233 742 1418 828 subjungere
1434 767 1487 810 nor

252 846 409 928 libellmn‚
445 844 710 929 quemadmodum
737 847 843 908 vestra
872 843 1036 908 beatitudo
1064 843 1210 908 dictavit.
1263 843 1444 930 Subscriptio
1460 848 1488 912 ab

252 949 362 1013 eodem
389 947 477 1012 facta
510 950 559 1011 est
590 947 698 1011 libello
732 948 940 1029 couveniens,
979 946 1127 1011 similiter
1161 950 1194 1010 et
1225 947 1395 1032 datarium,
1423 951 1489 1034 eujus

36 1122 39 1129 Ι
142 1064 237 1128 epol.
252 1051 446 1134 exemplaria
469 1054 502 1113 et
521 1050 683 1135 graecc¹¹)
707 1054 739 1114 et
759 1049 860 1114 latine
883 1050 1076 1134 apostolatui
1100 1052 1206 1113 vestro
1228 1050 1406 1114 direximus.
1433 1050 1491 1118 Post

251 1154 374 1217 fuctum
396 1152 538 1216 libellum
561 1175 677 1216 nomeu
694 1153 805 1216 Aeacii
828 1153 866 1216 de
889 1151 1051 1236 diptychis
1073 1155 1123 1217 est
1141 1151 1300 1235 deletum,
1324 1152 1491 1219 similiteret

252 1255 406 1337 llavitae,
430 1254 617 1338 Euphemii,
641 1254 823 1318 hlacedonii
845 1258 878 1319 et
892 1253 1116 1341 Timothei¹²):
1140 1258 1173 1318 et
1194 1277 1262 1319 non
1284 1254 1383 1320 solum
1401 1254 1492 1322 hocin

252 1358 322 1441 ipsa
345 1358 413 1422 sola
435 1355 584 1438 eeclesia,
609 1357 643 1420 in
666 1379 728 1441 qua
751 1357 917 1441 episcopus
940 1343 1065 1439 manet,
1089 1358 1321 1422 verumetiam
1343 1380 1397 1442 per
1408 1379 1492 1423 omnes

253 1460 403 1523 eeclesias
436 1481 507 1522 curn
544 1458 660 1542 grandi
697 1458 866 1543 diligentia
898 1457 967 1522 Deo
1003 1458 1148 1542 adjutore
1185 1460 1386 1544 suggerimus
1418 1461 1492 1525 luisse

251 1561 384 1625 factum.
421 1560 576 1625 Similiter
598 1560 703 1624 deleta
726 1564 802 1624 sunt
823 1561 862 1624 de
885 1561 1046 1645 diptychis
1068 1561 1208 1626 Zenonis
1231 1566 1264 1627 et
1280 1562 1437 1627 Anastasii
1455 1585 1493 1627 uo

251 1663 350 1726 mina.
388 1663 540 1746 Episcopi
562 1663 758 1727 diversarum
781 1663 963 1745 civitatum,
988 1666 1100 1748 quanti
1122 1664 1249 1728 inventi
1265 1668 1357 1748 sunt,
1378 1664 1493 1730 libellum

251 1764 399 1829 similiter
421 1765 620 1829 obtulermit:
645 1768 771 1830 etcum
794 1766 911 1850 grandi
934 1765 1060 1830 cautela
1090 1766 1295 1850 suggerimus
1319 1767 1492 1848 custoditum,

251 1890 292 1931 ne
319 1867 390 1951 quis
417 1867 585 1931 nobiscum
614 1868 864 1932 communicaret
892 1868 1075 1951 episcopus,
1112 1869 1167 1952 qui
1196 1868 1342 1933 libellum
1373 1869 1494 1953 primitis

251 1992 317 2035 non
340 1968 487 2033 dedisset.
532 1968 607 2034 Pari
629 1970 722 2034 modo
745 1973 778 2034 et
800 1992 909 2033 011111
932 1969 1202 2034 archimandritae
1224 1969 1381 2035 fecerunt.
1420 1970 1495 2054 Apud

251 2094 329 2157 quos
352 2070 621 2137 archimandritas
643 2077 676 2136 et
699 2072 875 2136 certamina
897 2093 955 2136 uos
978 2070 1128 2136 habuisse
1144 2073 1364 2157 suggerimus,
1387 2073 1495 2137 dicenti·

251 2176 309 2238 bus
336 2173 418 2238 illis:
447 2177 585 2255 Sufficit,
614 2182 687 2252 quia
717 2180 963 2254 archiepiscopus
990 2186 1090 2238 noster
1113 2178 1210 2250 fecit:
1242 2196 1297 2239 uos
1317 2179 1428 2254 suctum
1446 2183 1496 2255 ejus

251 2284 414 2356 sequimur.
452 2275 534 2351 Quid
557 2275 718 2359 amplius?
750 2275 829 2339 Post
849 2275 952 2340 multa
974 2275 1150 2341 certamina
1171 2277 1235 2360 ipsi
1257 2299 1381 2362 quoque
1394 2279 1496 2342 ratione

253 2379 391 2443 convicti
413 2378 538 2442 libellos
560 2379 661 2442 modis
684 2378 831 2443 omnibus
854 2377 1049 2442 obtulerunt.

335 2481 366 2545 5.
404 2480 482 2544 Post
504 2480 582 2545 haee
606 2481 714 2544 omnia
735 2480 804 2544 Deo
828 2480 964 2562 juvante
991 2479 1074 2564 in¹³)
1103 2481 1273 2545 ecclesiam
1294 2483 1495 2566 processimus:

252 2587 284 2647 et
305 2583 413 2667 qualia
436 2583 554 2667 gaudia
581 2583 669 2647 fucta
697 2582 763 2647 sint
790 2581 941 2663 unitatis,
971 2585 1004 2645 et
1031 2583 1297 2665 quemadmodum
1318 2583 1402 2649 Deus
1422 2585 1496 2648 bene

252 2686 355 2750 dictus
378 2685 437 2768 sit,
461 2707 541 2768 quac
564 2685 673 2749 laudes
695 2707 818 2769 quoque
840 2684 934 2747 beato
950 2682 1045 2747 Petro
1068 2684 1213 2768 apostolo
1236 2690 1269 2749 et
1292 2687 1378 2750 vobis
1399 2686 1496 2750 relatae

251 2790 343 2870 sunt,
378 2788 479 2870 ipsius
508 2788 643 2851 actionis
678 2787 933 2852 consideratione
965 2786 1162 2869 perspicitis,
1197 2788 1282 2871 quod
1311 2811 1380 2852 mea
1406 2787 1496 2872 lingua

252 2912 317 2953 nou
339 2889 425 2953 valet
448 2889 617 2972 explicare.
663 2889 753 2953 Nihil
777 2893 826 2953 est
848 2888 1052 2952 subsecutum
1085 2888 1261 2953 secundum
1283 2893 1357 2954 vota
1378 2891 1497 2955 inimice

251 3014 337 3073 rum,
362 3013 427 3055 non
450 2991 574 3072 seditio,
599 3014 664 3055 non
688 2991 798 3054 ell'usio
821 2989 1004 3074 sauguinis,
1029 3012 1095 3053 nou
1118 2990 1292 3075 tumultus,
1316 2993 1398 3077 quod
1418 2991 1497 3055 veluti

251 3097 408 3158 terrentes
431 3093 554 3157 inimici
578 3097 673 3156 antea
696 3093 934 3176 praedicebant.
978 3092 1045 3175 lpsi
1069 3114 1193 3177 quoque
1216 3093 1420 3159 ecclesiastici
1434 3094 1497 3160 Con·

252 3195 534 3279 stantinopolitani
557 3196 753 3259 admirantes
782 3199 814 3259 et
837 3195 905 3258 Deo
934 3195 1056 3278 gratias
1085 3195 1261 3259 referentes
1284 3196 1407 3279 dicunt,
1433 3217 1497 3259 uuu-

251 3320 348 3382 quam
370 3321 403 3361 se
425 3298 608 3362 meminisse
631 3297 774 3382 uullis¹²)
798 3296 994 3381 temporibus
1015 3299 1141 3360 tantam
1156 3297 1268 3382 populi
1283 3298 1497 3364 multitudinem

252 3402 513 3465 communicasse.

335 3504 365 3566 6.
404 3504 464 3566 His
488 3504 668 3587 adimpletis
692 3503 789 3566 etiam
813 3501 1078 3565 clementissimus
1100 3502 1277 3586 imperator
1299 3503 1338 3567 ad
1353 3501 1496 3568 beatitudi-

144 3641 186 3693 op,
198 3629 238 3677 11,
253 3629 326 3670 nem
349 3610 487 3670 vostram
510 3628 568 3669 sua
589 3606 710 3688 scripta
732 3603 913 3687 subjunxit,
948 3604 1092 3668 ordinem
1114 3604 1160 3668 rei
1189 3609 1300 3688 gestae
1322 3605 1494 3691 significans

321 3846 351 3910 ¹⁰)
370 3844 388 3896 b
407 3860 446 3897 11
467 3849 586 3912 suseepti.
617 3842 660 3896 ·G¹
686 3863 738 3895 eum
761 3848 884 3910 meseepr't,
908 3859 979 3909 quae
1002 3841 1084 3896 lectio
1108 3845 1249 3912 expuncta
1272 3843 1372 3899 deinde
1392 3840 1496 3912 proxim!

250 3928 390 3999 particula
408 3940 445 3993 11,
464 3946 520 3981 101
538 3928 709 3997 displicerem
728 3929 781 3981 nisi
799 3928 871 3980 forte
890 3933 1049 3995 cousirscepr‘e
1066 3927 1230 3996 legendum,
1249 3929 1326 3997 quod
1344 3927 1494 3984 correximus.

320 4016 350 4080 ¹¹)
370 4014 488 4066 Exstant
506 4015 615 4066 tantum
632 4013 726 4077 latine,
746 4014 774 4066 et
792 4030 824 4066 ex
843 4012 899 4066 alia
917 4011 1029 4079 quidem
1047 4011 1280 4081 interpretatione
1299 4013 1335 4067 ab
1354 4031 1392 4077 es,
1409 4025 1495 4081 quaes

252 4099 383 4152 Ilioscoro
401 4098 487 4151 missa
503 4099 607 4164 fuerat,
626 4098 701 4152 utin
721 4099 809 4167 ipsam
827 4097 961 4152 lobannis
980 4097 1126 4166 epistolam
1144 4102 1176 4149 cl
1197 4097 1351 4152 observavi.

321 4186 350 4241 ¹²)
370 4182 513 4251 Quotquot
535 4183 663 4237 nimirum
682 4182 783 4237 Aeacio
807 4182 835 4236 in
858 4182 921 4237 sede
941 4181 1251 4252 Constantinopolituna
1268 4184 1348 4238 extra
1364 4183 1429 4238 sedis
1445 4195 1494 4248 spo·

252 4269 365 4322 sl-olieae
385 4269 605 4322 communionem
623 4270 819 4323 successerant.
1198 4270 1201 4276 '

320 4358 351 4422 ¹³)
370 4357 396 4409 a¹
416 4361 441 4408 iu
460 4361 574 4410 11111110.
611 4355 678 4408 Post
696 4354 783 4408 verba
800 4356 893 4408 autem
913 4361 936 4406 iu
956 4359 1084 4408 redecima
1099 4359 1271 4421 processurus
1288 4352 1494 4408 subauditur-ie

251 4460 334 4492 surum
351 4446 480 4493 sollemnia
498 4445 663 4502 celebraturi,
683 4440 785 4493 11111110
804 4440 861 4492 scil.
881 4441 948 4494 tuuc
964 4439 1097 4508 loquendi
1114 4453 1205 4503 more,
1224 4454 1280 4507 quo
1293 4440 1430 4494 missarum
1441 4435 1495 4490 eele-

251 4523 342 4578 bratio
361 4524 477 4594 simplici
494 4531 666 4593 processionis
685 4525 795 4579 nomino
814 4524 954 4593 designari
973 4524 1087 4577 solebat.
1124 4523 1196 4578 Hinc
1213 4525 1379 4594 intelligitur
1395 4524 1421 4576 et
1435 4517 1494 4588 qued

251 4609 407 4678 subjicitur:
428 4618 500 4665 nullis
517 4616 670 4680 temporibus
689 4624 782 4665 timeum
799 4617 889 4679 populi
906 4615 1082 4663 nrirltr'tudiuem
1099 4615 1308 4676 commeruicusse,
1327 4609 1353 4662 b.
1366 4626 1388 4663 1.
1406 4620 1493 4661 suum

252 4693 351 4748 Christi
370 4712 469 4764 corpus
486 4696 514 4749 iu
534 4697 733 4751 communionis
752 4694 882 4750 indicium
899 4695 1064 4766 percepisse.

320 4781 529 4848 Η1111311ιί111
553 4800 614 4835 eum
633 4784 650 4835 b
665 4801 697 4836 ee
717 4789 784 4844 01111,
807 4782 859 4835 nisi
880 4783 953 4836 forte
972 4781 1119 4834 Dioscorus
1138 4779 1308 4837 Graecorum
1329 4774 1493 4833 usumonim

251 4864 385 4930 referens,
404 4882 535 4933 graecam
554 4867 638 4920 etiam
656 4868 802 4922 retinuerit
820 4867 956 4937 phrasim,
976 4884 1032 4935 qua
1050 4866 1151 4937 duplex
1169 4864 1283 4934 negatio
1296 4862 1424 4933 majorem
1436 4857 1492 4912 affir-

251 4949 346 5002 mandi
362 4950 418 5002 vim
437 4950 552 5006 obtinet.
