3204 5506
196 332 256 399 ise
396 304 402 313 ⁸
676 347 703 394 s.
720 344 842 392 amam
865 343 979 391 aaran

88 519 181 567 asse.
193 503 306 589 gnatio
328 503 479 585 ostendit,
503 499 671 566 sanctitati
692 501 767 563 tuae
790 498 937 564 duximus
959 497 1148 562 indicanda:
1171 500 1207 561 ut
1228 497 1299 583 ipse
1326 497 1473 583 primum

142 630 145 633 ·
194 629 251 690 pro
273 629 320 689 eo,
344 628 438 689 quem
461 604 553 669 nobis
576 604 714 667 invicem
735 624 860 687 semper
872 600 1101 686 impendimus,
1122 603 1310 685 praestante
1325 599 1475 665 Domino

193 709 322 773 laeteris
345 708 477 789 affectu3
500 706 614 770 deinde
637 709 673 769 ut
695 704 902 788 dispositione
924 708 998 767 tuae
1013 701 1228 767 fraternitatis
1242 701 1400 766 omnibus
1414 724 1475 788 per

193 811 375 876 universam
405 810 603 894 provinciam
631 805 787 872 fratribus
809 808 842 870 et
864 805 1142 870 consacerdotibus
1165 804 1361 887 innotescat,
1386 804 1474 889 quod

193 912 407 977 humilitatem
429 933 533 976 meam
556 910 686 975 dextera
702 908 832 973 Domini
854 908 984 973 visitare
1006 907 1141 993 dignata
1162 907 1214 990 sit,
1238 909 1271 972 et
1294 904 1378 971 mihi
1394 928 1474 992 apo

192 1015 323 1080 stolicae
350 1014 433 1079 sedis
460 1013 605 1099 regimen
634 1034 700 1075 non
727 1033 786 1094 pro
814 1011 928 1075 meritc
956 1011 1011 1075 sed
1039 1031 1194 1096 prosuae
1215 1008 1344 1095 gratiae
1367 1009 1473 1075 abnn-

193 1117 382 1182 (lautissima
403 1116 555 1201 largitate
578 1113 781 1179 commiserit.

277 1220 308 1284 2.
347 1218 495 1302 Proinde,
519 1218 620 1283 frater
643 1217 816 1300 carissime,
840 1216 924 1301 quod
946 1215 1111 1281 sanctitati
1133 1216 1207 1278 tuae
1221 1216 1390 1298 praesenti
1405 1237 1473 1280 ser·

192 1344 286 1386 mone
314 1321 540 1406 patefecimus,
569 1319 638 1405 in³)
662 1319 804 1383 omnium
832 1318 986 1401 fratmni,
1021 1317 1285 1403 quemadmodum
1312 1316 1471 1402 diximus,

191 1424 341 1489 notitiam
376 1422 517 1507 perferre
546 1421 747 1507 dignaberis,
777 1424 814 1486 ut
841 1421 1051 1506 supplicaturi
1080 1418 1218 1484 Domino
1244 1423 1359 1484 nostro
1389 1420 1472 1486 Jesu

192 1524 331 1608 Christo,
356 1525 440 1590 sicut
462 1524 683 1589 exsultationis
705 1524 823 1610 gaudia
845 1524 891 1588 ita
913 1523 1081 1609 profutura
1103 1521 1274 1587 universali
1297 1520 1471 1588 Ecclesiae

192 1629 371 1692 orationum
394 1649 521 1691 suarum
544 1627 637 1691 nobis
659 1630 735 1691 vota
757 1625 968 1711 conjungant.
1003 1624 1090 1690 Deus
1105 1628 1137 1690 te
1151 1624 1347 1690 incolumem
1364 1628 1470 1690 custo

191 1729 269 1813 diat,
293 1730 394 1804 frater
417 1730 590 1795 carissime.
629 1728 714 1793 Data
736 1728 851 1814 VIII⁴)
866 1727 1023 1794 Calendas
1046 1725 1235 1793 Februarias
1256 1725 1391 1792 domino
1415 1726 1471 1792 Se-

192 1854 267 1896 vero
290 1833 437 1918 Augusto
460 1831 599 1897 consule.

707 2017 947 2121 epistolas.
994 1982 997 1987 Δ

83 2197 177 2246 area.
238 2256 239 2260 Ἴ
329 2171 473 2239 Leontii
497 2172 653 2256 episcopi
678 2171 904 2239 Arelatensis
925 2170 969 2237 ad
991 2170 1161 2237 Hilarum
1183 2188 1324 2256 papam.

242 2315 336 2364 Hilaro
354 2315 386 2364 de
404 2319 523 2377 suscepto
541 2314 689 2377 pontificatu
706 2314 852 2375 maculatur
870 2319 896 2362 et
907 2313 974 2374 jura
991 2327 1053 2362 reae
1071 2313 1194 2362 ecclesiae
1211 2315 1411 2365 recommendat.
1479 2316 1525 2380 pi

279 2447 307 2509 1.
346 2445 436 2521 Quod
455 2444 593 2509 Leonem
616 2445 852 2508 sanctissimum
876 2444 1151 2529 praedecessorem
1171 2447 1262 2509 tuum
1283 2467 1373 2511 mors
1395 2447 1470 2513 abs·

192 2547 302 2612 tulerit
331 2550 443 2611 contra
471 2546 617 2611 haereses
645 2547 871 2632 invigilantem
903 2549 936 2611 et
957 2546 1068 2611 lolium
1089 2547 1123 2611 in
1147 2567 1226 2632 agro
1245 2546 1380 2613 Domini
1404 2549 1469 2616 heu

158 2699 170 2716 .
193 2649 289 2713 nimis
312 2649 468 2713 fruticans
491 2649 717 2746 eradicantem,
742 2649 898 2733 dolemus3
931 2649 1014 2734 quod
1037 2649 1075 2713 de
1097 2652 1152 2713 tua
1174 2649 1352 2715 sanctitate
1373 2672 1469 2736 repa·

190 2750 324 2833 raverit,
365 2749 574 2835 gratulamur.
631 2749 715 2815 Nam
750 2751 869 2835 gaudet
906 2752 989 2815 filius
1027 2751 1065 2817 de
1101 2751 1222 2817 honore
1260 2752 1376 2818 matris
1383 2804 1393 2838 ,
1435 2759 1470 2820 et

60 2861 63 2870 '
189 2874 285 2937 quum
314 2852 449 2917 ecclesia
477 2851 623 2916 Romana
650 2853 694 2916 sit
723 2854 865 2917 omnium
892 2857 1005 2936 mater,
1034 2853 1098 2920 fuit
1123 2854 1216 2919 nobis
1243 2854 1467 2941 gaudendum,

189 2955 271 3040 quod
311 2955 346 3034 in
373 2947 479 3019 'tanta
518 2956 778 3020 consternatione
818 2978 923 3020 rerum
965 2961 997 3021 et
1034 2956 1222 3022 infirmitate
1261 2957 1469 3025 saeculorum

74 3030 174 3165 2⁸3¹?
189 3080 284 3143 super
312 3079 383 3122 earn
408 3060 441 3122 te
464 3059 611 3141 erexerit,
625 3047 676 3122 'ut
696 3064 820 3138 judices
844 3065 976 3139 populor
1008 3065 1039 3122 in
1068 3066 1276 3140 aequilateri
1303 3072 1414 3140 pentes
1435 3070 1469 3129 ἐκ

188 3172 275 3225 terra
298 3167 427 3240 dirique.
472 3160 567 3226 Unde
589 3183 686 3246 quum
708 3160 800 3224 nobis
823 3161 955 3225 nuntius
977 3161 1031 3225 ille
1054 3183 1112 3246 per
1128 3161 1341 3228 concordium
1363 3164 1469 3231 eccle-

188 3263 255 3326 siae
282 3265 411 3326 nostrae
434 3262 613 3346 diaconum,
643 3264 696 3348 qui
719 3265 798 3327 tmrc
825 3253 1070 3346 praesenserat
1103 3286 1199 3349 quum
1226 3265 1384 3330 sanctitas
1408 3271 1469 3333 tua

188 3364 227 3428 ad
251 3364 282 3428 id
305 3362 435 3428 honoris
458 3365 649 3450 fastigatum
672 3365 798 3431 culmen
821 3368 931 3429 evecta
954 3368 1012 3448 est,
1036 3365 1156 3431 relatus
1171 3368 1229 3449 est,
1253 3368 1377 3452 gratiam
1394 3367 1467 3435 Deo

188 3468 298 3531 nostro
326 3465 530 3549 reddidimus,
560 3470 592 3531 et
620 3471 652 3531 te
680 3467 875 3533 decrevimus
904 3489 998 3552 quam
1026 3468 1165 3552 primurn
1187 3469 1248 3533 hac
1268 3468 1467 3537 humilitatis

135 3597 137 3601 ·
188 3569 317 3631 nostrae
339 3567 475 3652 epistola
501 3569 657 3633 salutare:
685 3574 721 3633 ut
749 3572 782 3634 et
804 3570 850 3634 sic
872 3570 1015 3653 affectus,
1048 3569 1101 3654 qui
1123 3571 1208 3634 inter
1229 3574 1318 3636 tuam
1342 3575 1465 3640 saneti-

186 3671 288 3733 tatem
311 3672 343 3732 et
365 3690 423 3733 nos
442 3669 567 3754 jamdiu
590 3671 717 3755 coaluit,
742 3673 777 3736 in
798 3671 937 3737 Domino
965 3671 1223 3738 corroboraretur
1244 3675 1277 3737 et
1298 3671 1338 3736 de
1354 3679 1466 3765 cetero

69 3775 85 3786 '
188 3773 345 3856 augeatur
367 3792 438 3835 cum
461 3771 570 3837 debita
593 3774 782 3857 reverentia,
806 3797 868 3859 qua
891 3774 983 3839 decet
1004 3774 1086 3838 filios
1108 3776 1234 3859 patrem
1254 3777 1418 3861 prosequi.

271 3873 302 3937 2.
341 3871 535 3955 Benedictus
558 3875 664 3960 itaque
686 3877 740 3960 qui
763 3876 908 3940 venitin
930 3877 1060 3941 nomine
1081 3876 1227 3951 Domini!
1269 3876 1346 3942 Jarn
1368 3877 1465 3945 forti-

186 3979 236 4039 ter
258 3975 424 4040 sanctitati
446 3980 520 4042 tuae
541 3977 756 4042 insudandum
779 3981 812 4041 et
834 3977 1050 4043 anhelandum
1072 3982 1131 4060 est,
1160 3982 1196 4043 ut
1217 3978 1301 4063 quod
1323 3983 1489 4064 sanctis-—

186 4077 285 4141 simus
308 4076 371 4141 Leo
393 4100 477 4162 papa
499 4080 631 4164 incepit,
662 4080 702 4144 ad
723 4079 960 4145 terminabilem
981 4081 1137 4166 perducas
1159 4080 1305 4163 limitem,
1330 4084 1464 4151 etcum

33 4178 328 4261 Jucsaoaxercitu
344 4178 503 4245 Gedeonis
526 4202 583 4266 per
604 4180 698 4246 tubas
720 4182 755 4245 in
777 4203 831 4245 ore
853 4182 986 4246 fortium
1008 4187 1238 4268 concrepantes
1260 4185 1294 4248 et
1307 4206 1368 4270 per
1381 4185 1464 4252 lam-

185 4281 283 4365 pades
319 4282 354 4345 in
388 4282 519 4348 robusta
550 4305 648 4348 manu
682 4282 821 4368 agitatas
854 4287 887 4348 et
922 4285 1094 4350 ventilatas
1129 4285 1315 4351 maledictos
1352 4309 1464 4355 muros

41 4380 316 4459 Jos.e,2o.-Jericho
335 4382 404 4466 jam
425 4384 521 4448 toties
549 4385 836 4450 anathematizatos
859 4390 893 4451 et
913 4390 1078 4472 quassatos
1100 4387 1256 4453 sanctitas
1278 4392 1336 4454 tua
1357 4389 1465 4458 faciat

185 4488 398 4568 prosternere.

253 4652 274 4720 ⁸)
293 4653 330 4722 αβ
348 4657 373 4706 ia
391 4659 495 4708 ommam
513 4661 626 4711 notitiam
643 4662 848 4727 quemadmodum
859 4663 970 4714 distem
981 4664 1112 4728 perferre.
1142 4660 1181 4714 L³
1198 4665 1224 4714 ia
1236 4666 1345 4716 omnim
1358 4676 1465 4723 norm

184 4755 239 4790 rnna
258 4735 287 4802 (b
305 4733 424 4799 noema,
443 4741 473 4792 ε’
487 4744 611 4811 fratrum)
629 4748 835 4811 quemadmodum
852 4749 963 4799 dietam
981 4750 1095 4800 notitam
1109 4750 1232 4816 perferre
1250 4749 1293 4815 (θ’
1311 4753 1446 4820 deferre).

253 4823 273 4888 ⁴)
292 4821 336 4876 Ita
352 4823 401 4893 ῥοῦ
412 4840 488 4893 seqq.
517 4826 548 4879 ln
565 4846 584 4879 α
599 4828 668 4881 nota
679 4827 810 4884 chronica
823 4828 1005 4897 desideratur,
1024 4830 1119 4886 L³L⁴b
1137 4834 1190 4909 Ill
1202 4834 1316 4888 Kalend.
1330 4838 1463 4893 rernm

187 4910 292 4963 Domino
311 4912 406 4962 Severo
425 4912 490 4976 Aup.
511 4930 579 4966 coar.
