3224 5506
131 344 195 411 560
601 360 629 408 s.
647 359 786 406 osussn
809 356 923 404 raras

133 515 259 582 Christo
290 535 374 576 mors
402 513 493 577 illata
521 535 611 576 reum
639 511 766 592 facitu)
800 533 868 574 esse
901 510 1079 574 diabolum:
1113 510 1185 595 quia
1216 509 1266 575 ubi

132 618 244 681 mortis
266 637 332 680 non
355 618 434 698 erat,
459 618 537 699 puta
551 616 731 699 peecatum,
755 613 800 678 ibi
823 613 948 696 peccati
964 635 1030 677 non
1046 612 1219 676 debebatur
1233 615 1286 697 et}

133 718 302 783 Sententia
323 717 514 801 praefigitur
535 716 585 781 vel
607 716 749 801 praefixa
772 719 821 779 est
843 736 967 800 semper
990 716 1105 780 errori:
1133 736 1212 800 quae
1236 736 1286 779 sen

132 819 256 906 huic¹⁵)
280 820 378 883 errori
400 819 551 903 praefixa,
575 841 740 903 nunquam
763 818 893 881 omnino
915 816 1099 882 resolvetur.
1134 816 1223 882 Sicut
1243 816 1286 881 cni

133 926 288 1006 quantum
316 926 364 986 est
385 923 453 1005 ipse
476 943 579 1004 error,
608 943 773 1004 nunquam
796 942 883 983 error
904 941 973 984 esse
996 919 1133 1003 desistit,
1161 920 1207 984 sic
1236 919 1286 983 a¹⁶⁴

132 1025 236 1088 tentia
258 1024 399 1107 praefixa
422 1045 587 1108 nunquam
609 1022 788 1105 resolvitur,
818 1022 892 1106 quia
921 1044 1019 1105 error,
1043 1021 1098 1107 qui
1120 1021 1286 1107 agnoscitu

133 1129 313 1208 damnatus,
339 1133 371 1189 et
393 1126 513 1209 eadem,
537 1125 687 1210 quamdiu
702 1128 813 1188 manet
828 1146 924 1208 error,
949 1124 1103 1209 probatur
1118 1123 1286 1188 adstrictus

133 1250 193 1312 que
217 1229 268 1312 qui
297 1229 377 1314 in¹⁷)
406 1250 443 1292 eo
471 1249 577 1292 errore
606 1231 697 1310 sunt,
726 1228 888 1291 sententia
917 1227 1032 1291 erroris
1062 1226 1210 1290 obstricti
1242 1247 1286 1290 sur

132 1329 283 1413 quamdiu
305 1330 340 1393 in
362 1352 399 1393 eo
422 1333 565 1413 manent,
589 1330 773 1394 nullatenus
803 1328 939 1394 absoluti
968 1339 1054 1412 sunt,
1084 1328 1169 1394 sicut
1189 1349 1251 1391 nec
1274 1327 1285 1390 i

133 1454 194 1515 quo
217 1436 294 1497 sunt
315 1433 449 1519 error¹⁸)
473 1432 657 1496 absolvitur.
688 1431 787 1496 Error
802 1433 888 1496 enim
910 1432 979 1516 ipse
994 1453 1161 1516 nunquam
1184 1429 1286 1494 venias

133 1537 282 1618 meretur,
307 1535 361 1597 sed
384 1536 438 1618 qui
462 1555 498 1598 eo
520 1535 677 1598 veraciter
701 1534 849 1617 caruerit,
881 1537 976 1617 atque
999 1533 1040 1597 ab
1063 1534 1132 1617 ejus
1155 1532 1286 1617 particip

133 1636 326 1722 disceditffl).
353 1634 511 1710 Quamdiu
533 1658 610 1721 ergo
632 1636 668 1700 in
691 1636 736 1700 eis
759 1639 818 1718 est,
842 1657 930 1700 error
945 1635 1185 1699 damnationem
1207 1656 1286 1698 suan

133 1760 359 1821 nunquamque
380 1739 558 1821 resolvitur,
593 1739 667 1823 quia
690 1761 777 1802 error
799 1759 925 1822 semper
946 1758 1084 1821 poenam
1106 1740 1255 1801 meretur.

133 1839 219 1923 cipes
242 1861 316 1903 vero
339 1840 407 1923 ejus
430 1843 486 1903 aut
508 1861 634 1924 semper
654 1843 731 1904 sunt
752 1840 820 1924 ejus
835 1861 957 1924 poenae
978 1839 1163 1925 participes,
1187 1838 1215 1903 si
1237 1840 1271 1902 in

132 1945 276 2025 perstare
299 1963 365 2005 non
388 1941 553 2025 desinant3
584 1945 639 2005 aut
666 1942 694 2005 si
717 1943 758 2005 ab
781 1942 937 2027 eodem'20)
960 1942 1162 2025 recesserint,
1185 1962 1281 2026 quam

133 2043 213 2107 facti
235 2047 310 2107 sunt
332 2044 373 2108 ab
396 2066 501 2108 errore
529 2047 562 2107 et
584 2044 624 2106 ab
647 2044 716 2127 ejus
738 2044 987 2127 participatione
1010 2043 1152 2125 discreti,
1182 2048 1250 2107 tam
1272 2066 1286 2107 e

133 2167 193 2208 nae
209 2144 277 2227 ejus
294 2148 388 2209 erunt
404 2137 636 2230 consequenter
649 2135 757 2209 alieni.
781 2145 886 2220 Quum
901 2146 1070 2231 erranti²¹)
1083 2167 1187 2229 poena
1202 2147 1286 2230 prael

133 2247 283 2329 quamdiu
305 2251 416 2311 manet
432 2269 553 2330 erranS,
578 2247 688 2311 eadem
704 2268 808 2331 poena
825 2247 1072 2331 constringitur3
1102 2247 1177 2331 quia
1199 2268 1286 2310 erran

133 2370 198 2411 non
221 2351 327 2433 potest
349 2349 418 2413 sine
448 2371 552 2433 poena
575 2349 713 2412 errantis
721 2350 771 2434 ²²),
801 2349 881 2412 haec
904 2348 1015 2413 eadem
1037 2370 1141 2432 poena
1168 2352 1286 2433 perpet

133 2471 358 2535 nunquamque
381 2450 543 2534 solvenda,
575 2451 726 2536 quamdiu
748 2473 858 2515 errans
882 2472 950 2514 esse
977 2451 1166 2535 perstiterit.
1211 2449 1271 2525 Qui

132 2573 208 2615 rans
231 2573 300 2615 esse
322 2552 491 2634 destiterit,
514 2574 629 2636 poena,
657 2576 738 2637 quae
762 2547 881 2617 erranti
905 2556 954 2616 est
975 2553 1118 2636 praefixa
1140 2557 1286 2637 perpetus

133 2653 265 2734 erranti,
289 2652 320 2716 id
344 2656 393 2716 est
415 2653 507 2717 alteri
531 2655 643 2719 effecto
666 2677 761 2738 quam
784 2656 834 2719 cui
857 2655 1000 2738 praefixa
1022 2657 1082 2736 est,
1112 2675 1179 2719 non
1206 2653 1286 2719 solur

133 2757 240 2837 potest
262 2775 329 2818 esse
351 2758 517 2839 perpetua,
547 2755 601 2819 sed
624 2778 684 2820 nec
708 2778 776 2820 esse
794 2757 863 2839 jem
885 2777 999 2841 poena.
1044 2755 1119 2820 Non
1143 2759 1192 2820 est
1213 2755 1286 2819 enin

133 2856 183 2919 cui
205 2856 347 2940 praefixa
369 2860 432 2920 est:
456 2859 577 2922 erranti
600 2859 686 2922 enim
700 2859 842 2943 praefixa
858 2862 916 2940 est,
939 2880 1006 2922 non
1021 2879 1087 2922 non
1103 2858 1237 2922 erranti.
1265 2854 1286 2932 Q

200 3046 231 3112 ¹⁴)
250 3044 321 3098 D⁹a'
333 3045 358 3098 c¹
371 3060 428 3112 seq.
446 3049 518 3110 feeit.
554 3044 619 3098 Mox
637 3047 661 3099 0¹
682 3044 787 3099 omittit
803 3055 867 3114 puta
882 3057 1026 3114 peccatam,
1049 3043 1098 3099 alii
1121 3044 1189 3100 editi
1213 3043 1286 3099 omitt

128 3135 239 3198 peccati.
262 3129 297 3182 D¹
310 3128 544 3182 D²D⁸D⁷D⁹F²¹¹
558 3132 606 3199 αβ
618 3130 704 3184 N³ua
717 3132 776 3199 (αβ
788 3134 833 3196 ibi)
845 3141 976 3198 peccatum
993 3150 1051 3193 uon,
1070 3130 1141 3184 d¹iu
1157 3140 1195 3185 eet
1210 3151 1286 3200 pecco

131 3215 233 3268 Totam
257 3214 329 3268 hanc
349 3213 496 3284 periodum
523 3231 585 3268 cum
611 3214 841 3270 antecedentibus
863 3214 1098 3284 sequentibusque
1124 3231 1225 3285 parum
1252 3216 1286 3270 co'

129 3299 225 3369 palam
243 3299 292 3352 est.
330 3297 409 3367 Quod
428 3315 461 3353 eo
479 3298 655 3354 referendum
673 3302 788 3354 monent
806 3318 868 3354 cum
885 3299 999 3368 Maffejo
1016 3282 1168 3367 Ballcrinii,
1191 3299 1286 3369 quod]

131 3384 222 3436 status
240 3383 418 3453 imperfectus
437 3401 470 3438 er
487 3384 652 3453 fragmentis
671 3383 851 3439 concinnatus
869 3383 914 3439 sit.

201 3470 231 3537 ¹⁶)
249 3468 286 3521 Ι)δ
298 3467 326 3521 d¹
346 3489 436 3523 errore
454 3480 569 3523 aunuente
588 3490 717 3539 nuncqunm
735 3476 834 3524 omnino
851 3478 1030 3532 resolveretur,
1049 3469 1125 3539 quod
1142 3470 1284 3540 glossema

200 3555 230 3620 ¹¹³)
248 3553 276 3605 d·
291 3552 320 3606 d'
338 3556 552 3624 suppresserunt
569 3576 585 3607 a
603 3571 666 3612 cum
677 3555 724 3621 N³‚
742 3556 771 3609 ct
789 3572 850 3609 curn
867 3554 903 3608 D¹
917 3555 953 3608 D*
972 3566 996 3608 er
1015 3557 1092 3622 (ante
1103 3559 1213 3624 eadem).
1242 3554 1286 3609 un

130 3636 206 3690 ditur
223 3639 283 3691 tum
300 3638 468 3705 sententiae,
487 3656 559 3707 quae
577 3638 687 3708 plectit,
706 3641 766 3692 tum
784 3639 898 3705 erroris,
917 3638 965 3708 qui
981 3638 1108 3709 punitur,
1126 3642 1240 3695 mutuus
1257 3641 1285 3694 ct

131 3721 194 3774 bilis
211 3739 297 3777 nexus
314 3722 365 3790 ita,
390 3726 421 3776 ut
443 3723 549 3778 ubisit
572 3739 661 3791 error,
685 3723 721 3777 sit
743 3727 772 3778 et
789 3724 939 3791 sententia,
962 3724 1011 3778 ubi
1032 3723 1134 3779 desinit
1152 3741 1244 3793 error,
1268 3743 1286 3780 o

131 3807 276 3862 sententia.

199 3894 229 3961 ¹⁷)
248 3890 276 3945 d¹
290 3892 319 3945 d²
337 3899 363 3947 ia
381 3912 480 3951 errore.
510 3893 623 3948 Rectius
642 3893 689 3948 alii
706 3893 770 3948 libri
788 3901 814 3949 in
832 3915 861 3949 eo
875 3915 980 3965 errore,
1000 3894 1044 3949 cui
1062 3894 1168 3951 scilieet
1185 3895 1251 3950 talis
1263 3911 1286 3950 ce

130 3976 184 4030 fixa
201 3977 346 4032 sententis.
376 3977 423 4033 Sic
439 3978 524 4049 paulo
542 3980 607 4034 ante
626 3978 727 4033 dicitur
745 4001 810 4050 quae
826 3986 953 4035 sententia
971 3983 1037 4049 (non
1055 3980 1229 4051 generaliter
1239 4001 1286 4036 era

128 4066 185 4115 laic
202 4069 289 4117 errori
304 4070 433 4131 praefixa.

197 4149 228 4216 ¹⁸)
246 4146 281 4200 D¹
294 4146 330 4200 D³
342 4148 379 4201 N³
397 4169 514 4212 errores,
537 4149 577 4203 F¹⁰
595 4155 702 4205 erroris.
742 4149 850 4206 Deinde
872 4150 908 4205 D'
927 4157 1070 4208 absolvetur
1089 4191 1124 4208 ...
1141 4156 1284 4207 resolvetur

128 4245 238 4286 armetur
255 4232 327 4300 (loco
342 4238 523 4302 promeretur).

197 4320 227 4386 ¹⁹)
245 4317 273 4370 d¹
297 4324 452 4376 discesserat.
490 4323 611 4384 Quamdiu
634 4340 696 4389 erpo
719 4327 745 4375 iu
768 4327 852 4392 aliquo
876 4333 914 4376 est
936 4342 1019 4377 error.
1059 4322 1132 4376 Illud
1157 4328 1184 4376 in
1201 4328 1286 4393 utiquo

128 4399 254 4456 additum
272 4404 327 4471 est,
347 4402 396 4470 qui
413 4420 513 4458 nexum
531 4403 613 4474 hujus
632 4405 786 4461 sententiae
806 4424 868 4461 cum
880 4405 1070 4477 superioribus
1088 4422 1144 4462 non
1156 4407 1225 4463 satie
1241 4423 1286 4478 per

194 4489 227 4554 ²⁰)
246 4486 275 4540 d'
293 4493 325 4542 ab
349 4509 454 4548 errore,·
476 4505 540 4543 mox
565 4491 636 4560 (loco
659 4495 742 4562 perdar)
760 4491 797 4545 Ι)7
815 4499 886 4562 quin,
911 4494 959 4562 αβ
977 4512 1039 4563 quo,
1061 4491 1204 4563 iidemque
1227 4491 1286 4547 dein

129 4573 190 4637 (pro
209 4573 278 4640 lam).

194 4656 289 4724 ²¹)1ta
306 4674 370 4711 mss.
389 4661 413 4713 c¹
428 4659 464 4714 (Ρ.
485 4660 512 4713 d¹
534 4665 592 4714 Cum
610 4667 685 4724 enirn,
705 4661 752 4716 alii
772 4666 818 4716 Cui
835 4668 936 4717 erranti
953 4661 1007 4731 (vel
1021 4665 1122 4732 errata).
1152 4661 1274 4732 Moxque

128 4743 271 4808 stringitur.

194 4825 225 4892 ²²)
243 4823 285 4879 lta
301 4842 365 4881 mss.
386 4829 410 4882 οΙ
424 4832 460 4895 a',
478 4831 529 4883 nisi
548 4831 623 4898 quod
640 4831 724 4886 1)·1)Ε
737 4833 773 4885 D⁹
792 4839 898 4887 erranti.
933 4831 989 4886 Alii
1007 4849 1070 4888 cum
1087 4832 1128 4886 Ffl
1146 4838 1238 4890 mett.

194 4909 227 4976 ²⁸)
245 4909 273 4961 d¹
294 4912 383 4965 omitt.
404 4920 473 4978 Quae
491 4922 591 4970 erranti
607 4923 679 4972 enim.
