3204 5506
230 371 291 436 124
486 398 491 411 ·
543 386 679 436 nemra
703 386 881 465 rnanvms
911 387 948 433 m
969 384 1177 434 uoeutsnae

227 550 356 606 Raronius
370 548 402 604 ad
418 567 442 605 a.
459 548 521 606 514
536 547 712 622 descripsere.
748 547 782 604 ile
804 549 916 603 veritate
939 545 1011 603 illius
1027 546 1103 602 nulio
1118 555 1199 621 pacto
1215 545 1340 604 dubitans
1355 547 1451 606 Gerva

228 634 371 691 Remorum
392 634 609 708 archiepiscopus
634 635 661 688 in
682 631 797 706 Philippi
819 632 828 688 l
854 630 1017 688 Francorum
1038 633 1111 707 regis
1135 633 1293 689 inunctione
1314 631 1422 697 baculo.

227 720 306 775 etiam
323 736 393 775 nune
408 720 435 774 in
451 718 605 792 Remigiana
626 717 733 774 basilica
752 734 813 773 cum
829 735 851 772 s.
869 716 982 791 Remigii
998 734 1113 790 corpore
1128 725 1289 780 asservatur,
1305 719 1331 773 iu
1347 734 1451 777 mauu·

227 813 306 878 cepto
323 803 407 877 palam
423 803 563 877 proiessus
585 811 635 866 est,
656 801 734 858 adse
754 803 890 877 pertinere
911 803 1139 858 consecrationem
1155 803 1239 877 regis.
1261 811 1289 858 et
1303 819 1353 876 per
1367 803 1451 863 hunc

227 889 325 952 carlum.
348 905 427 962 quem
444 887 563 962 gerebat,
585 905 645 943 curu
667 888 714 944 hac
735 895 870 961 potestate
893 889 976 943 totius
992 886 1090 943 Galliae
1105 889 1249 961 primatum
1265 895 1357 944 sancto
1373 887 1451 945 Rem

227 973 340 1047 ejusque
361 965 564 1030 suecessoribus
585 990 599 1027 a
615 972 734 1029 Romano
756 971 884 1046 pontilice
896 971 1024 1028 collatum
1040 971 1133 1028 luisse.
1165 971 1234 1028 ilinc
1248 981 1276 1029 et
1291 974 1318 1028 iu
1333 972 1451 1032 editioni

227 1059 403 1115 conciliorum
422 1059 497 1120 binii,
518 1057 646 1132 Luperca,
672 1056 767 1112 labbei
789 1059 903 1131 primum
924 1057 996 1112 inter
1011 1056 1138 1130 epistolas
1154 1056 1312 1113 llormisdae
1327 1054 1414 1114 lo'eum
1438 1057 1451 1115 l

228 1143 353 1200 obtinuit.
376 1145 396 1198 Α
409 1142 553 1199 Sirmondo
567 1141 674 1215 quidem
685 1143 711 1197 in
725 1142 815 1198 tomol
831 1142 1005 1198 conciliorum
1018 1141 1115 1198 Galliae
1127 1143 1315 1216 praetermissa
1326 1151 1377 1198 est.
1398 1143 1451 1200 Re

229 1228 348 1284 Labbcus
370 1227 544 1302 postmodum
566 1244 621 1282 eam
644 1244 704 1282 eatan
721 1227 820 1282 eruditi
841 1225 923 1298 hujus
939 1228 987 1283 viri
1004 1228 1075 1283 notis
1097 1228 1231 1301 postumis
1251 1245 1282 1283 ae
1301 1227 1451 1302 supplem

209 1313 258 1369 ,ad
275 1313 372 1369 calcem
390 1314 455 1370 torni
471 1312 503 1368 lV
522 1311 699 1368 coareiliorum
716 1311 881 1387 generalium
903 1311 1017 1367 recudit.
1050 1311 1158 1368 Remum
1179 1312 1235 1367 stili
1250 1311 1309 1384 ejus
1324 1329 1384 1369 earm
1398 1319 1451 1371 cet

229 1398 383 1475 llormisdae
404 1399 512 1472 scriptis
534 1398 715 1453 consensione
736 1405 826 1453 motus
848 1405 890 1453 est
910 1395 1049 1460 baronius,
1073 1404 1103 1452 ut
1122 1396 1193 1453 iliam
1210 1414 1364 1472 germanam
1379 1413 1451 1455 esse

227 1484 337 1539 (limaret.

313 1569 341 1624 2.
369 1559 465 1641 Neque
489 1576 576 1623 tamen
597 1575 642 1622 aut
658 1566 783 1623 Romanis
800 1566 996 1640 pontificiarum
1019 1566 1193 1642 epistolarum
1209 1566 1359 1624 editoribus
1373 1576 1422 1625 aut
1443 1583 1451 1622 ι

227 1653 447 1728 compilatoribus
463 1670 595 1709 canonum
612 1660 673 1708 nota
691 1651 750 1708 init.
774 1651 826 1708 Sed
844 1669 932 1726 neque
948 1653 975 1708 in
992 1651 1047 1708 uilo
1066 1651 1107 1708 vel
1122 1653 1206 1708 veteri
1222 1651 1315 1708 codice
1330 1652 1372 1708 vei
1386 1652 1451 1710 anti

227 1738 388 1795 collectione
403 1747 548 1813 comparet.
576 1736 669 1793 Falsus
686 1736 792 1811 quidem
808 1754 863 1793 non
879 1746 921 1794 est
936 1737 1065 1793 Raronins
1080 1738 1106 1793 iu
1123 1754 1155 1793 eo
1168 1736 1280 1808 judicio.
1306 1737 1379 1812 quod
1393 1737 1451 1793 dea

227 1825 406 1880 consensione
428 1823 498 1878 tulit.
548 1822 602 1878 Nec
616 1823 686 1878 enim
708 1823 777 1877 veris
795 1821 951 1878 hormisdae
972 1839 1027 1878 non
1049 1823 1190 1877 sententiis
1206 1822 1287 1878 modo
1309 1839 1399 1878 verum
1414 1829 1451 1878 et

227 1906 320 1964 verbis
330 1917 444 1971 constat,
461 1908 507 1964 sed
523 1925 555 1964 er
572 1907 630 1978 ejus
645 1907 677 1962 ad
689 1906 845 1963 Sallustium
853 1905 1034 1981 ilispalenscm
1051 1908 1207 1981 episcopum
1223 1907 1404 1981 epistolant
1420 1923 1451 1962 re

228 1995 293 2050 titis.
325 1994 407 2049 'lanta
428 2010 491 2049 vero
512 2002 554 2049 est
575 1991 729 2064 hujusmodi
751 1994 904 2056 consensio,
927 1999 956 2046 ut
977 1991 1039 2047 inde
1058 1991 1216 2048 alterutram
1238 1992 1331 2048 ialsam
1351 2009 1411 2048 esse
1430 2009 1451 2046 cs

228 2079 340 2136 liciatur.
373 2079 453 2152 Atqui
476 2077 607 2152 epistolae
628 2077 659 2132 ad
676 2076 833 2133 Sallustium
849 2079 988 2133 veritatem
1003 2077 1124 2132 codicum
1140 2078 1167 2132 iu
1183 2075 1280 2150 quibus
1296 2075 1451 2133 exhibetur.

227 2167 337 2221 ctoritas
359 2172 386 2220 et
406 2165 491 2237 ipsius
509 2162 664 2218 hormisdae
685 2164 712 2218 iu
734 2161 848 2236 epistola
869 2163 994 2235 sequenti
1017 2161 1047 2216 ad
1064 2161 1185 2217 Baeticos
1203 2160 1237 2218 de
1252 2161 1297 2218 ilia
1314 2155 1451 2219 testimonia

227 2251 332 2323 aliaque
348 2247 523 2305 indubitatam
541 2247 651 2304 iaciunt.
681 2245 775 2303 Restat
790 2248 882 2321 igitur,
905 2256 934 2303 ut
952 2247 1020 2303 hauc
1036 2245 1068 2302 ad
1083 2245 1234 2322 Remigium
1251 2247 1343 2304 salsam
1358 2264 1414 2304 esse
1426 2260 1451 2303 et

226 2333 374 2390 cludamus.

312 2437 340 2493 3.
372 2435 430 2491 Non
449 2452 490 2490 me
511 2433 591 2508 lugit,
614 2434 639 2490 id
660 2433 799 2490 nonnuliis
826 2435 937 2490 summis
958 2431 1132 2508 pontificibus
1159 2442 1255 2508 utpote
1285 2434 1451 2509 occupatissiu

227 2539 282 2578 non
303 2521 460 2576 inusitatum
480 2518 573 2582 luisse,
596 2527 625 2574 ut
646 2518 679 2573 de
701 2535 730 2574 re
752 2518 830 2575 simili
848 2519 879 2574 ad
901 2519 1022 2575 diversos
1039 2518 1133 2575 iisdem
1149 2535 1218 2592 pene
1233 2517 1321 2576 verbis
1336 2517 1451 2576 scriberet

228 2611 261 2661 ht
284 2603 450 2661 llormisdam
473 2603 522 2659 alia
543 2605 647 2659 ratione
672 2621 699 2659 se
716 2605 835 2677 gessisse
852 2612 936 2660 testes
960 2611 1024 2660 sunt
1043 2605 1128 2678 ipsius
1149 2603 1289 2677 epistolae.
1327 2604 1391 2661 Nam
1410 2619 1451 2678 qua

228 2690 325 2747 multas
341 2689 484 2745 babeamus
500 2688 534 2745 de
550 2689 641 2744 eadem
657 2706 694 2758 re,
717 2698 783 2764 puta
804 2688 838 2744 de
854 2685 923 2769 litiae
939 2688 1057 2746 Rhomae
1072 2696 1100 2744 et
1115 2688 1260 2745 Nicostrati
1274 2707 1361 2754 causa.
1382 2687 1414 2745 dc
1425 2704 1451 2747 eu

227 2777 357 2832 troversia
373 2792 387 2829 a
402 2774 508 2848 Scythis
526 2774 662 2832 monachis
678 2775 799 2837 excitata,
820 2773 852 2829 ad
869 2772 988 2830 divers'os
1009 2775 1131 2847 scriptas,
1153 2774 1240 2830 nullas
1260 2781 1349 2831 nmen
1360 2766 1451 2848 'peda

227 2861 278 2918 bus
292 2859 381 2916 verbis
397 2877 451 2916 non
468 2876 608 2933 expressas
629 2858 863 2932 deprehendimus.
895 2859 922 2915 Si
943 2860 1003 2933 quis
1024 2867 1113 2914 autem
1132 2860 1294 2934 suspicetur,
1314 2859 1386 2916 hunc
1399 2874 1451 2934 pap

226 2949 253 3002 in
276 2946 411 3002 communi
431 2944 573 3019 privilegio
594 2942 759 3000 conferendo
783 2960 860 2999 usum
883 2961 942 3001 esse
964 2943 1078 3000 iormula
1099 2945 1244 3006 communi,
1266 2943 1307 3001 vel
1327 2944 1381 3000 hoc
1399 2942 1451 3001 salt«

227 3030 382 3105 perpendat,
400 3030 473 3104 quod
489 3046 571 3102 quum
587 3029 645 3085 aliis
661 3030 793 3103 episcopis
810 3028 841 3085 ab
859 3028 1015 3085 hormisdae
1037 3030 1093 3085 sive
1108 3027 1297 3087 decessoribus
1318 3030 1375 3085 sive
1389 3044 1451 3089 sucu

227 3114 334 3173 soribus
355 3133 482 3172 concessa
503 3116 557 3169 sint
578 3114 673 3170 similia
697 3115 846 3189 privilegia,
868 3114 936 3170 hanc
957 3113 994 3170 illi
1010 3113 1151 3170 formulam
1171 3131 1284 3189 prorsus
1300 3116 1451 3190 ignorareri

228 3202 274 3257 Vix
294 3209 368 3257 certe
389 3203 529 3275 quisquam
545 3199 595 3255 sibi
610 3201 784 3273 persuaserit,
801 3198 950 3273 Remigium
965 3198 1178 3274 Sallustiumque
1193 3199 1226 3255 ad
1242 3199 1409 3257 Rormlsdam
1427 3218 1451 3259 sc

227 3287 321 3342 hentes
338 3287 374 3341 ita
390 3288 418 3341 in
435 3283 552 3341 eamdem
569 3283 702 3340 scribendi
718 3285 849 3340 rationem
871 3286 1049 3358 conspirasse,
1073 3292 1102 3340 ut
1122 3283 1289 3349 rescribendi
1307 3302 1342 3341 ne
1357 3284 1451 3342 exordia

227 3370 334 3444 quidem
350 3379 453 3427 mutare
469 3386 536 3443 opus
553 3368 643 3425 luerit.

311 3472 340 3528 4.
367 3471 413 3528 Est
428 3479 456 3527 ct
470 3469 535 3526 iilud
551 3486 607 3526 nou
623 3469 730 3526 levioris
747 3471 883 3533 momenti.
899 3470 973 3545 quod
985 3470 1125 3526 llormisda
1141 3470 1262 3547 Remigio
1277 3472 1349 3529 vices
1364 3487 1425 3528 suas
1434 3488 1451 3545 p

227 3572 308 3613 omne
328 3572 447 3630 regnum
468 3555 601 3612 Cledooei
620 3556 773 3610 committit.
809 3554 884 3612 Unde
909 3573 955 3612 rer
975 3555 1020 3612 ille
1042 3555 1129 3612 adbuc
1148 3565 1288 3630 superstes
1310 3557 1429 3631 ponitur.

227 3640 348 3697 eruditos
364 3642 435 3696 iuter
447 3639 501 3711 jam
517 3640 651 3700 convenit,
667 3647 694 3695 et
710 3638 877 3696 hormisdam
893 3658 963 3697 anno
980 3640 1116 3697 dumtaxat
1127 3641 1188 3698 514
1204 3641 1310 3698 iubenti
1320 3636 1392 3698 Petri
1403 3630 1451 3698 sed

227 3742 286 3781 esse
307 3724 437 3788 electum,
460 3734 487 3781 et
508 3723 671 3780 clodoveum
694 3725 810 3781 triennio
831 3735 907 3789 ante,
935 3743 1005 3782 anno
1026 3726 1129 3784 scilicet
1151 3725 1221 3797 511,
1248 3741 1404 3800 supremum
1423 3725 1451 3782 di

226 3809 335 3866 obiisse.
366 3809 448 3881 Cujus
463 3811 574 3865 rationis
587 3812 638 3865 vim
654 3811 774 3866 sentiens
791 3809 948 3866 Guilielmus
964 3810 1092 3867 hiarlotus
1109 3819 1223 3885 metrop.
1241 3809 1315 3867 Rem.
1333 3810 1396 3868 hist.
1412 3809 1451 3868 lib.

226 3895 277 3952 ci)
294 3903 411 3950 erratum
426 3896 453 3951 in
469 3895 644 3968 inscriptione
660 3894 802 3967 coniectat,
819 3912 848 3950 ac
863 3912 913 3968 pro
930 3895 1262 3953 HormisdaAnestasium
1274 3896 1391 3969 forsan,
1407 3913 1451 3972 cuj

226 3987 324 4038 exstat
339 3982 379 4037 ud
393 3981 560 4038 Ciodooeom
581 3982 701 4053 epistole
723 3984 819 4036 statim
839 3998 875 4036 ec
902 3981 1014 4038 Christo
1030 3997 1130 4037 nomen
1148 3982 1277 4045 dederat,
1299 3982 1451 4054 reponenda

226 4082 298 4123 esse.
336 4065 434 4121 Verum
455 4065 517 4121 lieet
539 4064 720 4137 conjecturam
734 4064 813 4121 illam
835 4064 998 4139 probabilem
1027 4065 1122 4121 iaciant
1143 4067 1254 4141 egregia
1275 4067 1361 4123 sancti
1382 4065 1451 4125 Remi

226 4153 328 4215 merita,
350 4153 446 4225 ingens
462 4150 570 4214 laetitia,
593 4167 671 4224 quam
687 4150 720 4206 de
736 4149 898 4206 Francorum
919 4167 984 4226 rege
1005 4168 1035 4206 ae-
1050 4159 1133 4225 gente
1147 4142 1179 4206 ad
1195 4149 1274 4207 iidem
1291 4149 1451 4209 conversis}

226 4252 302 4292 mana
322 4235 434 4294 ecclesia
454 4237 583 4310 percepit,
606 4243 687 4308 atquc
708 4235 792 4308 ipsius
814 4237 945 4291 Anastasii
966 4234 1057 4305 eadem
1079 4235 1256 4311 gratulatoria
1277 4236 1309 4292 ad
1330 4235 1451 4293 Clodorea

226 4321 354 4394 epistola:
370 4321 444 4377 nulla
460 4328 547 4376 tamen
563 4321 723 4377 auctoritate
740 4319 858 4381 inicitur,
874 4321 954 4375 immo
970 4322 1137 4396 argumentis
1153 4321 1210 4377 aliis
1226 4330 1254 4377 et
1268 4320 1450 4396 improbabilis

226 4406 291 4461 iaisa
307 4407 484 4462 convincitur.

311 4508 339 4563 5.
370 4508 459 4564 Primo
476 4507 583 4580 quidem
602 4509 654 4563 hue
669 4506 739 4563 redit
754 4515 943 4581 argumentum
960 4509 1084 4582 superius
1105 4525 1136 4563 er
1152 4524 1185 4563 eo
1201 4510 1357 4582 repetitum,
1378 4507 1450 4583 quod

227 4592 292 4647 haec
307 4592 422 4666 epistola
442 4592 568 4649 etaltera
587 4592 743 4648 hormisdae
755 4592 786 4646 ad
803 4591 967 4656 Sallustimu.
989 4594 1012 4648 si
1027 4610 1127 4667 paucos
1143 4594 1259 4666 excipias
1276 4611 1379 4656 versus.
1399 4592 1451 4676 iisd

227 4677 335 4732 omnino
354 4676 440 4733 verbis
456 4686 598 4733 coratextae
618 4679 682 4733 siut.
720 4677 887 4733 hormisdam
909 4694 972 4734 vero
990 4677 1120 4734 disertum
1136 4675 1291 4752 pontificem
1312 4678 1451 4736 edeeessu

226 4763 327 4835 scripto
343 4761 421 4817 verba
443 4780 491 4818 sua
512 4764 550 4818 sie
566 4771 716 4818 mutuatum
738 4779 806 4826 esse,
829 4780 908 4819 nemo
929 4763 1005 4820 iacile
1025 4762 1179 4820 crediderit.
1224 4762 1324 4820 Reiude
1346 4781 1401 4838 quo
1416 4781 1451 4838 pu

226 4848 316 4920 potuit
336 4848 491 4903 Anastasius
513 4846 634 4922 Remigio
657 4851 734 4904 vides
753 4865 823 4904 suas
841 4865 897 4920 per
920 4864 1000 4905 omne
1021 4866 1140 4924 regnum
1163 4850 1296 4907 Clodoeei
1314 4851 1451 4906 committe

227 4949 309 5007 quum
324 4950 379 4990 uon
394 4933 431 4990 ita
445 4932 548 5008 pridem
563 4932 737 5008 Symmachus
754 4933 876 4992 Caesario
897 4934 1047 4994 Arelatensi
1067 4936 1195 5011 episcopo
1216 4937 1243 4992 iu
1259 4933 1390 4992 mandatis
1407 4933 1451 4992 ded
