3204 5506
255 317 316 382 128
737 331 764 380 a.
781 330 904 378 nunni
927 331 1041 378 Paean

252 481 336 550 κατά
380 481 442 568 τὴν
481 483 859 565 Κωνσταντινοάπολιν,
911 485 984 567 lim,
1009 485 1114 549 dicere
1136 507 1202 549 non
1225 484 1340 568 debeo,
1369 485 1534 569 quoniam

252 588 363 669 λέγειν
399 584 462 651 οὐκ
495 585 640 671 ὀφείλω,
679 586 860 670 ἐπειδήπερ
912 587 1084 651 manifesta
1116 587 1290 651 necessitas
1317 590 1403 670 erat,
1447 608 1535 672 quae

253 685 384 772 φανερά
398 681 441 772 ἦν
456 686 598 773 ἀνάγκη,
614 685 738 773 η’τιςτά
753 687 861 771 γράμ-
912 710 962 751 rne
991 689 1115 753 litteras
1144 689 1319 753 beatissimi
1350 711 1462 775 papae
1490 689 1534 754 od

251 815 338 875 ματα
370 795 432 855 τοῦ
465 791 723 875 μακαριωτάτου
757 789 860 854 Πάπα
912 795 1052 854 vestram
1081 791 1284 856 clementiam
1312 782 1458 856 directas
1483 791 1535 856 os·

252 890 336 976 πρδς
346 889 408 976 την
419 888 585 977 ὑμετέραν
596 895 861 976 φιλανθρωπίαν
912 892 996 955 ferre
1025 893 1244 977 compelleret,
1275 897 1312 958 ut
1339 894 1471 978 pariter
1498 898 1536 959 et

252 993 482 1060 ἀποσταλέντα
506 995 631 1059 δοῦναί
654 1018 695 1079 με
718 998 763 1079 τῷ
786 993 860 1057 δια-
912 998 1037 1058 vestrae
1059 995 1172 1078 pietati
1196 1017 1233 1058 ac
1255 995 1476 1060 invictissimo
1497 1000 1536 1060 et

252 1099 418 1181 κομιζοντι
441 1094 637 1180 ἠνάγκαζεν,
660 1093 702 1159 ἵν’
718 1092 786 1178 ἅμα
805 1095 860 1159 καί
913 1095 1178 1160 christianissimo
1206 1096 1345 1181 principi
1379 1097 1535 1162 officium

251 1203 311 1283 τῆς
332 1195 494 1282 ὑμετέρας
517 1196 688 1280 εὐσεβείας
716 1197 771 1260 καί
799 1200 860 1260 τοῦ
912 1198 995 1282 quod
1018 1197 1173 1261 debebam
1187 1199 1406 1263 venerationis
1426 1199 1534 1264 exsol-

252 1296 416 1384 ἀηττήτου
439 1298 770 1382 Χριστιανικωτάτου
797 1300 860 1380 βα·
912 1320 1028 1363 verern.
1051 1299 1114 1364 Sed
1124 1298 1200 1364 huic
1213 1322 1356 1385 congruo
1367 1323 1445 1366 meo
1456 1323 1533 1387 pro

253 1401 371 1477 σιλέως
385 1398 422 1465 τδ
431 1406 597 1484 καθῆκον,
607 1399 690 1484 ὅπερ
698 1399 860 1484 ὤφειλον,
911 1401 1016 1485 posito
1027 1401 1106 1466 illud
1120 1402 1387 1486 impedimentum
1404 1388 1532 1488 eienit,

252 1500 290 1567 τδ
313 1500 396 1567 κατά
418 1502 481 1588 την
501 1507 691 1586 θρησκείαν
710 1503 861 1584 ἐναργῶς
912 1503 995 1586 quod
1017 1504 1159 1567 omnium
1181 1504 1336 1569 bonorum
1355 1505 1534 1571 inimicum

252 1603 420 1670 ἀποτίσαι.
452 1602 549 1669 Ἀλλά
572 1608 613 1689 τῇ
636 1603 796 1687 προθέσει
819 1608 860 1689 τῇ
912 1607 961 1668 est
988 1608 1021 1668 et
1048 1604 1305 1671 Christianorum
1335 1607 1534 1694 ingemiscit

253 1707 318 1792 ἐμῇ
339 1709 379 1792 τῇ
401 1704 510 1782 οὕτως
532 1706 605 1790 ἱερᾷ
623 1706 859 1790 προσέμποδον
912 1707 1059 1789 affectus,
1098 1706 1158 1772 hoc
1186 1710 1251 1791 est,
1281 1707 1534 1776 Alexandrinus

253 1808 386 1892 ἐγένετο
410 1809 538 1889 έκεῖνο,
566 1804 603 1871 τδ
633 1807 770 1872 πάντων
791 1810 860 1871 τῶν
912 1809 1079 1893 episcopus
1095 1810 1129 1874 in
1151 1811 1358 1875 damnatione
1381 1812 1533 1879 virorum

252 1907 393 1993 ἀγαθῶν
416 1906 542 1994 έχθρδν
570 1909 626 1973 καί
653 1908 673 1973 δ
699 1913 856 1991 Χριστια-
911 1911 1156 1995 inculpabilium
1168 1913 1427 1997 potentissimus.
1442 1913 1533 1981 Nam

251 2016 323 2078 νῶν
350 2009 370 2097 ἡ
402 2011 554 2087 διάθεσις
583 2008 807 2094 ἀποδάρεται,
841 2007 859 2074 ὁ
911 2015 1118 2097 posteaquam
1144 2013 1284 2098 injustae
1311 2015 1383 2099 ejus
1413 2016 1532 2082 volun·

249 2112 499 2197 Ἀλεξανδρείας
534 2113 716 2188 ἐπίσκοπος
750 2109 767 2176 ὁ
805 2112 860 2177 inl
911 2115 972 2178 tati
1002 2119 1098 2200 atque
1131 2117 1310 2181 sententiae
1346 2120 1532 2186 communi·

251 2220 292 2301 τῇ
315 2216 477 2301 καταδίκῃ
493 2219 562 2280 τάν
578 2211 782 2280 ἀνενθύνων
798 2215 856 2278 δυ-
913 2238 984 2280 care
1006 2239 1073 2281 non
1095 2218 1200 2301 potui,
1232 2218 1271 2282 ad
1300 2217 1388 2284 aliud
1420 2220 1532 2287 conci·
1585 2213 1592 2228 ⁴

250 2318 362 2394 νατός.
395 2314 492 2382 Μετὰ
506 2313 571 2399 γάρ
587 2316 625 2381 τό
640 2338 681 2400 με
695 2319 736 2400 τῇ
752 2313 857 2402 ἀδίκῳ
912 2319 989 2382 lium
997 2319 1023 2404 ²)
1051 2319 1228 2384 terroribus
1264 2323 1361 2405 atque
1395 2321 1533 2389 insidiis

252 2416 358 2484 αὐτοῦ
380 2418 497 2504 γνώμη
520 2420 576 2482 καί
599 2414 766 2502 ἀποφάσει
787 2442 859 2484 κοι-
911 2443 961 2485 me
977 2443 1107 2485 evocare
1124 2425 1256 2486 conatus
1275 2424 1339 2487 est:
1362 2427 1533 2508 quatenus

251 2531 376 2586 νωνείν
397 2518 643 2605 μὴδύνασθαι,
667 2521 868 2604 συνήλασεν
910 2545 971 2604 me,
995 2523 1078 2607 quod
1095 2523 1189 2607 absit,
1209 2527 1265 2588 aut
1279 2523 1533 2593 seductionibus

253 2624 300 2699 είς
321 2621 429 2707 ἀλλην
451 2617 613 2699 σύνοδον,
635 2620 788 2699 ἀπειλαῖς
803 2623 859 2687 καί
909 2625 1031 2688 faceret
1054 2626 1234 2689 consentire
1249 2625 1289 2688 ad
1305 2626 1533 2694 condemnan-

215 2722 860 2809 -έπιβονλαίςπροσκαλούμενος·πρδς
910 2725 985 2789 dum
1039 2727 1275 2791 sanctissimum
1329 2726 1533 2797 Flsuauum

251 2826 290 2891 τό
312 2849 364 2910 με,
387 2822 471 2909 ὅπερ
494 2822 642 2908 ἀπέστω,
671 2824 693 2910 ἢ
715 2827 749 2904 ἐξ
771 2826 857 2892 ἀπά-
910 2827 1104 2913 episcopum,
1130 2832 1185 2892 aut
1207 2829 1417 2896 resistentem
1438 2836 1533 2900 tane·

251 2951 309 3011 της
331 2927 528 2993 συναινέσαι
552 2929 599 3004 είς
620 2926 657 2992 τὸ
675 2928 859 2994 καταδικά-
910 2934 975 3012 ret,
1009 2933 1046 2993 ut
1072 2928 1153 2994 mihi
1180 2932 1246 2996 noir
1275 2935 1362 2996 esset
1389 2931 1535 3001 licentis

252 3046 307 3093 σαι
346 3028 407 3094 τὸν
443 3025 629 3112 άγιάτατον
663 3027 859 3113 Φλαβιανδν
910 3030 950 3093 ad
978 3032 1132 3115 pietatem
1166 3036 1304 3096 vestram
1336 3032 1534 3103 Constanti·

207 3123 213 3135 ’
251 3128 311 3196 τδν
334 3132 536 3213 ἐπίσκοπον,
565 3128 858 3216 ἢάνθιστάμενον
909 3132 1051 3216 nopolim
1066 3156 1261 3218 percurrere,
1279 3139 1337 3199 aut
1353 3136 1533 3205 stoma·

251 3233 413 3317 κατέχειν,
428 3234 485 3297 ἵνα
500 3257 556 3317 μοι
571 3230 615 3317 μη
630 3232 761 3315 γένοιτο
776 3232 858 3318 μήτε
909 3255 985 3297 nam
1008 3235 1175 3300 ecclesiam
1197 3257 1352 3301 remeare.

251 3339 312 3399 τοῦ
341 3335 522 3419 ἐκδραμεῖν
557 3330 640 3417 πρδς
669 3332 730 3417 την
761 3332 857 3399 εὐσέ-

250 3438 348 3520 βειαν
362 3433 424 3520 τὴν
440 3432 605 3519 ὑμετέραν
621 3434 675 3500 καὶ
688 3431 750 3519 τὴν
759 3439 858 3501 Κων-

251 3537 551 3620 σταντινούπολιν,
592 3535 614 3620 ἢ
651 3534 858 3622 ἀναδραμεῖν

252 3639 299 3715 είς
320 3636 382 3722 την
400 3636 524 3722 Ῥώμης
547 3638 729 3722 ἐκκλησίαν
750 3661 857 3722 παρα-

177 3766 180 3778 ·
252 3743 387 3823 σχεθείη
410 3737 517 3805 άδεια.

313 3839 857 3927 2.”ομωςτεθάρρηκα,βοηθοῦν-
978 3845 1009 3910 2.
1074 3846 1304 3912 Verumtamen
1358 3851 1531 3917 confidens

250 3966 305 4020 τος
331 3948 392 4008 τοῦ
420 3947 570 4026 Χριστοῦ
603 3949 664 4009 τοῦ
692 3941 857 4029 ἡμετέρου
909 3946 981 4032 de³)
1005 3948 1122 4012 auxilio
1138 3948 1258 4013 Christi
1280 3951 1385 4015 nostri
1402 3951 1486 4037 Dei,
1510 3977 1531 4018 a

248 4049 346 4129 θεοῦ,
369 4041 434 4110 ἀπδ
454 4048 513 4130 τῆς
527 4047 708 4130 καταδίκης
722 4052 784 4111 τοῦ
800 4045 855 4112 εδ
910 4049 1114 4114 damnatione
1129 4051 1381 4117 reverentissimi
1400 4057 1436 4118 'et
1450 4076 1529 4120 san-

250 4148 457 4233 λαβεστάτου
501 4148 557 4213 καὶ
599 4145 697 4214 ὁσίου
733 4146 858 4232 ἀνδρὸς
910 4151 1044 4216 ctissimi
1072 4153 1132 4216 viri
1159 4153 1366 4219 innocentem
1393 4177 1450 4239 me
1477 4157 1529 4222 in·

249 4247 366 4316 ἀδῶόν
394 4274 435 4335 με
468 4251 526 4315 καὶ
557 4249 716 4333 ἀκέραιον
746 4251 857 4334 φυλά-
908 4256 1098 4339 tegrumque
1137 4256 1276 4340 servavi3
1318 4255 1398 4322 licet
1432 4259 1529 4324 nulla

317 4544 338 4610 ¹)
358 4541 389 4595 δ’
408 4547 547 4605 consilum,
571 4540 647 4611 quod
664 4543 811 4597 contextus
828 4539 957 4610 flagitare
974 4542 1096 4613 ridetur,
1121 4544 1171 4600 sed
1192 4560 1244 4600 nec
1265 4545 1354 4601 codex
1374 4546 1451 4603 ullus
1472 4565 1530 4606 nec

251 4623 371 4682 Graecus
387 4626 524 4697 interpres
541 4627 635 4681 habet.
1385 4697 1393 4706 ⁸

318 4714 338 4778 ³)
356 4711 399 4765 Ita
417 4711 450 4763 d¹
473 4711 625 4767 secundum
650 4711 821 4781 exemplaria
851 4711 1021 4768 collectionis
1043 4713 1286 4784 Calchedonensis‚
1311 4715 1414 4772 Veuot
1432 4722 1470 4774 ’19
1497 4720 1529 4776 st

249 4797 356 4850 textum
374 4795 520 4862 Graccum,
537 4796 590 4850 nisi
608 4795 759 4866 quodVat.
772 4802 840 4850 4166
858 4796 995 4852 etVenet.
1007 4806 1039 4854 79
1057 4799 1190 4855 omittunt
1201 4806 1298 4856 Christi
1313 4807 1407 4859 norm.
1436 4802 1473 4856 δΙ
1493 4810 1529 4859 de

249 4886 347 4934 οιιπίίίο
367 4884 468 4941 Christi.
487 4888 555 4951 quod
571 4889 663 4937 attinet
680 4887 716 4936 ad
733 4887 916 4944 damnationem
933 4891 1137 4940 reverendissimi
1153 4888 1205 4940 ate.
