3204 5506
121 102 162 166 88
468 115 604 164 norum
626 115 778 163 sensnm
802 117 839 163 m
861 114 1042 164 sisinnum

60 292 66 299 ·
123 296 238 354 quorum
254 281 357 354 prinms
372 287 400 334 et
414 285 568 353 postremus
585 278 713 340 inchoati,
735 278 790 333 duo
806 278 885 333 medii
900 276 990 340 solidi,
1015 279 1196 337 intercedunt.
1225 282 1314 356 Aegre
1329 298 1390 339 rere

122 366 222 441 Papius
237 381 297 421 cum
320 365 448 438 opinione
468 380 518 419 sua
535 380 698 438 cornponerc
720 372 815 438 queat,
838 363 911 437 quod
932 362 1033 420 laudati
1052 366 1201 439 scriptores
1222 365 1392 431 Theodorus,

123 450 301 524 Theophanes
323 466 352 504 ac
374 449 540 522 Nicephorus
563 447 660 505 ibidem
681 447 824 520 adjiciunt,
851 447 985 504 tumultus
1011 466 1107 524 nempe
1128 458 1156 507 et
1179 453 1392 516 contentionem,

123 534 273 610 Symmachi
289 551 370 608 opera
383 534 486 589 dimoto
502 535 535 591 de
551 536 708 609 episcopam
725 545 752 590 et
767 533 793 589 in
810 534 917 590 exilium
931 535 1010 609 pulso
1022 533 1177 599 laurentio,
1192 536 1305 595 ,tandem
1321 539 1394 611 quic·

124 624 202 677 visse.
234 619 298 675 1155
320 619 425 694 synodo
447 619 580 676 Romanae
601 637 672 676 anno
694 619 754 677 502
777 619 927 676 celebratae
943 622 1054 692 Aprilis
1076 623 1231 693 episcopos
1250 626 1397 680 ecciesiae

125 708 293 763 ll'uccrinac
307 704 477 778 subscripsit.
502 704 537 760 En
554 721 608 778 quo
624 707 757 778 sequitur.
775 713 804 759 ut
816 703 870 775 jam
887 713 964 762 antea
980 704 1170 762 laurentiaca
1182 707 1318 763 h'ucerina
1332 707 1397 765 sede

124 792 254 866 depulsus
277 791 367 847 luerit.
400 790 427 845 Sl
449 799 538 847 autcm
554 790 690 847 Laurentii
708 790 894 864 expulsionem
915 793 1063 864 praecessit
1085 790 1236 864 Symmachi
1258 793 1398 869 purgatio,

124 876 254 951 synodus,
271 878 297 932 in
315 893 367 949 qua
382 885 514 950 purgatus
531 885 581 937 est.
598 885 660 932 ante
676 893 737 931 moa
753 875 849 931 dictam
862 892 932 931 anno
945 875 1005 933 502
1018 874 1177 932 celebratam
1189 877 1327 951 portenda,
1344 894 1400 948 non

125 971 187 1037 post
203 961 349 1017 dillercnda
365 970 415 1016 est.
452 960 517 1017 Crrrn
538 962 580 1016 his
602 963 681 1017 etiam
697 963 822 1034 apprimo
843 961 971 1016 cohaeret
994 960 1115 1032 ejusdem
1130 961 1227 1035 synodi
1244 980 1319 1019 anno
1337 962 1400 1022 502

126 1046 230 1104 habitae
242 1048 420 1120 prooemium,
442 1047 469 1101 in
486 1063 540 1120 quo
563 1048 602 1102 sie
623 1047 761 1120 praelator
776 1046 965 1119 Symmachus,
988 1054 1018 1102 ut
1038 1062 1107 1120 quae
1129 1046 1162 1102 de
1184 1047 1292 1103 clericis
1312 1050 1402 1122 ipsius

125 1132 246 1206 synodus
268 1133 379 1188 Fausto
403 1133 510 1188 Aniene
532 1135 648 1188 currente
670 1130 759 1186 hahita
779 1130 942 1195 decreverat,
965 1131 1065 1187 diserte
1081 1140 1212 1188 maritaret
1226 1141 1311 1207 atque
1326 1150 1404 1190 com·

127 1216 244 1274 mendet.
277 1216 386 1272 licnmm
403 1233 486 1290 qrrum
503 1217 654 1290 Symmachi
678 1214 852 1290 pontificatus
873 1215 905 1271 ad
933 1216 1119 1290 expulsionem
1146 1233 1233 1292 risque
1259 1216 1404 1277 Laurentii

127 1301 301 1359 interturbari
322 1319 352 1356 ac
366 1301 495 1356 ¹vacillare
517 1320 571 1357 non
592 1302 737 1364 destiterit,
761 1302 851 1356 omnia
872 1299 930 1369 ejrrs
947 1300 1025 1357 rerba
1041 1303 1068 1357 in
1084 1302 1208 1364 concilio,
1230 1303 1308 1378 qarod
1330 1320 1405 1361 5550

128 1388 189 1446 502
205 1386 357 1449 celebravit,
380 1386 535 1460 pontiliccm
556 1388 668 1460 spirant,
691 1388 782 1460 quiin
803 1385 935 1459 dignitate
950 1403 998 1441 sua
1015 1385 1181 1450 obfirmatus,
1204 1405 1234 1442 ea
1253 1387 1313 1459 jam
1329 1397 1405 1446 trau·

129 1473 229 1547 quillus
250 1471 391 1546 gauderet.
423 1471 531 1527 Etiamsi
543 1472 636 1545 igitur
659 1472 767 1545 utrique
788 1469 894 1543 synodo
916 1470 1043 1527 deessent
1057 1472 1213 1528 consulares
1230 1482 1324 1536 uotae,
1348 1488 1406 1530 uon

128 1559 256 1614 deessent
271 1566 429 1629 argumenta
445 1557 549 1618 blanca,
566 1555 664 1630 quibus
676 1573 742 1618 eam,
760 1572 838 1629 quam
854 1553 1020 1627 subjicimus,
1036 1557 1198 1613 anteriorem
1211 1574 1273 1614 esse
1289 1557 1406 1617 demon·

128 1652 274 1698 straremus
290 1642 382 1703 altera,
400 1658 469 1715 quae
485 1659 556 1699 5550
573 1642 633 1699 502
650 1640 739 1697 babitu
755 1649 807 1698 est.
819 1634 838 1713 ¹)

212 1727 241 1782 4.
280 1728 333 1783 Cur
355 1737 445 1783 autem
466 1735 573 1801 quarta
594 1729 622 1783 ln
638 1744 701 1782 mss.
719 1726 910 1782 collectionum
928 1725 1053 1783 lladriani
1075 1736 1101 1783 et
1117 1727 1212 1784 lsldori
1228 1728 1405 1795 inscribatur,

128 1831 178 1870 uec
194 1829 302 1869 ruoverc
317 1830 367 1868 nos
389 1829 438 1869 nec
464 1813 593 1869 distinere
609 1812 710 1869 diutius
726 1809 814 1867 debet.
844 1810 900 1867 lloe
915 1813 986 1867 cuim
1002 1813 1035 1875 ei,
1057 1813 1102 1886 qui
1119 1812 1243 1869 lladriani
1259 1815 1404 1873 551155110-

129 1916 190 1956 555
212 1900 392 1962 concionavit,
414 1891 563 1969 tribuere²l
578 1898 649 1960 licet,
666 1898 824 1971 pracsertim
840 1913 922 1970 quum
946 1897 1038 1952 cadem
1053 1897 1175 1970 synodus
1191 1915 1283 1973 neque
1300 1900 1327 1956 in
1344 1898 1405 1958 coi·

130 1986 236 2040 bertino
252 1984 404 2057 exemplari,
427 1984 454 2038 in
470 1999 525 2058 quo
541 1992 599 2038 acta
627 1984 779 2038 authentico
807 1998 875 2054 quae
896 1981 927 2036 ad
949 1999 1007 2037 eam
1026 1984 1143 2039 attinent
1161 1982 1320 2058 diligentius
1348 1986 1405 2042 eol-

130 2071 199 2126 leeta
220 2077 292 2130 suut,
322 2085 411 2141 ueqrre
432 2066 464 2122 ah
486 2067 608 2124 Ennodio
631 2084 743 2141 usquam
765 2074 872 2140 quarta
895 2076 1074 2140 nuncupeter.
1105 2068 1272 2142 Contingere
1295 2070 1404 2144 quidem

130 2156 230 2229 proterit,
255 2162 285 2209 ut
301 2170 333 2208 ea
348 2152 459 2226 synodis
476 2153 526 2207 sub
541 2153 701 2225 Syroruacho
718 2151 814 2206 habitis
831 2153 896 2208 haec
912 2160 1005 2226 quarta
1023 2154 1167 2209 exstiterit.
1206 2153 1286 2210 Certe
1303 2164 1334 2211 ut
1350 2157 1404 2212 sin·

131 2240 202 2315 gulis
218 2240 295 2294 aurris
317 2238 430 2294 eoncilia
452 2237 662 2299 celebrarentur,
685 2236 792 2292 llilarus
814 2254 881 2311 papa
903 2237 1018 2293 decretis
1039 2238 1142 2295 iteratis
1157 2248 1344 2313 praeceperat.
1376 2240 1405 2297 ln

131 2328 190 2399 ipso
206 2326 286 2379 etiarn
303 2322 383 2394 hujus
399 2323 495 2395 synodi
507 2323 679 2398 apologetico
694 2321 763 2377 libro
779 2326 901 2380 concilia
918 2324 1101 2379 sacerdotum
1113 2326 1403 2401 ecclesiasticislcqi·

133 2414 185 2467 bus
210 2412 364 2482 quotannis
384 2410 504 2464 decreta
520 2424 580 2480 per
598 2411 766 2480 provincias
796 2407 933 2463 Eunodius
956 2417 1097 2464 memorat.
1135 2407 1210 2465 Unde
1233 2411 1333 2466 mirum
1350 2428 1405 2469 uon

132 2502 213 2556 esset,
230 2510 279 2568 per
294 2501 411 2566 quatuor
426 2493 685 2566 primosSynmrachi
701 2510 796 2556 anuos,
814 2491 912 2566 quibus
929 2502 981 2549 tam
998 2495 1090 2566 gravia
1105 2495 1268 2568 ingruerunt
1284 2497 1406 2570 negotia,

133 2587 251 2654 quatuor
266 2577 368 2634 habitas
384 2595 443 2634 csse
459 2578 588 2652 synodos,
611 2595 724 2653 quarum
737 2580 835 2651 ‘quarta
851 2595 921 2633 anno
938 2579 996 2635 501
1014 2577 1147 2634 celebrata
1162 2580 1206 2635 sit.
1235 2580 1338 2637 -l'erum
1355 2581 1409 2638 hoc

134 2665 225 2721 aberat
245 2662 277 2719 ab
298 2665 471 2737 antiquorum
488 2681 571 2727 ruore,
595 2671 625 2720 ut
648 2681 729 2736 quum
751 2662 802 2718 suh
824 2663 918 2719 eodem
940 2661 1068 2736 pontilice
1088 2664 1180 2737 plures
1201 2664 1409 2722 celebrarentur

133 2749 240 2825 synodi.
265 2757 348 2823 quota
370 2765 493 2823 quaeque
515 2757 597 2813 esset,
619 2750 645 2805 in
667 2765 757 2804 earrrm
780 2749 870 2804 ironte
886 2756 1071 2827 annotaretur.
1105 2747 1200 2804 Earum
1221 2748 1409 2809 diversitatem

134 2836 268 2892 chronicis
292 2835 364 2890 notis
385 2833 502 2890 indicare
523 2836 587 2890 satis
609 2833 752 2890 habebant.
784 2834 949 2907 Quamquam
971 2842 1064 2889 nostra
1079 2834 1202 2908 synodus
1217 2833 1280 2891 ideo
1296 2844 1408 2909 quarto

134 2922 187 2977 dici
207 2921 305 2995 potuit.
325 2921 386 2994 quia
405 2929 515 2994 quartae
536 2921 757 2995 congregationis
779 2920 976 2992 episcoporum,
1001 2920 1046 2993 qui
1068 2918 1100 2974 ad
1122 2936 1228 2975 causam
1252 2918 1410 2994 Symmachi

134 3004 344 3082 dignoscendam
365 3015 556 3068 couvenerant,
580 3014 657 3080 gesta
678 3005 796 3061 exhibet.
836 3002 913 3072 Quod
936 3012 964 3059 et
984 3006 1123 3078 sequentis
1140 3006 1306 3079 quaestionis
1322 3007 1410 3081 capii·

135 3094 205 3149 catio
223 3090 379 3147 illustrabit.

221 3176 249 3233 5.
280 3175 333 3231 Cur
349 3178 420 3231 enim
435 3178 582 3233 Palmaria
598 3176 668 3231 dicta
683 3176 727 3237 sit,
744 3176 844 3249 pariter
860 3176 1008 3248 quaeritur.
1040 3174 1093 3231 Sed
1109 3177 1174 3249 quin
1189 3192 1204 3231 a
1218 3175 1290 3239 loco,
1306 3177 1336 3233 in
1352 3195 1412 3252 ntro

136 3263 256 3337 episcopi
272 3270 466 3323 consenermrt,
483 3263 522 3316 sic
537 3259 669 3335 appellata
684 3262 729 3321 sit.
746 3260 813 3315 nulli
829 3258 1028 3333 ambigendum.
1060 3260 1130 3316 Sane
1145 3259 1258 3317 celebris
1276 3270 1334 3318 tum
1351 3270 1412 3320 erat

137 3349 213 3403 locus
228 3348 348 3403 Palmae
364 3347 473 3402 nomine
489 3353 668 3419 ntrrrcupatns.
706 3344 770 3400 lnde
786 3345 972 3401 'ilreodorieus
988 3362 1059 3401 5555
1076 3345 1139 3403 5th
1154 3345 1302 3402 Romanum
1318 3364 1413 3422 popu·

137 3434 192 3489 lum
218 3431 353 3487 allocutus
373 3447 434 3486 csse
455 3430 486 3486 ab
507 3447 642 3503 anonymo
667 3429 806 3487 l'alesiano
837 3439 959 3486 narratur
980 3431 1020 3486 his
1042 3430 1144 3487 verbis:
1172 3433 1330 3489 ambttlouit
1351 3449 1414 3493 rem

140 3518 335 3575 Theudoricus
350 3518 470 3573 Rontam
487 3558 493 3572 .
511 3558 518 3571 .
537 3524 565 3573 ct
586 3520 734 3589 inpressas
750 3518 848 3572 arbem
867 3520 941 3573 eonii
957 3519 1149 3587 (alternatum,
1175 3524 1202 3574 et
1223 3518 1261 3573 od
1275 3518 1413 3577 Palmam

139 3606 283 3661 allocutus
301 3606 410 3675 populo
432 3618 463 3657 sc
484 3605 577 3659 anania
593 3602 655 3658 1155
670 3605 805 3673 juvante,
829 3618 904 3675 qnae
921 3605 1175 3675 cctcmprineipcs
1191 3604 1413 3663 11555515νά1-

139 3696 297 3759 naverunt,
320 3689 521 3745 inviolabiliter
536 3695 721 3745 seruitiorum
740 3691 889 3759 promittit.
919 3685 984 3743 Loci
1006 3696 1033 3743 ct
1054 3689 1192 3744 concionis
1209 3686 1332 3758 ejusdem
1357 3708 1415 3749 me·

208 3871 227 3931 ¹)
250 3867 291 3921 De
314 3868 376 3921 1515
396 3867 450 3944 hac
471 3867 641 3936 synodorum
663 3865 822 3987 Symmachi
845 3866 1027 3935 chronologia
1049 3869 1113 3936 post
1136 3884 1224 3944 curos·
1237 3865 1349 3922 Sollerii
1374 3871 1417 3939 tin

138 3939 197 4025 vile
214 3953 234 3991 s.
254 3935 412 4030 Symmachi
435 3947 488 3992 act.
506 3942 624 3989 Sanctor.
644 3935 676 4012 11Ι
693 3979 707 4013 ·.
718 3935 745 4013 d..
760 3942 790 3989 ro
814 3936 880 4012 tom.
896 3934 934 4012 Ill
957 3953 983 4056 ys.
995 3938 1056 3997 639)
1079 3938 1109 3989 51
1125 3934 1226 4020 Mensis
1248 3937 1316 4021 (roll.
1338 3957 1415 3997 conc.

139 4006 203 4059 till
227 4023 253 4074 p.
272 4012 322 4059 aba
339 4007 411 4072 sqq.l
439 4020 488 4057 suo
515 4020 593 4058 more
624 4003 792 4058 lucidissime
822 4003 932 4057 dissent
971 4003 1055 4057 lescle
1084 4008 1360 4089 Connlrenqcschrcllte
1389 4007 1417 4062 Il

162 4080 256 4127 ,6155
300 4116 305 4125 .

140 4092 158 4143 p
206 4144 228 4208 ²)
246 4090 306 4194 licie
324 4139 437 4209 quidem
455 4139 500 4193 vix
518 4140 736 4201 concedendum
756 4139 859 4208 quippe
878 4141 906 4192 51
924 4137 952 4192 15
970 4139 1122 4209 exemplari
1134 4139 1270 4194 Vaticano
1283 4141 1418 4211 Reginae

141 4217 205 4264 1957
224 4208 366 4263 Hadriano
384 4208 536 4264 vetustiore
564 4208 661 4263 codem
683 4225 768 4261 uranu
790 4207 826 4262 ad
848 4208 1005 4277 marginem
1026 4209 1153 4262 notatur:
1177 4212 1276 4273 Quarta
1296 4218 1419 4277 innodas

140 4281 226 4331 habita
245 4281 339 4331 Romae
356 4282 491 4339 Palmaria,
515 4279 544 4332 et
561 4283 682 4331 relationi
702 4283 879 4345 episcoporum
902 4283 937 4330 od
958 4296 1042 4343 reqem
1065 4281 1201 4345 („Aqimus
1218 4281 1274 4331 Deo
1290 4286 1421 4355 practicen·

142 4348 206 4413 etc.)
225 4348 293 4399 nota
310 4345 472 4413 marginalis
491 4344 671 4400 adscribit-ur:
700 4347 786 4399 Tertio
804 4350 916 4413 synodice
934 4349 1019 4398 habita
1039 4349 1140 4401 Itomae.
1185 4344 1264 4399 Unde
1283 4348 1420 4405 stimulet

142 4412 244 4467 rationi
257 4430 318 4466 com
340 4412 472 4466 citationis
485 4413 595 4467 illerum
608 4412 777 4481 synodorum
794 4411 841 4464 lux
854 4412 977 4473 affertur,
996 4414 1023 4466 51
1037 4412 1177 4466 sentientia
1188 4412 1420 4483 Balleriniorum,

141 4481 241 4534 Mansii
261 4484 304 4545 (5ο
327 4525 332 4534 .
353 4496 428 4534 cone.
444 4481 517 4543 Vlll,
530 4488 591 4535 3041
614 4483 642 4534 51
660 4480 756 4534 1151515
775 4479 1088 4550 i00nciliengeschichle
1107 4482 1158 4543 lll,
1171 4486 1232 4547 623)
1251 4483 1420 4542 authentice

142 4549 287 4671 praelientur.
315 4550 366 4669 51Ιί
369 4551 463 4626 tomen
473 4549 628 4670 0015535515
646 4548 735 4670 nlostri
753 4548 859 4671 deulruty
874 4565 903 4603 re
916 4549 1084 4627 sententiam
1102 4552 1134 4602 51
1144 4565 1259 4671 yyrorsyys
1270 4549 1421 4633 integrans

143 4632 786 4757 1511555Ἣὶ11155511
814 4633 1185 4755 5112211010
1207 4634 1225 4672 ²
1263 4622 1419 4693 *pm*
