3204 5506
707 338 735 388 8.
752 337 960 387 accusabas
982 336 1097 384 PAPAE

756 525 939 629 Epistola
965 524 1043 609 123.

128 665 250 790 ιιι-ἓξὲξ·
529 678 741 745 llornrisdao
764 696 875 762 papae
896 677 940 744 ad
963 678 1103 745 cosdem
1124 677 1278 760 legatos.

301 818 373 869 Unde
392 825 465 867 tanta
478 819 527 880 fiat
544 820 643 870 reditus
660 820 759 870 iliorum
775 834 860 877 mora,
884 825 909 868 et
928 834 1090 884 quaecunque
1107 820 1179 869 eirca
1198 820 1270 882 ipsos
1288 824 1410 882 agantur,
1433 835 1496 884 quan

738 906 845 968 prinawn
862 906 959 954 rescire
978 905 1056 968 cupit.

416 1034 628 1100 Hormisda
655 1036 849 1102 Germano
882 1037 1087 1122 episcopo,
1120 1034 1249 1100 Felici
1281 1039 1320 1099 et
1346 1034 1522 1101 Dioscoro

510 1138 691 1202 diaconis
714 1142 752 1202 et
773 1136 925 1202 Blando
947 1138 1193 1222 presbytero.

348 1257 484 1321 Animos
507 1260 633 1321 nostros
655 1261 723 1321 tarn
745 1257 931 1322 diutumum
953 1256 1134 1321 dilectionis
1156 1260 1284 1321 vestrae
1312 1256 1470 1321 silentium
1493 1261 1521 1322 ut

263 1360 427 1423 tantorum
449 1362 629 1443 temporum
653 1360 824 1424 contristat
845 1359 1005 1441 absentia,
1029 1358 1200 1443 praecipue
1222 1380 1322 1444 quum
1344 1360 1394 1423 vir
1414 1360 1521 1445 magni·

263 1460 342 1524 ficus
364 1460 517 1543 patricius
539 1459 780 1547 Symmachus¹)
804 1464 837 1526 et
857 1462 907 1524 vir
928 1460 1063 1524 illustris
1085 1460 1251 1525 Romanus
1278 1462 1430 1546 magister
1454 1461 1520 1524 mili-

262 1564 333 1625 tum
354 1561 413 1625 filii
434 1563 537 1625 nostri
559 1563 696 1627 reditum
719 1563 802 1647 apud
825 1584 883 1627 nos
907 1563 1049 1627 caritatis
1069 1565 1192 1628 vestrae
1214 1562 1285 1627 sine
1300 1562 1449 1628 dilatione
1461 1584 1518 1648 pro

263 1663 419 1746 miserint,
445 1668 478 1728 et
497 1665 695 1749 ignoramus,
719 1669 827 1729 utrum
848 1664 915 1729 illic
938 1687 1103 1729 causarum
1125 1664 1263 1749 qualitas
1286 1686 1329 1728 an
1350 1665 1518 1729 certefrans

263 1764 368 1848 aliqua
397 1765 545 1830 simulata
572 1766 631 1831 sub
658 1767 851 1832 necessitate
877 1766 1035 1849 detineat,
1067 1767 1141 1850 quia
1167 1766 1262 1831 nobis
1290 1766 1517 1831 sollicitudinem

263 1866 332 1930 sine
355 1867 531 1932 cessatione
553 1869 741 1954 gerentibus
764 1871 796 1931 et
816 1889 898 1952 pene
913 1868 1078 1932 universos
1094 1866 1240 1931 homines
1255 1866 1384 1931 illarum
1397 1868 1516 1953 parb'un

263 1970 548 2051 percunctantibus
571 1971 694 2035 diversa
715 1971 748 2033 et
770 1969 935 2033 dissimilia
955 1969 1159 2034 nuntiantur.
1203 1967 1250 2033 Ilt
1271 1969 1361 2052 ideo,
1387 1971 1515 2055 qnoniam

262 2092 318 2134 vos
341 2093 451 2136 causas
465 2074 575 2135 tantae
596 2071 756 2136 tarditatis
771 2068 885 2135 melius
901 2071 1137 2155 deprehendere
1158 2074 1191 2135 et
1205 2070 1389 2156 intelligere
1403 2073 1515 2156 potestis

263 2175 357 2256 atque
380 2195 588 2259 cognoscere,
623 2173 805 2258 significare
826 2173 919 2237 nobis
940 2174 1017 2256 ista,
1044 2173 1083 2238 de
1105 2173 1221 2258 quibus
1243 2176 1356 2238 noster
1378 2175 1515 2239 cruciator

263 2275 398 2359 animus,
422 2276 590 2358 debuistis3
613 2275 664 2338 vel
679 2276 706 2338 si
722 2277 771 2338 est
785 2297 880 2339 causa
895 2275 1057 2340 dilationis
1072 2276 1196 2357 idonea,
1220 2274 1307 2339 sicut
1327 2277 1513 2341 constitutum

263 2379 321 2458 est,
346 2375 483 2460 aliquem
503 2377 541 2441 de
566 2377 678 2442 vestris
701 2376 740 2440 ad
755 2398 814 2440 nos
829 2380 1013 2461 oportuerat
1028 2377 1192 2441 destinari.
1231 2376 1328 2442 Unde
1343 2399 1384 2443 ne
1398 2379 1512 2443 forsitan

262 2500 320 2562 per
341 2478 495 2542 versutias
511 2483 567 2543 aut
580 2479 718 2564 aliquam
733 2475 1013 2543 concinnationem
1028 2479 1117 2543 vobis
1132 2477 1245 2569 dilatio
1260 2482 1294 2543 et
1309 2479 1513 2565 impedimenta

262 2583 473 2664 generentur,
501 2579 560 2644 sub
584 2580 747 2644 eeleritate
769 2580 862 2644 nobis
885 2581 1030 2664 scribite,
1060 2584 1097 2645 ut
1118 2581 1178 2646 sub
1200 2581 1387 2646 rationabili
1408 2583 1511 2648 ordina·

261 2681 350 2745 tione
371 2703 430 2766 pro
451 2685 557 2745 vestra
579 2682 769 2765 repetitione
792 2682 831 2745 ad
853 2683 954 2746 filium
969 2687 1114 2748 nostrum
1130 2683 1415 2748 clementissimum
1434 2685 1512 2768 impe

261 2786 400 2848 satorem
422 2783 606 2868 dirigamus.
651 2782 741 2868 Ergo
762 2787 829 2847 tarn
852 2785 936 2849 circa
957 2807 1111 2869 personas
1133 2806 1229 2869 quam
1257 2785 1298 2849 de
1328 2808 1420 2850 cansa
1444 2784 1510 2866 fidei,

261 2906 320 2970 pro
341 2907 403 2970 qua
425 2885 479 2949 diu
501 2885 678 2968 moramini,
703 2886 779 2970 quid
800 2890 930 2971 geratur
949 2887 1110 2970 instruite,
1135 2892 1230 2971 atque
1244 2886 1511 2971 plenissimenobis

261 2987 410 3051 universa
436 2987 617 3051 rescribite:
645 2991 681 3052 ut
703 2989 851 3052 omuibus
875 2988 1013 3073 cognitis
1036 2988 1105 3053 Deo
1126 2992 1238 3053 nostru
1262 2989 1393 3054 favente
1417 2992 1511 3053 tracte

261 3112 342 3173 mus,
366 3089 629 3174 quemadmodum
651 3091 796 3173 personis
817 3090 932 3155 vestris
955 3094 988 3154 et
1008 3112 1119 3155 causae
1134 3091 1235 3175 ipsius
1252 3092 1344 3175 cujus
1361 3114 1412 3156 res
1426 3092 1512 3176 agitur

261 3193 363 3278 possit
384 3192 600 3257 misericordia
621 3193 800 3256 subvenire.
838 3192 923 3256 Data
936 3191 1045 3257 Idibus
1065 3192 1156 3276 Julii,
1178 3191 1315 3258 Rustico
1338 3194 1405 3258 viro
1425 3193 1512 3257 claris

262 3296 341 3359 simo
363 3295 502 3360 consule.

754 3464 937 3568 Epistola
963 3465 1041 3550 124.

121 3597 252 3735 (lq-{²35-
434 3617 646 3685 Hormisdao
669 3635 779 3702 papae
801 3618 844 3685 ad
867 3619 1109 3685 Possessorem
1133 3619 1353 3703 episcopum.

296 3758 383 3807 Fidem
404 3759 473 3820 ejus,
503 3775 566 3825 qaae
590 3761 622 3808 dc
644 3760 780 3823 infidelium
800 3760 971 3823 peruersitate
992 3757 1118 3823 penebat.
1145 3760 1235 3808 iaudat
1254 3767 1281 3808 et
1296 3761 1396 3809 solatur
1412 3756 1483 3823 (11.1).
1516 3751 1562 3823 pli

294 3842 444 3908 Scytharum
461 3845 637 3894 1111111111
654 3844 805 3909 superbiam,
824 3843 1028 3902 obstinationes,
1054 3844 1170 3892 turnultus
1188 3844 1312 3893 describit
1329 3843 1394 3907 (1.2
1411 3851 1434 3894 et
1450 3846 1485 3904 3l;

296 3945 360 3996 quiae
378 3929 468 3978 Fausti
485 3931 619 3980 aliorumve
638 3929 709 3978 libris
727 3928 861 3979 tribuenda
884 3931 1025 3979 arroteritae
1043 3926 1130 3992 (n.4);
1160 3929 1298 3992 depretia
1315 3937 1342 3978 et
1359 3930 1434 3979 libero
1451 3945 1486 3977 11·

615 4014 689 4064 bitrio
708 4015 769 4080 qaid
785 4015 949 4080 seqrtcndum,
968 4015 1077 4077 exponit
1094 4011 1129 4075 (n.
1142 4012 1178 4077 5).

413 4145 623 4211 Hormisda
643 4146 870 4211 Possessori
893 4146 1090 4231 episcopo.

347 4269 375 4330 1.
410 4265 501 4332 Sicut
522 4267 640 4331 rationi
663 4267 822 4351 congruit,
845 4268 883 4330 ut
905 4265 1075 4330 consulant
1096 4263 1310 4350 ambigentes,
1334 4266 1381 4331 ita
1401 4287 1456 4351 par
1473 4265 1512 4327 est

259 4408 315 4416 ›—
324 4409 564 4415 ..-.——-—.-.

261 4475 309 4524 123
345 4474 364 4538 ¹)
383 4469 543 4540 Symmachi
563 4470 699 4525 senatoria
720 4487 772 4525 nec
794 4486 850 4523 non
872 4468 1170 4540 praefectipraetorio
1193 4467 1305 4524 Africae
1324 4472 1354 4525 ot
1375 4465 1511 4540 quaestori

260 4555 408 4609 castrensis
431 4556 582 4627 Procopius
604 4556 638 4609 de
661 4555 734 4609 bello
752 4555 842 4609 Vand.
862 4561 890 4621 2,
910 4561 941 4609 16
960 4555 989 4608 11
1007 4560 1038 4609 lo
1061 4552 1195 4608 meminit
1236 4552 1356 4624 Propius
1378 4555 1465 4609 autem
1482 4549 1511 4605 sd

259 4657 319 4694 rem
336 4643 461 4695 nostram
479 4642 590 4708 attinet,
609 4640 684 4709 quod
696 4640 852 4694 Maxentius
863 4657 984 4710 respons.
999 4637 1035 4693 ad
1047 4638 1156 4706 Horm,
1175 4637 1242 4692 dum
1253 4639 1396 4695 1111111111
1411 4639 1440 4693 in
1449 4637 1510 4692 Urbe

260 4726 345 4792 esset,
363 4727 511 4796 contigisse
529 4726 568 4781 sic
584 4729 692 4781 narrati
725 4731 759 4781 tlt
769 4746 797 4780 sc
816 4724 985 4793 (Hormisda)
998 4745 1014 4778 a
1025 4730 1154 4793 pravitate
1169 4730 1277 4793 proprii
1292 4717 1509 4793 lepntiiDiosconl

257 4816 420 4877 purificaret,
439 4819 520 4866 maltis
538 4818 635 4867 idoneis
652 4818 713 4866 uiris
728 4815 908 4881 praesentibus
920 4815 1055 4865 Rornanarn
1072 4814 1150 4863 uirum
1164 4815 1372 4880 gloriosissimam
1383 4816 1510 4877 assisis*

258 4900 360 4950 militurn
372 4902 525 4964 deprecatus
537 4909 587 4962 est,
606 4908 729 4967 qreatenus
745 4918 793 4952 111
810 4900 887 4952 cerba
904 4902 1016 4964 piissimo
1033 4899 1184 4965 imperatori
1198 4899 1355 4959 insinuaret,
1372 4914 1434 4966 quae
1448 4897 1509 4961 sure
