3204 5506
219 355 279 420 108
550 371 1146 422 555555155115555115515
1233 388 1235 393 «
1281 359 1290 366 ’

218 553 272 611 quo
289 553 323 592 eo
339 551 414 608 qnae
423 537 518 607 juxta
535 551 663 591 canones
682 539 797 591 serrari
816 537 939 592 debeant
959 541 1153 606 competenter
1168 535 1267 604 edicit,
1290 530 1404 604 alterum
1422 548 1444 608 15

218 627 299 678 circa
316 637 377 690 eos,
400 624 449 693 pai
467 636 507 676 ex
527 622 606 676 clero
620 621 796 677 Graecorum
819 624 933 677 ueniunt
955 638 1040 694 quarn
1055 621 1159 676 haberi
1172 625 1305 691 oporteat
1320 620 1444 677 condant

217 707 322 763 edocet.
358 705 474 761 Primum
497 722 528 761 ex
550 705 601 762 illis
625 707 731 780 scriptis
751 705 905 780 suppeditat
927 705 1039 779 epistola
1060 706 1198 780 superior,
1222 705 1288 761 haec
1302 710 1444 778 5511115555

217 792 388 866 Quapropter
402 789 505 846 duabus
521 790 643 864 epistolis
659 790 845 865 superioribus
861 800 934 849 recte
954 793 1004 847 ista
1022 808 1103 864 quum
1119 792 1146 846 in
1161 787 1297 846 veteribus
1312 788 1444 846 5511551151

218 879 350 952 Hispanae
366 884 393 932 et
410 875 569 932 isidorianae
585 875 795 951 exemplaribus,
818 884 874 932 155
891 879 916 933 111
934 877 1028 950 priscis
1049 875 1225 934 conciliarum
1240 873 1406 932 editionibus
1420 890 1445 948 51

217 966 286 1020 rime
302 961 467 1036 adjungitur.
506 960 558 1017 Sed
580 979 634 1034 quo
650 964 813 1035 pertineret,
836 965 944 1035 penitus
960 964 1095 1037 ignoravit
1110 962 1156 1037 qui
1173 961 1241 1017 hauc
1255 961 1279 1017 ei
1295 961 1323 1016 in
1339 958 1444 1034 praedic

218 1048 291 1106 libris
314 1056 344 1103 ut
364 1055 391 1102 et
411 1049 438 1103 in
455 1063 504 1103 ms.
521 1047 688 1121 liaguessaeo
709 1048 832 1121 praebuit
846 1064 991 1104 summam:
1016 1049 1145 1120 Epistola
1166 1048 1343 1104 Hormisdae
1364 1047 1405 1103 ad
1424 1060 1444 1118 ep

217 1150 321 1206 scopos
341 1134 493 1205 hispaniae
519 1131 556 1203 (in
573 1150 636 1188 mss.
654 1131 793 1205 Spanius)
819 1137 847 1189 in
869 1152 926 1206 qua
949 1138 990 1189 eis
1010 1135 1153 1191 Iohannis
1175 1133 1444 1203 Constantinopolin

105 1217 111 1225 ’
215 1219 426 1293 professionem
448 1221 544 1291 diripit
563 1226 686 1289 propter
709 1218 871 1275 orientales
892 1222 1028 1288 ciericos,
1058 1223 1108 1292 qui
1134 1234 1232 1276 eorum
1258 1220 1444 1274 eornmnniona

215 1311 420 1378 poposcerant.
443 1303 501 1359 Non
519 1304 589 1358 enim
605 1302 745 1360 ilormisda
761 1304 889 1360 iohannis
905 1302 1420 1378 (155515511555511155151515εεί5555,
1435 1319 1444 1357 1

218 1389 373 1452 formulam,
392 1405 470 1462 quam
486 1390 544 1462 ipse
559 1398 763 1462 composuerat,
786 1398 815 1445 ut
836 1389 893 1458 ejus
909 1390 1079 1463 professione
1095 1390 1255 1445 Graecorum
1272 1387 1340 1444 ludes
1356 1385 1444 1462 proba

218 1486 276 1537 tur,
292 1492 364 1531 5555
380 1475 471 1530 511111.
515 1473 573 1547 ipsa
589 1482 630 1530 est
646 1473 775 1537 1515515,
798 1491 875 1549 quam
898 1475 929 1531 ab
945 1474 1124 1531 Orientalibus
1140 1473 1171 1530 ad
1187 1472 1396 1530 ecelesiasticam
1411 1489 1444 1529 co

218 1562 370 1617 munionem
383 1558 556 1614 redeuntibus
569 1561 677 1633 exigere
689 1558 792 1615 solebat
808 1577 941 1634 quamque
956 1578 1005 1634 per
1019 1559 1169 1616 Eunodium
1184 1567 1211 1615 et
1225 1560 1315 1616 saclas
1328 1557 1444 1614 (1.11111

217 1664 240 1703 a.
254 1646 314 1702 515
332 1644 502 1700 iuQrientem
516 1646 702 1700 transmiserat
718 1641 898 1719 (11515557
912 1663 937 1700 u.
948 1646 991 1718 9);
1013 1648 1071 1719 ipse
1084 1653 1126 1701 est
1137 1643 1254 1707 libellus,
1266 1660 1347 1718 quem
1355 1644 1435 1718 epist

217 1731 249 1788 ad
264 1731 412 1786 iohannem
425 1730 518 1803 Nicop.
532 1738 560 1785 et
574 1730 652 1803 epist.
668 1730 706 1787 18
721 1730 753 1785 ad
769 1732 911 1804 episcopos
928 1730 999 1805 Epiri
1014 1748 1044 1787 se
1060 1733 1160 1803 pariter
1175 1728 1333 1785 subnexisse
1348 1727 1444 1785 15111551

218 1817 347 1886 Quocirca
363 1815 438 1871 55115
454 1815 616 1871 detrimento
633 1815 740 1871 libellus
756 1818 807 1871 iste
823 1832 854 1870 ex
871 1814 977 1872 duobus
992 1816 1045 1872 illis
1061 1815 1183 1890 epistolis
1199 1813 1306 1875 51511111,
1323 1829 1408 1889 quum
1424 1813 1444 1869 hi

218 1903 340 1958 resarciri
357 1901 461 1971 jactura
488 1901 629 1956 commode
650 1900 743 1956 valeat.
784 1900 1058 1974 15555515151528
1080 1899 1236 1957 hormisdae
1257 1898 1290 1955 ad
1312 1899 1444 1956 Timothei

217 1989 372 2062 episcopum
394 1986 718 2060 Constantinopolitanum
747 1988 799 2042 1155
819 1999 889 2042 anno
905 1987 965 2043 517
988 1986 1085 2061 Aprilis
1106 1984 1196 2042 1115111
1222 1985 1283 2041 data
1310 1983 1391 2041 iidem
1413 1983 1444 2039 151

216 2073 365 2129 15155555
380 2070 461 2141 hujus
473 2072 606 2128 'Timothei
621 2087 806 2127 successorem
819 2072 931 2127 necdum
941 2073 1031 2146 regiae
1043 2071 1102 2127 urbi
1114 2072 1196 2127 luisse
1207 2069 1385 2144 praelectum,
1401 2086 1444 2144 1511

218 2160 283 2215 haec
303 2158 334 2214 ad
356 2157 489 2230 Hispanos
511 2157 625 2230 epistola
647 2156 819 2212 scriberetur.
856 2157 883 2211 ln
905 2157 1023 2213 aditione
1045 2165 1131 2213 tanna
1147 2155 1264 2212 1155555
1285 2152 1444 2230 poutiiiciari

217 2242 391 2317 epistularum
408 2259 438 2297 ac
453 2242 647 2298 recentioribus
663 2242 839 2298 conciliarum
854 2258 908 2297 uon
924 2242 1012 2298 solum
1035 2249 1139 2298 retenta
1154 2249 1197 2297 est
1212 2240 1277 2297 ialsa
1292 2257 1413 2304 summa,
1435 2257 1444 2294 1

218 2337 245 2385 51
265 2328 331 2383 haec
351 2326 464 2400 epistola
486 2344 500 2381 a
520 2325 623 2381 duabus
639 2328 766 2400 proximis
782 2326 903 2397 sejuncta
919 2335 973 2389 est,
996 2335 1024 2383 et
1044 2327 1181 2400 aliquanto
1203 2333 1266 2400 past
1287 2325 1432 2400 epistolam

215 2414 364 2469 lobauuem
390 2411 717 2484 constantinopolitanum
745 2428 836 2467 meuse
860 2411 932 2467 iulio
959 2412 1097 2470 5551519
1124 2411 1211 2468 datam
1239 2409 1350 2481 rejecta.
1389 2409 1444 2485 itaq

217 2513 315 2571 operae
331 2497 447 2571 pretium
463 2495 604 2560 duximus,
624 2503 651 2551 et
667 2512 721 2569 quo
739 2504 860 2570 tempure
876 2513 960 2571 quave
977 2499 1116 2554 occasione
1127 2498 1227 2570 scripta
1239 2496 1275 2552 sit
1286 2494 1444 2553 demonstra

216 2591 245 2638 et
258 2598 338 2637 suum
353 2582 378 2637 51
394 2581 483 2637 15555
499 2583 653 2638 restituere.
684 2579 747 2636 Eam
763 2590 790 2636 et
804 2581 873 2637 inira
889 2583 966 2659 epist.
976 2581 1035 2640 143
1051 2583 1193 2640 memorari
1207 2579 1367 2638 videbimus.

411 2714 449 2775 In
469 2713 654 2776 Hormiadee
675 2731 777 2793 papae
800 2714 963 2793 epistolam
984 2713 1024 2775 28
1049 2710 1287 2796 („Mr'rolitnr“).

303 2829 459 2884 Anastasius
476 2829 615 2901 Augustus
632 2845 701 2884 5555
718 2828 788 2892 511,
806 2829 961 2885 1155555515
974 2829 1074 2885 indicta
1086 2847 1167 2885 causa
1183 2837 1210 2886 et
1225 2828 1299 2886 nulla
1317 2826 1345 2885 15
1361 2845 1425 2885 5515
1439 2849 1444 2881 1

217 2915 361 2989 positionis
376 2914 429 2970 1515
445 2915 577 2970 sententia
593 2913 689 2985 ejecta,
712 2914 881 2970 Timotheum
903 2914 974 2971 11555
989 2915 1016 2970 15
1032 2913 1090 2986 ejus
1107 2914 1196 2971 laeum
1211 2914 1328 2970 suilecit.
1358 2911 1444 2981 Quam

217 3008 306 3056 autem
327 3002 490 3073 sacrilegas
510 3003 535 3054 is
555 3003 717 3071 episcopas,
740 3008 770 3055 ut
790 2999 912 3073 loquitur
933 3000 1111 3073 Theophanes
1142 3017 1203 3074 pag.
1222 2997 1405 3055 13451135
1433 2997 1444 3071 (

217 3082 398 3156 11555242),
415 3086 442 3140 15
459 3084 533 3157 regia
550 3083 615 3140 urbe
631 3084 777 3146 monachis,
795 3084 866 3140 laicis
883 3092 909 3140 et
926 3084 1029 3140 clericis
1046 3084 1191 3140 Macedonii
1207 3083 1361 3158 synodique
1376 3082 1444 3140 Calai

217 3170 346 3226 dunensis
362 3186 440 3225 causa
457 3168 540 3224 multa
562 3169 629 3224 5515
651 3168 782 3232 intulerit,
805 3171 924 3242 quamvis
940 3169 1031 3225 Severi
1049 3187 1148 3227 nomeu
1163 3171 1245 3225 sacris
1261 3168 1400 3242 diptychis
1415 3169 1444 3224 in

218 3273 277 3311 rere
294 3256 413 3318 tentarit,
437 3256 557 3329 quamvis
579 3254 696 3328 denique
714 3256 779 3327 ipse,
804 3256 892 3327 quiin
908 3257 1072 3311 uuanaslerio
1095 3252 1444 3311 111155511155515151155111

218 3341 343 3396 clamarat
359 3341 482 3414 quisquis
498 3339 640 3395 concillum
656 3338 873 3395 Calchedoueuse
891 3357 946 3395 uon
968 3339 1130 3402 admitteret,
1152 3341 1233 3414 55515
1249 3346 1313 3412 5551
1328 3340 1444 3396 cerami

218 3432 342 3499 peratore
358 3440 405 3480 eas
422 3426 467 3498 qui
483 3422 553 3480 idem
569 3424 713 3480 concilium
729 3426 880 3498 reciperent
897 3425 1065 3481 anathemate
1081 3424 1285 3499 perstrinxerit:
1307 3424 1382 3481 hunc
1398 3431 1444 3481 tau

218 3508 369 3572 hormisda,
391 3526 456 3565 sane
472 3511 535 3583 quia
550 3509 746 3565 ecclesiasticae
767 3511 825 3582 paci
841 3508 867 3564 id
883 3510 1034 3566 conducere
1050 3512 1198 3585 prospexit,
1219 3501 1379 3584 episcopum
1396 3526 1444 3585 app

219 3594 273 3650 lare
289 3611 344 3650 non
359 3594 531 3668 dedignatur.
561 3593 625 3649 ldeo
643 3594 755 3649 forsitan
771 3611 830 3650 sese
847 3596 882 3650 ita
897 3597 992 3670 gessit,
1010 3597 1071 3669 quia
1087 3594 1269 3651 liacedouium
1281 3593 1338 3665 jam
1355 3596 1411 3650 vita
1427 3594 1444 3649 h

219 3687 291 3734 5155
308 3680 463 3752 accepisset.
494 3678 572 3734 Certe
593 3679 616 3734 si
637 3696 726 3735 rerum
748 3679 870 3736 ordinem
885 3681 1001 3735 servavit
1016 3680 1203 3753 Theophanes,
1231 3678 1381 3736 llacedanii
1396 3678 1442 3736 5111

219 3771 333 3819 mortem
348 3763 490 3826 Timothei,
508 3765 626 3838 quamvis
642 3763 695 3821 hoe
710 3764 804 3820 eodem
821 3782 891 3821 auno
907 3765 968 3821 517
984 3767 1037 3822 1115
1053 3765 1138 3821 155511
1153 3767 1207 3822 5151
1223 3762 1310 3827 551115,
1327 3781 1444 3839 praeces

220 3847 297 3904 Hunc
312 3848 411 3922 Aprilis
428 3849 446 3905 5
462 3847 504 3904 die
521 3865 535 3904 e
551 3849 639 3905 1551115
655 3849 789 3905 sublatum
805 3850 973 3924 Nicephorus
989 3852 1015 3907 in
1031 3851 1159 3907 chronico
1177 3849 1265 3911 tradit,
1287 3849 1401 3906 Victore
1416 3849 1444 3905 Ta

219 3934 334 3989 nonensi
349 3935 546 3997 consentiente,
562 3935 633 4008 apud
649 3951 727 4007 quem
744 3936 873 4008 legimus:
895 3936 1023 4009 Apapeto
1040 3952 1164 3993 v.c.cas.
1177 3935 1339 3992 Timotheus
1348 3934 1444 3993 Consta

219 4020 425 4090 titiopolitanus
445 4023 599 4092 episcopas
619 4021 796 4077 obtrectator
818 4023 919 4092 synodi
934 4020 1176 4078 Calchedonensis
1195 4023 1294 4093 quinto
1315 4021 1362 4076 dic
1378 4022 1444 4094 Apr

219 4105 723 4177 5555111111,11155555510555111155
737 4110 766 4161 in
779 4108 854 4162 cella
867 4109 992 4177 proprio
1005 4113 1092 4179 atque
1099 4106 1273 4179 presbytero
1285 4109 1444 4179 episcopal

220 4192 346 4246 tradidit.
379 4189 416 4244 Es
434 4207 488 4263 quo
504 4192 637 4264 sequitur,
660 4198 690 4247 ut
712 4191 777 4246 haec
792 4191 915 4264 epistola,
936 4189 1018 4247 biduo
1035 4198 1138 4246 tantum
1154 4199 1215 4247 5515
1231 4190 1370 4247 Timothei
1384 4190 1443 4249 abit

219 4276 327 4349 scripta,
350 4275 425 4331 reddi
447 4277 471 4331 ei
487 4275 650 4349 nequiverit.
682 4275 761 4331 Aliud
784 4284 923 4349 praeterea
943 4277 1013 4331 circa
1033 4275 1142 4331 51151515
1157 4275 1272 4331 victoris
1288 4273 1383 4332 lucum
1400 4276 1444 4334 11111

220 4359 342 4423 observo,
365 4376 460 4434 nempe
482 4360 640 4416 rtiendosum
666 4377 725 4417 esse
746 4369 828 4434 atque
848 4362 885 4416 ita
905 4360 1110 4435 corrigendum:
1132 4361 1301 4417 etdodonni
1316 4361 1444 4434 Cappad

219 4447 345 4516 syncello
359 4449 480 4518 proprio
496 4453 582 4518 atque
594 4448 766 4519 presbytero
782 4450 978 4517 episcopatem
994 4447 1121 4502 tradidit.
1149 4444 1384 4513 Quemadmodum
1400 4455 1444 4504 aut

114 4581 116 4585 ,
219 4527 354 4584 1511115555
366 4529 507 4594 Timothei.
525 4532 561 4586 115
577 4530 656 4602 hujus
672 4531 801 4588 lobannis
813 4546 955 4586 successor
970 4529 1143 4604 Epiphanius,
1160 4538 1190 4585 ut
1205 4531 1289 4586 visuri
1300 4547 1409 4596 sumus,
1425 4550 1444 4604 s]

219 4612 303 4668 callus
319 4612 380 4670 1511.

411 4730 449 4791 In
470 4730 656 4793 Hormiadaa
676 4749 777 4810 555115
798 4731 961 4810 epistolem
979 4732 1021 4793 84
1042 4727 1114 4811 („ln
1128 4726 1287 4812 nominc“).

303 4840 543 4899 Commonitorium
559 4847 650 4919 potius
667 4862 745 4919 quam
761 4845 885 4920 epistola,
908 4862 966 4908 seu,
983 4853 1013 4901 ut
1028 4844 1059 4902 ab
1076 4843 1216 4902 llormisda
1232 4847 1322 4902 vocari
1338 4845 1423 4911 solet,

219 4929 334 4988 dicatas
349 4937 390 4987 cst
408 4946 511 4994 eorum,
533 4946 601 5004 quae
616 4931 713 5005 legatis
735 4933 762 4987 in
778 4948 845 4988 5515
865 4931 995 4987 iohannis
1016 4947 1096 4987 causa
1116 4929 1221 5005 agenda
1241 4938 1329 4997 eraut,
1351 4935 1444 5008 superi
