3204 5506
276 343 336 408 188
742 359 769 407 s.
788 357 955 407 srurmcu
977 354 1091 404 ιιιιιι

164 540 188 577 ιι.
201 527 257 577 ιιι.
271 513 436 579 Ecclesiae
458 535 582 598 quoque
604 511 745 597 depellat
765 514 930 596 tyrannos.
959 509 1050 576 Sicut
1072 510 1158 575 anim
1178 510 1284 595 pietas
1306 514 1420 577 vestra
1435 512 1555 578 merito

271 619 419 700 reeteque
444 614 586 697 confidit,
615 614 670 678 illo
697 636 756 678 nos
776 618 918 697 tempore
946 613 1027 678 nihil
1056 613 1143 704 aliud
1164 612 1268 678 Deum
1296 617 1452 680 nostrum
1481 636 1553 700 sup

271 718 398 802 pliciter
413 718 608 800 implorasse,
632 739 728 800 quarn
743 719 779 779 ιιι
794 716 886 780 nobis
901 715 1039 781 Romani
1055 715 1180 800 imperii
1196 717 1364 801 praesules
1371 715 1415 803 8),
1440 716 1554 802 quales

272 842 358 885 ιιιιιιο
380 820 547 904 loquimur,
570 818 793 898 redderentur3
816 818 862 882 ita
884 818 1062 901 exspectari
1086 817 1200 902 cernis,
1223 822 1260 883 ut
1281 817 1475 903 hujusmodi
1496 840 1553 885 ros
1594 822 1596 829 '

272 944 339 986 esse
354 923 494 1006 ipsorum
510 925 637 986 actuum
652 921 807 1005 qualitate
818 921 1014 986 monstretis.
1048 921 1223 1004 Respieite,
1239 931 1371 1006 quaeso,
1387 923 1554 1008 angentes

271 1025 443 1091 memoriae
464 1023 621 1089 Marciani
644 1026 739 1107 atque
761 1022 876 1087 Leonis
899 1022 986 1088 omni
1008 1022 1127 1087 mundo
1149 1021 1359 1108 conspicuam
1381 1022 1554 1097 catholiea

272 1127 441 1191 devotione
469 1124 695 1207 constantiam,
731 1129 764 1190 ιι
791 1125 912 1190 salubri
940 1125 1195 1190 consideratione
1217 1124 1430 1210 perpendite:
1454 1148 1554 1212 quum

271 1229 305 1292 in
329 1228 439 1294 eodem
461 1229 530 1293 loco
552 1232 637 1292 stare
660 1227 872 1312 nequiverint,
897 1227 950 1311 qui
973 1227 1014 1290 ab
1029 1248 1137 1291 eorum
1153 1226 1346 1292 rectitudine
1361 1228 1553 1313 deviarunt,

271 1352 484 1396 successorem
506 1330 614 1413 regine
636 1329 805 1413 potestatis
828 1329 1007 1413 legitimum
1030 1351 1067 1393 ac
1089 1328 1242 1393 divinitus
1262 1328 1463 1397 attributum
1478 1352 1556 1397 enm

272 1433 387 1497 fore
363 1431 560 1514 s1ncdubi0,
584 1432 637 1516 qui
660 1432 785 1496 illorum
809 1431 882 1495 lidci
904 1431 1082 1515 perstiterit
1096 1431 1249 1496 imitator.
1283 1430 1404 1516 Debes,
1430 1432 1555 1520 glorio-

270 1535 394 1599 sissime
417 1537 449 1598 et
472 1533 717 1599 clementissime
739 1533 783 1598 fili
807 1533 991 1618 imperator,
1015 1537 1171 1648 augustae
1189 1533 1363 1599 memoriae
1376 1537 1554 1601 tantorum

270 1638 410 1702 virorum
433 1637 607 1720 taliumque
629 1637 853 1717 reverentiam,
878 1636 973 1700 debes
996 1635 1081 1700 vices
1103 1635 1288 1700 muneribus
1310 1635 1384 1701 Dei.
1434 1611 1498 1703 illc
1519 1642 1555 1704 ta

268 1740 308 1804 ad
331 1740 463 1803 istorum
485 1737 642 1802 reduxit
597 1738 876 1821 trmperium:tu
842 1737 961 1802 tuDeo
982 1737 1052 1801 istis
1075 1736 1211 1801 similem
1225 1737 1322 1802 redde
1336 1737 1551 1806 famulatum.

267 1841 310 1906 Et
338 1843 413 1925 quia
435 1841 525 1924 hacc,
549 1840 644 1904 beato
672 1840 816 1923 apostolo
839 1838 973 1903 docente
996 1861 1054 1903 nos
1076 1839 1172 1904 Petro
1195 1861 1266 1904 mea
1288 1861 1395 1924 nuper
1418 1839 1553 1907 humili·

268 1948 337 2008 tate
352 1943 568 2027 praedicante,
598 1941 738 2005 refutata
760 1943 836 2005 sunt
857 1942 910 2025 al)
934 1940 1064 2024 casuris,
1088 1940 1157 2017 Deo
1171 1941 1297 2007 fautore
1312 1942 1496 2026 proficiant
1517 1945 1552 2011 in

269 2046 362 2132 regni
386 2045 549 2111 soliditate
571 2043 741 2108 mansuris.

353 2149 384 2213 3.
408 2146 480 2233 Ego
502 2147 627 2231 quidem
651 2144 777 2228 litteris,
802 2167 880 2229 quas
902 2149 1009 2209 vestra
1025 2145 1196 2210 clementia
1211 2145 1402 2230 destinavit,
1427 2147 1551 2235 pignus

269 2251 459 2314 immensum
479 2247 681 2313 venerandae
701 2247 921 2332 religiositatis
937 2248 1109 2331 accipiens,
1134 2250 1166 2311 et
1180 2247 1307 2333 ingenti
1322 2249 1551 2334 pandatione

269 2354 402 2436 respir0,
437 2354 470 2415 et
497 2351 627 2415 omnino
655 2372 721 2414 non
749 2349 879 2435 ambigo
907 2353 1047 2415 mentem
1075 2353 1215 2414 vestram
1243 2349 1278 2414 in
1305 2350 1406 2416 rebus
1429 2352 1551 2419 divinis

239 2527 242 2531 ¹
269 2459 434 2541 gesturam
456 2454 552 2538 longe
574 2453 699 2537 potiora
722 2474 817 2536 quam
841 2451 949 2536 cupio,
972 2452 1027 2517 sed
1050 2452 1111 2516 mei
1133 2473 1255 2516 memor
1275 2451 1377 2517 officii
1402 2453 1441 2519 in
1463 2453 1550 2521 hanc
1594 2464 1596 2481 '

270 2560 395 2672 partem
423 2555 626 2621 clementiam
654 2558 743 2618 tuam
771 2554 841 2620 ideo
869 2552 1039 2637 prolixiore
1066 2552 1178 2619 hortor
1205 2554 1355 2640 alloquio,
1386 2555 1467 2641 quia
1492 2557 1550 2623 im·

270 2659 352 2743 perii
378 2658 425 2722 tui
454 2657 575 2743 pariter
601 2660 633 2720 et
660 2656 754 2720 salut
731 2660 773 2720 t1s
799 2657 916 2721 affectu
938 2656 1043 2720 illist
1029 2660 1061 2721 ιι
1090 2656 1193 2721 causis
1219 2655 1392 2722 inhaerere
1411 2680 1551 2745 semper

272 2763 402 2845 exopto,
446 2759 559 2842 quibus
594 2758 669 2822 solis
697 2762 730 2822 et
757 2762 908 2843 praesent
909 2759 935 2822 is
968 2758 1062 2844 regni
1095 2757 1256 2823 stabilitas
1289 2759 1476 2827 custoditur
1517 2766 1551 2829 et

270 2862 395 2927 aeterni
417 2862 521 2947 gloria
543 2864 755 2943 comparatur

355 2964 386 3028 4.
430 2962 524 3029 Unde
552 2965 627 3026 ante
653 2963 762 3027 omnia
788 2984 909 3049 precor,
939 2966 976 3026 ut
1004 2962 1256 3027 Alexandrinam
1284 2963 1460 3039 ecclesiam
1483 2988 1550 3033 non

271 3066 376 3132 miuus
404 3089 423 3130 ιι
450 3065 578 3129 funesto
606 3087 700 3149 quam
733 3066 774 3129 ab
803 3065 964 3130 haeretico
1000 3086 1168 3149 pervasore
1197 3065 1391 3130 clementiae
1420 3070 1551 3135 vestrae

271 3168 532 3253 dispositionibus
554 3167 723 3231 liberatam
746 3165 903 3231 catholieo
930 3190 967 3232 ae
990 3166 1134 3253 legitimo
1156 3165 1282 3231 restitui
1304 3169 1472 3235 censeatis
1494 3193 1551 3237 aa·

271 3272 383 3353 tistiti3
406 3270 512 3353 eisque
536 3269 644 3352 etiam,
668 3291 746 3353 spucs
769 3269 950 3334 temeritate
972 3270 1129 3334 diabolica
1152 3268 1285 3333 diversis
1300 3268 1451 3336 ecclesiis
1466 3272 1551 3339 ordi·

271 3393 365 3436 nasse
376 3373 414 3458 ¹⁰)
437 3370 633 3455 perhibetur,
658 3372 779 3455 ejectis,
804 3374 911 3435 rectae
925 3371 999 3436 fidei
1015 3370 1183 3455 subrogari
1200 3369 1410 3436 constituatis
1426 3372 1550 3458 episcc

272 3496 344 3558 pos:
372 3477 410 3537 ut
435 3470 519 3537 sicut
545 3493 612 3537 rem
634 3473 796 3557 publicam
825 3477 965 3537 vestram
994 3494 1013 3536 a
1035 3472 1206 3557 tyrannica
1228 3472 1454 3540 dominatione
1476 3498 1551 3562 pur·

339 3645 360 3709 8)
374 3640 460 3695 vHaud
477 3640 610 3695 inusitato
629 3643 658 3697 et
675 3640 817 3712 Simplicio
834 3643 949 3712 proprio
967 3642 1099 3710 loquendi
1116 3642 1199 3697 modo
1218 3641 1263 3695 hic
1280 3640 1386 3698 dicitur
1404 3643 1485 3705 Zeno
1498 3650 1550 3704 Rs-

271 3733 338 3781 mani
355 3731 455 3795 imperil
471 3733 583 3794 praesul.
623 3727 696 3781 Ante
715 3744 778 3781 eum
797 3727 969 3782 Theodosius
987 3727 1070 3794 (inter
1088 3727 1223 3781 Bonirccii
1245 3725 1381 3797 epistolas
1399 3728 1487 3800 epist
1508 3734 1551 3801 11)

272 3813 392 3866 dixerat:
422 3815 569 3865 Deusenim
586 3822 677 3866 erector
695 3818 752 3866 ideo
768 3819 903 3881 praesules
919 3818 982 3880 feeit
996 3817 1194 3868 Christianorum
1203 3817 1345 3881 principes.
1376 3812 1552 3873 Postcaoc
1589 3840 1594 3847 ·

272 3897 356 3952 lasius
375 3896 455 3966 epist.
477 3902 507 3950 Π
526 3915 552 3949 ιι.
573 3904 585 3949 ι
606 3897 733 3951 eamdem
744 3913 840 3952 vocem
859 3900 988 3968 usurpat,
1008 3899 1036 3952 ιι
1049 3896 1202 3951 Clodoveus
1220 3913 1238 3951 ιι
1255 3914 1275 3950 s.
1288 3894 1424 3967 Remigio
1441 3904 1553 3969 praed

271 3989 399 4052 regionum
417 3982 507 4036 dictus
526 3983 578 4047 est,
597 3983 626 4035 et
643 3981 868 4037 Theodebcrtum
887 4002 983 4053 regem
1001 3981 1166 4036 Aurelianus
1184 3980 1330 4052 episcopus
1342 3980 1552 4053 alloquensco·

270 4074 324 4137 pr‘ra
341 4087 454 4136 seraper,
472 4066 574 4134 inquit,
592 4073 762 4122 aumatissime
778 4075 885 4137 praesul
901 4074 966 4123 diem
978 4072 1081 4135 judieii.
1480 4078 1500 4109 s

338 4157 359 4220 ⁹)
379 4152 455 4207 Istud
473 4173 489 4206 a
507 4158 606 4206 casinis
628 4152 730 4206 male
722 4171 751 4206 m
772 4153 849 4223 prius
872 4153 977 4222 vulgat
969 4172 992 4207 rs
1010 4170 1028 4207 a
1045 4151 1137 4206 verbis
1159 4155 1355 4219 refutaturam
1376 4152 1553 4226 interposita

271 4238 380 4308 uirgula
402 4238 558 4307 sejrmctum
582 4240 650 4291 crat
688 4236 759 4301 Quid
778 4238 851 4291 enim
869 4237 913 4292 hic
931 4238 984 4293 sibi
1001 4238 1060 4292 vult
1048 4235 1252 4306 tSimplicius?
1287 4235 1399 4292 Eadem
1417 4237 1554 4297 videlicet

271 4323 390 4388 monita,
409 4340 480 4390 quae
498 4339 569 4384 nime
586 4321 674 4376 tradit
692 4322 820 4376 Zenoni
814 4341 841 4376 m
860 4324 940 4391 regni
957 4322 1097 4377 soliditate
1111 4336 1253 4382 mansuro,
1272 4321 1350 4391 prius
1367 4339 1400 4378 se
1412 4324 1552 4383 Basilisco

271 4408 307 4462 ab
326 4408 450 4476 ejusdem
469 4407 549 4476 regni
567 4406 809 4463 administratione
828 4424 925 4462 casuro
944 4408 1064 4474 dedisse,
1088 4424 1159 4475 quae
1177 4422 1262 4478 porro
1280 4406 1316 4461 ab
1335 4423 1371 4462 eo
1390 4413 1494 4480 spreta
1510 4428 1552 4468 re·

268 4492 400 4561 jectaque
418 4494 504 4547 fuere.
536 4491 665 4556 llrrarnvis
684 4493 758 4545 enirn
775 4492 839 4546 huic
856 4492 963 4562 ιιιιιιιιι
981 4494 1016 4547 ob
1036 4493 1129 4547 oeulos
1145 4491 1270 4562 posuerit
1280 4491 1423 4549 Marciani
1441 4496 1553 4554 etheo·

271 4576 314 4629 nis
333 4577 472 4646 exempla,
495 4576 518 4628 is
540 4576 716 4630 nihilominus
735 4577 912 4631 Timotheum
931 4596 948 4631 ιι
966 4578 1058 4631 Leone
1075 4576 1264 4647 proscriptum
1281 4592 1420 4634 revocare
1441 4584 1474 4637 et
1491 4580 1553 4639 Gal·

272 4659 473 4716 chedonensem
491 4661 625 4730 synodum
645 4662 680 4716 ab
699 4664 818 4731 utroque
835 4663 1005 4732 imperatore
1022 4663 1231 4732 propugnatum
1243 4661 1380 4718 damnare
1399 4680 1460 4721 non
1472 4666 1553 4723 dubi-

271 4745 355 4813 tavit,
375 4762 462 4813 eoque
481 4749 563 4815 pacto
582 4745 716 4816 Simplicii
734 4749 841 4803 monita
857 4747 990 4802 refutavit
1003 4749 1032 4800 ct
1044 4747 1218 4816 contempsit.
1248 4747 1320 4802 Hinc
1339 4748 1437 4807 denuo
1454 4752 1554 4823 palm

272 4831 463 4897 confimratnr,
483 4831 630 4900 epistolam
648 4840 663 4887 3
681 4832 813 4887 Basilisco
829 4826 887 4886 'non
906 4832 1009 4887 Zenoni
1025 4831 1233 4903 inscribendam
1250 4848 1318 4888 esse.

343 4918 373 4983 ¹⁰)
391 4915 432 4970 Ex
450 4916 492 4970 his
509 4909 606 4986 plures
620 4934 737 4985 sequens
756 4918 873 4987 epistola
892 4936 918 4973 ιι.
936 4926 952 4974 3
970 4916 1135 4974 nominatim
1153 4916 1266 4973 indicat.
