3204 5506
245 359 308 423 940
685 372 713 423 s.
730 370 937 422 soaursuss
959 371 1074 418 essse

115 543 300 611 (a.sao.)vos
323 527 516 614 apostolieae
542 528 625 592 sedis
654 548 722 591 esse
749 526 922 610 primatum
950 525 1090 590 sortitos.
1136 524 1229 591 Haec
1258 526 1377 611 igitur,
1407 530 1507 615 quael)

245 632 431 697 scribuntur
445 653 464 694 a
478 629 563 712 filiis,
588 628 704 694 affectu
719 631 854 713 paterno
865 627 977 711 jubete
992 629 1184 712 quantocius
1207 628 1390 713 adimpleri.
1425 629 1509 695 Scitis

245 755 394 818 nemque,
417 755 513 818 quam
535 733 579 797 sit
600 730 797 796 admirabilis
819 730 932 815 gloria,
956 733 1122 795 tantorum
1144 752 1271 796 errores
1293 751 1449 796 annorum
1466 755 1510 797 ve

246 837 305 901 stri
327 835 532 921 pontificatus
555 837 697 918 tempore
719 833 866 918 stirpitus
888 833 1019 899 aboleri.

647 1003 665 1040 ⁶
744 1019 927 1124 Epistola
953 1021 1019 1104 128

857 1173 906 1212 fleu

96 1261 131 1323 (a.
145 1262 195 1311 ⁵20
207 1275 243 1312 m·
461 1268 595 1326 Relatio
617 1267 783 1325 Dorothei
804 1267 956 1338 episcopi
978 1267 1304 1327 Thessalonicensis.

126 1328 210 1394 Aug.)

504 1402 530 1452 A
546 1401 678 1462 facinore,
696 1416 745 1467 quo
762 1377 963 1461 insimulabatur,
981 1415 1142 1466 purgavere
1160 1402 1260 1451 nititur.

400 1532 667 1598 Sanctissimo
696 1554 738 1596 ac
760 1533 993 1598 beatissimo
1016 1533 1124 1616 patri
1154 1555 1198 1598 ac
1227 1534 1515 1601 comministra-

491 1636 571 1699 tori
592 1633 825 1699 Hormisdae
847 1634 1070 1699 Dorotheus
1092 1634 1132 1699 in
1147 1633 1317 1700 Domino
1340 1638 1513 1703 salutem.

330 1754 491 1839 Propositi
512 1753 615 1818 nostri
638 1756 671 1817 et
693 1753 846 1818 orationis
875 1758 924 1818 est
950 1776 1108 1818 summum
1136 1754 1294 1837 studium,
1327 1777 1386 1841 per
1415 1758 1515 1822 omniu

242 1854 429 1921 beatissime
451 1859 485 1920 et
505 1859 556 1920 ter
577 1855 670 1919 beate
692 1859 795 1939 pater,
819 1858 852 1920 et
873 1856 1012 1921 scribere
1033 1856 1221 1941 frequenter
1243 1858 1284 1921 ad
1308 1879 1365 1922 vos
1388 1860 1515 1924 sanctis·

222 1959 358 2042 simos,
388 1960 420 2022 et
441 1961 553 2022 mutua
574 1957 688 2021 mereri
712 1956 883 2042 colloquia;
911 1960 944 2023 et
965 1958 1054 2023 nullo
1075 1960 1219 2043 tempore
1246 1962 1410 2025 exsortem
1420 1963 1443 2047 ¹)
1469 1984 1515 2026 me

246 2061 286 2125 ab
309 2060 489 2146 hujusmodi
511 2060 636 2124 laetitia
659 2080 728 2124 esse
752 2060 915 2124 condecet.
960 2058 1118 2136 Quoniam
1140 2059 1242 2146 igitur
1266 2062 1444 2127 manifeste
1470 2086 1514 2128 co

245 2164 344 2249 gnovi
366 2163 519 2248 quosdam
541 2165 670 2226 sanctas
692 2183 784 2227 aures
806 2166 928 2227 vestras
943 2162 1140 2246 perturbare,
1165 2166 1198 2227 et
1212 2163 1280 2228 scio
1295 2164 1411 2248 procul
1426 2166 1516 2229 (lubio

244 2288 301 2330 vos
323 2266 355 2330 in
380 2265 528 2330 omnibus
551 2286 619 2329 esse
641 2263 810 2347 perfectos,
835 2266 867 2328 et
889 2263 964 2349 quia
985 2263 1067 2328 nihil
1089 2265 1158 2330 sine
1175 2264 1303 2350 judicio
1322 2266 1435 2332 audire
1450 2290 1516 2353 pos·

244 2368 315 2433 sitis
346 2389 407 2432 neo
434 2367 493 2431 ulli
520 2367 649 2451 penitus
676 2368 817 2430 vestrum
845 2366 988 2430 animum
1018 2367 1273 2432 accommodare:
1301 2371 1340 2433 ut
1367 2392 1435 2435 non
1456 2393 1515 2434 am·

243 2471 328 2556 plius
350 2492 408 2554 per
429 2469 686 2534 taciturnitatem
707 2468 821 2553 largiri
837 2471 963 2553 tempus
987 2468 1095 2533 videar
1108 2468 1182 2551 illis,
1207 2471 1260 2554 qui
1284 2469 1370 2535 nihil
1394 2471 1515 2557 quidem

245 2594 264 2635 a
287 2571 379 2635 nobis
402 2571 480 2635 laesi
503 2574 589 2654 sunt,
614 2570 669 2635 sed
691 2570 760 2634 sine
784 2591 879 2635 causa
902 2574 935 2634 et
957 2571 1114 2656 superflue
1143 2572 1296 2636 adversus
1320 2594 1384 2638 nos
1405 2577 1515 2639 armati

245 2677 335 2756 sunt,
365 2673 433 2738 Deo
454 2676 564 2737 tamen
587 2676 621 2737 et
642 2676 767 2737 vestrae
789 2672 955 2738 satisfacio
976 2673 1159 2756 sanctitati,
1188 2674 1264 2759 quia
1286 2696 1348 2759 pro
1369 2674 1516 2741 Johanne

244 2776 312 2840 viro
334 2775 597 2841 reverendissimo
620 2775 778 2860 episcopo,
803 2775 856 2860 qui
877 2775 975 2859 paulo
997 2777 1072 2839 ante
1095 2779 1241 2840 svestra
1264 2778 1444 2842 venerabili
1470 2800 1517 2842 co

245 2901 324 2943 rona
347 2879 486 2943 directus
509 2881 568 2955 est,
592 2878 828 2963 praedestinavi
852 2900 902 2943 me
924 2877 1516 2966 perieulisetmortemsustinu12)er

245 3003 348 3046 meam
371 3003 429 3064 pro
452 2981 520 3064 ejus
543 2981 609 3044 scio
632 3002 681 3043 me
704 2980 858 3063 objecisse
881 2980 1036 3044 animam:
1064 2983 1098 3045 et
1118 2981 1179 3045 hoc
1201 2981 1387 3046 ostenditur
1408 2984 1515 3068 gestis,

245 3086 278 3146 et
300 3105 339 3147 ex
361 3082 426 3164 his,
455 3083 509 3167 qui
532 3103 723 3165 quamquam
746 3103 804 3165 per
825 3103 929 3146 meam
957 3082 1136 3147 absentiam
1164 3083 1319 3147 acerrime
1350 3084 1517 3150 videantur

245 3207 313 3250 esse
334 3185 467 3250 discussi
477 3185 513 3270 ³).
559 3183 602 3247 Et
624 3182 699 3267 quid
727 3182 825 3269 longo
853 3205 997 3248 sermone
1024 3206 1103 3269 opus
1130 3188 1179 3249 est
1205 3185 1270 3267 uti,
1300 3206 1401 3270 quum
1430 3187 1516 3251 vobis

244 3289 352 3351 omnia
376 3286 532 3352 Dominus
547 3284 633 3349 Deus
656 3288 767 3350 noster
786 3285 880 3351 Jesus
903 3278 1048 3352 Christus
1070 3287 1253 3372 patefacere
1275 3291 1309 3351 et
1331 3287 1516 3354 satisfacere

244 3390 360 3475 possit3
383 3390 457 3474 quia
479 3391 512 3453 et
533 3388 660 3473 quando
684 3388 819 3473 cognovi
841 3410 896 3452 vos
919 3389 958 3453 ad
982 3390 1174 3473 apostolicae
1196 3389 1280 3453 sedis
1297 3392 1515 3474 praesulatum

245 3491 410 3572 advocari,
440 3513 606 3556 routmune
634 3490 786 3576 gaudium
814 3491 914 3555 totius
941 3492 1051 3556 mundi
1079 3512 1147 3555 esse
1169 3490 1326 3575 judicavi.
1380 3494 1433 3558 Ab
1464 3494 1515 3558 illu

155 3623 197 3675 ep.
208 3614 231 3661 3.
246 3595 331 3658 enim
353 3595 496 3677 tempore
518 3593 578 3657 hoc
600 3594 702 3676 ipsum
726 3593 869 3657 scribens
892 3593 932 3657 ad
957 3615 1020 3676 vos,
1043 3595 1199 3678 quantum
1222 3593 1263 3658 sd
1278 3616 1341 3676 me,
1366 3595 1514 3682 quidquid

245 3696 285 3758 ad
307 3694 459 3757 honorem
483 3699 515 3758 et
537 3695 790 3759 satisfactionem
812 3695 902 3759 vobis
917 3698 950 3760 et
965 3694 1158 3780 apostolicae
1173 3695 1242 3760 sedi
1256 3696 1413 3780 pertinet,
1436 3697 1513 3762 nihil

244 3797 445 3882 praetermisi
472 3797 527 3860 sed
555 3794 615 3861 nec
643 3797 874 3880 praetermitto.
925 3796 1025 3861 Paulo
1052 3800 1126 3882 post
1151 3799 1260 3861 autem
1286 3799 1416 3882 scietis,
1450 3822 1513 3885 per·

311 4001 333 4070 ⁴)
350 4000 417 4055 boc
436 4021 499 4070 quoe
518 4022 534 4053 o
552 4005 623 4055 nobis
643 4005 789 4055 scribantur
809 4000 854 4055 vel
876 4021 940 4070 quae
961 4005 1106 4055 scribuntur
1123 4021 1139 4053 a
1157 4005 1230 4056 nobis
1247 4002 1353 4057 omisso
1370 4010 1445 4071 fillis.
1462 4019 1512 4074 quo

245 4087 330 4141 verbo
349 4087 378 4139 et
390 4103 419 4140 sa
438 4088 466 4139 et
484 4086 636 4151 Justinum,
656 4085 702 4153 qui
714 4085 814 4140 similia
826 4085 949 4156 scripsit,
968 4085 1139 4140 Justiniauus
1150 4084 1293 4155 intelligit.
1326 4087 1435 4156 Estque
1446 4089 1513 4143 inter

246 4172 332 4226 verba
349 4194 365 4224 a
379 4177 440 4235 filiis
458 4172 487 4225 et
504 4177 598 4240 affectu
616 4183 725 4238 paterno
742 4171 855 4241 elegans
868 4170 1013 4226 antithesis
1026 4172 1076 4225 aut
1086 4170 1179 4239 potius
1192 4187 1284 4240 aequa
1296 4171 1414 4240 relatio,
1433 4190 1512 4242 quare

244 4256 411 4326 primigenia
428 4255 511 4310 lectio
530 4255 684 4311 retinenda.

246 4348 294 4396 128
330 4344 350 4409 ¹)
368 4341 435 4395 bec
453 4352 583 4396 extorrem
656 4348 760 4396 orimum
780 4348 936 4396 romruodure
955 4353 978 4395 et
999 4352 1033 4395 ut.

312 4429 332 4495 ²)
352 4429 377 4481 a'
391 4431 523 4490 eschannai,
540 4426 631 4492 idest,
650 4426 779 4496 periculis
790 4444 835 4480 me
848 4428 969 4498 exposui,
987 4427 1060 4481 unde
1074 4426 1264 4496 exspectanda
1274 4427 1347 4483 mihi
1358 4445 1435 4484 mors
1447 4432 1511 4485 erat

313 4514 333 4579 3)
352 4511 509 4565 Dorotheus
527 4511 605 4581 epist.
629 4519 675 4565 110
693 4512 794 4566 dicitur
812 4512 977 4567 Heracleam
994 4511 1104 4578 missus,
1128 4517 1208 4566 doner
1227 4532 1308 4566 omna
1326 4520 1457 4569 ternum
1473 4536 1510 4568 or·

244 4603 349 4664 ciperet.
390 4596 473 4651 Forte
496 4595 541 4650 hic
563 4597 704 4664 inquisitio
727 4599 842 4652 notatur
863 4615 896 4652 ac
917 4597 1031 4651 testium
1053 4596 1238 4666 interrogatio
1261 4615 1314 4668 per
1336 4597 1366 4653 id
1384 4598 1511 4671 temporie

243 4682 326 4735 facta.
357 4681 498 4736 iohannes
512 4684 605 4735 autem
618 4681 697 4751 epist.
713 4689 760 4735 102
773 4682 972 4738 Thessalonica
989 4681 1097 4747 scribit,
1116 4681 1283 4737 aDorothoi
1296 4684 1416 4741 comoiis
1426 4702 1511 4741 secum

245 4765 514 4835 Constantinopolim
535 4767 629 4820 tantas
648 4767 755 4822 delatas
773 4785 833 4822 esse
856 4768 999 4838 pecunius,
1018 4780 1045 4821 at
1063 4787 1113 4822 noa
1129 4771 1241 4822 tornines
1258 4774 1310 4824 sed
1323 4776 1427 4839 possim
1441 4789 1512 4838 enoe-

243 4858 281 4903 tos
303 4871 455 4904 excaecare.
500 4851 580 4905 Unde
602 4851 702 4905 mirum
725 4870 778 4906 non
803 4855 857 4920 est,
880 4854 961 4921 gesta
987 4854 1054 4908 tuno
1081 4853 1209 4908 confecta
1234 4870 1313 4910 nuno
1335 4871 1354 4909 a
1376 4854 1511 4910 Dorotteo

243 4933 388 4989 venditari.

1522 1407 1591 1470 pso.
