3204 5506
188 365 249 429 704
639 381 667 429 s.
684 377 865 428 susanam
887 378 1001 426 aaran

95 546 169 614 (post
187 534 343 600 examine.
379 532 526 597 Fortasse
549 533 691 597 dicturus
708 555 751 615 es,
775 533 930 616 scriptum
945 552 1025 613 esse,
1050 538 1133 595 omni
1148 538 1290 611 potestati
1305 552 1348 596 nu
1359 533 1421 597 tut·

69 615 176 734 iffi
188 644 267 703 daos
287 658 349 702 esse
372 641 489 700 actem.
535 634 602 699 Nos
623 635 751 719 quidem
773 636 948 718 potestates
970 633 1130 697 humanas
1157 652 1214 696 suo
1235 631 1300 697 loco
1317 627 1430 718 sinapi.

106 755 172 812 rar.
187 761 268 821 mus,
299 739 400 802 donec
424 739 536 802 contra
558 735 661 800 Deum
683 758 756 800 suus
778 757 844 800 non
855 736 893 819 ¹⁷)
916 735 1048 819 erigunt
1070 734 1263 798 voluntates.
1302 734 1438 800 mamm

187 842 213 905 si
236 841 340 904 omnis
362 841 505 924 potestas
528 859 547 900 a
569 837 637 903 Deo
660 841 718 919 est,
741 838 847 921 magis
870 857 946 921 ergo
968 856 1049 921 quae
1076 836 1173 901 rebus
1196 838 1244 899 est
1264 836 1448 920 praestituta

187 942 314 1007 divinis.
359 940 458 1005 Defer
479 939 548 1003 Deo
569 941 650 1024 in¹⁸)
672 939 776 1020 nobie,
807 942 839 1003 et
861 959 919 1002 nos
942 936 1115 1002 deferimus
1138 937 1208 1002 Deo
1229 939 1262 1002 in
1282 941 1323 1002 te.
1352 936 1453 1003 Cete-

186 1066 257 1108 rum
279 1045 306 1108 si
328 1047 363 1107 tu
379 1042 447 1107 Deo
469 1063 533 1105 non
557 1040 698 1124 deferas,
722 1062 788 1106 nou
810 1042 902 1124 potes
924 1039 994 1122 ejus
1009 1040 1057 1104 uti
1071 1039 1256 1125 privilegio,
1279 1039 1458 1124 cujusjnra

189 1145 378 1210 contemnis.

273 1248 323 1311 10.
356 1244 456 1327 Dicis,
480 1244 562 1328 quod
585 1266 708 1309 mecum
725 1244 961 1328 conspirasse)
984 1246 1117 1309 senatus
1133 1244 1462 1312 excommunicaverit

186 1353 228 1413 te.
267 1347 356 1413 Istud
379 1346 505 1431 quidem
529 1367 589 1430 ego
611 1368 677 1410 non
699 1346 778 1429 feci,
802 1345 858 1409 sed
879 1344 1117 1410 rationabiliter
1138 1346 1262 1412 factum
1280 1347 1464 1414 adeccsso

256 1616 573 1688 ¹²)1tabcumGrim.
615 1617 670 1670 Alii
693 1617 826 1672 omittrmt
843 1638 901 1672 non.
941 1616 1025 1671 Plura
1046 1617 1156 1672 ineam
1174 1616 1348 1684 sententiam,
1364 1634 1455 1686 quam

187 1703 368 1773 Symmachus
385 1703 430 1756 hic
448 1701 580 1766 adstruit,
598 1703 723 1756 veterum
741 1700 902 1756 testimonia
923 1701 1054 1770 leguntur
1072 1702 1147 1773 apud
1165 1703 1327 1758 Gratianum
1343 1720 1362 1756 c.
1378 1707 1454 1760 ⁹3-
1502 1748 1504 1783 ;

189 1795 234 1842 101
256 1786 284 1841 C.
303 1786 341 1840 XI
360 1805 406 1854 qu.
425 1794 449 1842 3,

256 1875 286 1940 ¹⁸)
304 1873 323 1926 b
341 1878 367 1925 in
385 1876 467 1934 nobis,
485 1883 587 1932 senatu,
610 1883 636 1925 ct
658 1877 763 1940 callepio
786 1877 934 1926 clericamem
957 1875 1066 1927 Itomae:
1088 1888 1198 1927 merum
1220 1873 1362 1942 glossema,
1381 1877 1444 1931 eta

187 1956 346 2026 Symmachi
363 1959 456 2011 mente
474 1957 617 2011 absonum.

257 2045 287 2110 ¹⁹)
305 2042 397 2096 Editio
416 2040 498 2096 Basil.
517 2049 669 2111 conspirans
685 2052 789 2096 scamus
807 2048 1071 2096 excommunicaverim
1089 2053 1127 2108 tc,
1146 2048 1177 2096 et
1194 2042 1231 2097 ad
1249 2059 1333 2113 marg.
1349 2052 1436 2112 compi·

187 2140 270 2182 rante.
304 2127 345 2181 Ex
365 2142 419 2195 quo
438 2125 567 2196 deinceps
586 2126 707 2180 obtinuit
725 2132 889 2194 conspirante
905 2139 994 2180 senatu
1012 2135 1279 2183 excommunicaverim
1296 2140 1327 2182 tc.
1357 2126 1434 2182 Since

187 2213 243 2266 rior
260 2210 320 2265 visa
338 2212 380 2266 est
396 2210 479 2265 lectio
492 2228 541 2265 ms.
557 2210 652 2278 (irim,
670 2212 789 2266 maxime
802 2228 888 2280 quum
900 2211 926 2265 ei
938 2209 1072 2280 primaria
1084 2212 1170 2267 editio
1182 2212 1266 2268 Basil.
1280 2212 1430 2281 suffragetur.

187 2297 232 2352 Sic
249 2313 333 2366 porro
351 2295 421 2348 illud
436 2302 689 2350 excommunicaverit
708 2308 732 2348 te
751 2297 793 2349 est
809 2295 1033 2364 intelligendum,
1053 2297 1132 2364 quasi
1143 2299 1173 2352 te
1185 2295 1431 2352 relutmommmi·

187 2384 279 2437 catum
297 2379 439 2445 habuerit,
460 2379 557 2434 nolens
579 2383 671 2435 tecum
695 2380 781 2433 ullum
804 2380 908 2435 habere
932 2381 1109 2436 consortium.
1145 2381 1255 2437 Deinde
1276 2380 1339 2436 editi
1354 2394 1432 2450 prose

187 2468 321 2537 quantur:
349 2469 406 2520 Ista
425 2471 523 2534 quidem
541 2485 587 2533 epo
604 2471 662 2525 scd,
682 2464 810 2518 ommisso
829 2465 915 2519 verbo
935 2486 983 2520 non
999 2469 1058 2531 feci.
1090 2467 1295 2522 Rastaurantnr
1310 2463 1435 2521 neodem

186 2570 235 2606 ms.
270 2550 312 2604 Ex
329 2550 383 2603 hoc
400 2549 461 2603 loco
480 2549 615 2603 Batonius
633 2549 670 2604 ad
687 2567 791 2604 anmnn
809 2556 858 2604 499
876 2549 976 2603 merito
994 2549 1079 2604 iniert
1090 2549 1288 2620 Symmachum
1305 2568 1359 2607 cnm
1367 2551 1435 2604 sna·

187 2635 272 2690 stacio
290 2634 395 2688 nudam
413 2633 505 2688 iniisse
524 2634 712 2699 concordiam,
736 2633 860 2703 alioquin
877 2634 990 2687 minime
1009 2633 1149 2689 dicturum
1167 2635 1265 2702 fuisse,
1287 2654 1314 2691 ae
1329 2635 1354 2689 id
1367 2623 1447 2703 quod

187 2717 410 2776 adscensoribus
432 2718 487 2772 suis
510 2720 616 2773 iactum
638 2719 674 2773 sit
696 2717 836 2787 subsequi.
880 2717 986 2772 Eadem
1009 2719 1117 2774 raticme
1136 2723 1166 2775 et
1187 2720 1289 2776 inferre
1308 2714 1451 2774 denuost·

187 2822 250 2860 cum
268 2803 381 2857 minime
398 2803 457 2857 lata
474 2802 612 2858 sententia
630 2802 808 2857 Anastaaum
827 2804 1091 2869 excommunicasse;
1109 2803 1249 2872 siqnidem
1265 2804 1315 2860 hoc
1327 2804 1455 2858 decow‘

187 2908 248 2944 rum
265 2887 339 2942 illins
355 2887 448 2942 nullus
464 2888 651 2959 praestiterat.
690 2888 794 2942 Contra
810 2886 858 2942 ille
876 2888 913 2942 ad
930 2905 1034 2942 annum
1052 2893 1101 2941 502
1122 2887 1199 2943 hisce
1217 2888 1279 2943 unis
1296 2870 1458 2959 Syrnrnacbi

186 2973 288 3028 litteris
305 2972 397 3040 nixus,
415 2989 448 3026 ac
467 2973 581 3043 vulgata
597 2972 731 3027 hactenus
749 2971 868 3027 lectione
887 2972 1033 3042 deceptus,
1054 2989 1107 3043 pro
1125 2974 1203 3028 certo
1221 2973 1311 3044 ponit,
1328 2973 1461 3042 Symafi·

187 3060 267 3113 chrum
285 3058 314 3112 in
330 3057 450 3126 synodo,
469 3075 553 3126 quam
571 3074 643 3112 anuo
663 3064 712 3111 502
730 3056 841 3124 habuit,
858 3075 965 3111 summa
983 3056 1151 3112 auctoritate
1163 3045 1464 3114 excommunicationi¹

187 3142 353 3199 sententiam
370 3142 501 3196 adversus
518 3160 582 3197 eum
600 3142 708 3201 dianae.
747 3146 852 3197 Constat
869 3148 945 3208 estun,
964 3141 1067 3211 inquit,
1084 3147 1145 3197 ticet
1161 3150 1298 3212 eywdaiia
1308 3154 1360 3199 acta
1373 3131 1468 3223 dctfj

186 3235 320 3294 derantur,
343 3233 381 3280 in·
391 3237 464 3281 tanta
485 3248 581 3282 corona
601 3239 702 3296 patrum
722 3233 860 3296 proposita
883 3233 908 3279 in
925 3233 1030 3281 medium
1048 3247 1126 3282 causa
1143 3233 1306 3297 imperatorie
1321 3228 1470 3282 mac*

185 3325 277 3380 coquin
293 3319 420 3367 sententia
436 3317 599 3382 sinputorum,
619 3319 739 3367 communi
755 3317 859 3367 omnium
877 3331 1000 3365 consenso
1018 3333 1034 3365 u
1052 3315 1201 3380 Symmacho
1218 3312 1471 3370 ommutuit-¹

186 3405 284 3467 impium
308 3402 469 3451 Annstasium
491 3403 637 3466 Aaoustzon.
684 3395 733 3451 Cui
761 3394 873 3450 Baronii
901 3395 1024 3466 opinioni
1047 3397 1254 3454 subscribentes
1275 3394 1473 3455 conciliorafl

186 3483 318 3548 editores,
336 3482 365 3535 in
382 3481 516 3551 epistolae
533 3483 616 3552 hurjus
627 3480 738 3551 synopsi
756 3481 870 3548 notant,
889 3497 951 3535 eam
963 3480 1098 3551 scriptam
1110 3499 1171 3538 esso
1183 3490 1306 3539 aduersus
1319 3467 1475 3538 Anac-6²³

187 3573 349 3636 imperatoria
364 3571 486 3633 [aurosum
504 3571 622 3632 libellum,
647 3586 696 3635 quo
715 3572 860 3634 pontificem
878 3569 909 3620 ob
931 3574 1007 3621 tatum
1024 3573 1049 3620 in
1067 3588 1096 3621 ac
1113 3573 1369 3624 excommunicationis
1381 3568 1476 3640 τ’]

186 3660 289 3707 tendum
310 3655 500 3720 proscindebat.
534 3651 638 3706 Verum
660 3649 682 3703 si
701 3649 761 3718 quis
780 3649 879 3719 synodi
896 3649 961 3704 anni
979 3657 1029 3707 602
1046 3653 1140 3722 gesta,
1165 3670 1238 3721 quae
1255 3653 1370 3725 superior
1383 3648 1477 3724 spi,

186 3737 291 3793 stolati
315 3735 439 3802 exhibet,
460 3735 578 3803 recolat,
599 3734 668 3789 nihil
691 3734 826 3802 offendet,
849 3735 922 3790 unde
945 3735 1097 3806 quidquam
1120 3737 1280 3808 hujusmodi
1300 3732 1477 3794 deuia-²³

188 3823 231 3878 vel
248 3821 315 3875 levis
336 3820 454 3890 auspicio
476 3820 515 3874 fit.
557 3820 612 3874 Sed
633 3836 723 3887 neque
745 3819 860 3888 propria
884 3818 1044 3888 Symmachi
1065 3823 1194 3891 negotia,
1220 3823 1319 3894 quibus
1336 3816 1476 3878 saiw

188 3905 332 3977 expeditus
351 3906 424 3971 erat,
443 3923 527 3975 quam
539 3905 619 3960 valde
631 3904 766 3959 hactenus
778 3906 903 3959 nutasset
919 3904 993 3959 illius
1011 3904 1102 3973 aedes,
1120 3924 1181 3962 rem
1198 3924 1262 3964 eum
1278 3910 1377 3964 anan
1390 3902 1475 3964 1ιέ

186 3991 266 4062 gredi
283 3989 474 4060 patiebantur:
493 3989 612 4045 maxime
625 4008 710 4059 quum
728 3988 861 4044 canonica
879 4006 934 4045 non
950 3990 1048 4059 posset
1057 3990 1124 4045 ierri
1136 3991 1295 4062 hujusmodi
1306 3985 1473 4049 astuti*

187 4077 239 4131 nisi
255 4079 313 4130 tros
330 4075 429 4129 saltem
447 4074 613 4129 monitiones
633 4074 855 4144 praecessissent.
890 4074 927 4128 Et
943 4091 1009 4130 vero
1027 4075 1096 4130 satis
1113 4076 1234 4146 indicat,
1251 4095 1306 4134 non
1321 4077 1392 4134 aliam
1424 4060 1470 4117 ὓ

186 4160 362 4217 murium
384 4159 487 4214 dictam
510 4176 570 4214 esse
591 4158 881 4215 excommunicationis
903 4159 1082 4227 sententiam,
1104 4160 1158 4216 nisi
1180 4180 1254 4233 quae
1274 4164 1302 4218 in
1321 4159 1466 4218 indust

187 4247 301 4316 ejusque
313 4246 436 4300 fautores
454 4245 483 4299 et
501 4246 641 4299 consortes
655 4243 774 4298 aFelice
786 4245 812 4298 II
829 4244 941 4315 prolata
957 4247 986 4299 ct
997 4262 1015 4300 a
1027 4245 1139 4302 Gelasio
1157 4248 1259 4305 deinde
1275 4232 1460 4320 prophan*¹²

187 4333 290 4386 iuerat:
309 4330 380 4385 adeo
398 4332 429 4383 ut
446 4330 608 4384 Anastasius
625 4329 685 4400 ipse
704 4329 994 4385 excommunicationis
1011 4331 1056 4386 vel
1071 4331 1257 4389 absolutionis
1273 4350 1336 4389 auae
1349 4329 1455 4386 now?

188 4419 217 4470 et
233 4417 339 4471 arbiter
358 4416 422 4483 jure
445 4414 565 4481 dicatur,
589 4414 692 4483 quippe
715 4413 763 4483 qui
785 4416 870 4484 prout
886 4416 985 4485 sponte
1002 4415 1162 4473 adhaeserit
1179 4419 1283 4475 deamo
1297 4417 1337 4474 rel
1355 4414 1384 4470 ab
1409 4415 1445 4459 θ’)

110 4538 114 4547 ·
188 4500 343 4566 recesserit,
362 4499 652 4555 excommunicationis
670 4514 782 4553 consors
799 4500 844 4554 rel
861 4500 933 4555 liber
945 4500 1098 4556 censendus
1109 4502 1154 4558 ait.
1184 4503 1302 4559 Demnm
1311 4516 1373 4559 nora
1380 4504 1436 4552 1²⁰¹

188 4588 249 4640 erat
265 4587 335 4640 haec
352 4585 492 4640 Ariastasii
510 4583 693 4655 expostulatio
712 4584 760 4638 sed
778 4601 812 4639 ea
828 4584 901 4655 ipsa,
928 4602 1012 4656 quam
1029 4586 1156 4642 Gelasiua
1173 4590 1255 4660 epist
1268 4596 1300 4645 10
1314 4606 1338 4644 n
1353 4582 1429 4653 iifl!

187 4671 324 4725 refutarat
341 4669 384 4724 hia
400 4669 504 4724 verbim
541 4676 607 4734 Quin
622 4673 672 4723 eibi
687 4675 740 4723 outt
756 4680 850 4731 aretem,
873 4678 942 4740 quod
958 4677 1056 4726 dicerit
1073 4679 1228 4743 imperator,
1250 4696 1268 4729 a
1284 4678 1348 4729 uota
1359 4688 1381 4725 tt
1394 4668 1421 4717 ft*

186 4760 305 4823 relicinae
323 4760 477 4809 damnatum:
501 4777 573 4825 quum
584 4775 663 4823 super
674 4759 722 4808 tac
732 4766 809 4823 parte
826 4767 851 4809 et
869 4763 989 4811 decessor
1005 4777 1073 4812 meus
1090 4779 1141 4814 noa
1157 4768 1237 4815 somn
1253 4766 1342 4815 nisae
1354 4764 1416 4809 Μ
1502 4757 1504 4765 ’

187 4845 245 4906 ejus
263 4846 388 4907 attinuerit,
407 4847 455 4894 scd
470 4847 576 4909 insuper
593 4846 694 4910 quando
702 4846 833 4909 principia
845 4847 953 4910 adeptus
964 4848 1053 4912 rspice
1062 4852 1202 4912 potestatis
1212 4850 1335 4911 cunrat,
1348 4838 1414 4904 W

186 4943 215 4979 ee
233 4931 367 4994 rescripsit
383 4931 483 4993 inperii
497 4931 657 4994 promotione
672 4930 800 4992 acuam:
819 4939 844 4980 et
860 4946 907 4996 epo
925 4937 974 4982 etc.
