3204 5506
579 320 770 370 saissonis
795 310 896 369 1-5.
1332 312 1372 376 87

84 492 204 557 querat.
244 482 323 552 Quod
346 499 429 558 quuua
449 484 486 539 lta
508 484 553 545 sit,
576 483 667 539 mirari
688 480 769 547 subit,
794 482 866 539 unde
887 485 960 540 iuter
974 484 1096 541 eruditos
1112 486 1146 542 de
1163 495 1292 562 temporo,
1316 508 1370 564 qam

88 568 192 625 habita
206 569 247 626 sit
261 586 381 643 sequens
396 569 528 643 synodus,
544 566 648 624 oboriri
662 570 785 642 potuerit
800 571 996 627 controversia.
1027 571 1158 628 llaronius
1174 580 1262 630 tamen
1279 576 1371 632 hvieni

87 656 208 711 nomine
222 662 271 712 aut
285 655 378 711 neseio
393 670 447 728 qua
461 653 512 710 alia
525 652 708 727 praejudicata
723 655 851 728 opinione
863 654 1001 729 deceptus,
1019 657 1081 712 licet
1094 655 1221 713 Faustum
1239 661 1369 716 hvienum

88 756 144 796 seu
161 742 310 805 seniorem,
333 755 414 813 quem
429 754 500 795 auno
516 738 576 797 501
594 738 671 795 lastis
687 738 874 795 consularibus
890 739 1054 814 adscriptum
1070 743 1202 816 agnoscit,
1219 742 1251 798 ab
1267 733 1373 801 hvieno'

89 824 214 894 juniore,
230 827 278 900 qui
293 842 363 881 anno
375 823 436 883 502
452 823 623 881 consulatum
638 825 733 899 gessit,
749 824 970 898 distinguendum
983 843 1044 882 esse
1055 843 1111 883 uon
1122 829 1283 900 ignorasset,
1300 830 1369 887 laanc

89 910 236 984 synodum
256 910 289 966 ad
304 927 403 967 annum
419 909 480 969 502
502 907 607 973 retulit,
631 926 682 966 nec
704 909 781 967 aliam
801 908 834 965 ab
854 927 893 973 ea,
918 928 986 984 quac
1008 914 1068 986 ipsu
1089 929 1160 968 anno
1180 912 1242 971 502
1264 931 1293 969 re
1309 915 1366 989 ipsa

90 995 237 1052 oetebrata
252 1003 303 1059 est,
317 995 366 1052 scd
381 994 491 1052 alteram
508 1003 611 1051 tantum
627 993 748 1066 ejusdem
764 996 896 1051 actionem
912 997 1025 1068 putarit.
1063 996 1137 1053 llanc
1152 999 1306 1071 opinionem
1322 1000 1368 1056 dc·

90 1080 172 1137 iendi
187 1097 245 1137 non
259 1095 339 1156 posse
355 1081 452 1137 merito
466 1088 542 1137 ratus
554 1081 689 1137 dutouius
701 1079 799 1156 Pagius
812 1079 986 1136 nihilominus
1001 1083 1153 1138 chronicam
1170 1082 1269 1145 notam,
1286 1101 1365 1157 quam

91 1167 276 1241 manuscripti
289 1182 355 1241 prae
374 1182 405 1223 se
420 1164 520 1230 ierunt,
542 1181 631 1222 veram
646 1173 737 1239 negat,
762 1173 789 1222 et
809 1165 859 1221 hac
875 1182 926 1221 uua
940 1168 1053 1231 ratione,
1076 1166 1149 1240 quod
1165 1169 1191 1223 in
1208 1167 1363 1239 Corhojensi

91 1250 277 1314 desideratur,
298 1267 356 1308 eam
377 1253 403 1308 in
425 1252 524 1308 ceteris
539 1249 572 1306 ab
587 1251 712 1325 imperito
728 1251 819 1324 aliquo
834 1249 949 1306 additam
965 1269 1025 1308 esse
1040 1269 1090 1327 pro
1106 1261 1181 1308 corto
1196 1254 1283 1326 ponit.
1314 1253 1365 1311 Vo-

91 1354 155 1392 rum
178 1338 223 1392 eui
244 1353 300 1393 non
319 1335 346 1392 id
368 1335 491 1392 videatur
510 1335 543 1391 ab
563 1336 705 1410 aequitatis
727 1334 833 1410 legibus
856 1332 1010 1399 abhorrere,
1032 1344 1062 1392 ut
1078 1337 1150 1410 quod
1172 1339 1320 1393 inaurareris
1336 1340 1362 1395 in

91 1423 288 1496 manasseriptis
303 1422 434 1496 scriptum
449 1427 500 1484 est,
522 1419 557 1477 ob
571 1419 598 1477 id
616 1436 698 1476 unum
713 1420 774 1476 ialsi
794 1427 933 1495 arguatur,
955 1423 1016 1495 quia
1031 1423 1058 1478 in
1074 1438 1128 1478 uno
1144 1425 1362 1496 praetermissum

92 1505 199 1563 luerit?
229 1506 315 1563 Tanto
336 1514 427 1563 autem
448 1507 537 1562 miuus
557 1506 678 1562 excusari
699 1513 792 1580 potest
812 1506 853 1560 vir
871 1513 1046 1571 memoratus,
1070 1506 1142 1580 quod
1158 1509 1192 1565 iu
1208 1507 1362 1578 Corhejensi

91 1591 199 1655 codice,
222 1608 303 1666 quem
318 1592 415 1648 ceteris
427 1590 554 1665 praefert,
571 1591 723 1647 chronicam
739 1599 831 1647 notam
847 1607 861 1645 a
876 1588 984 1647 librario
996 1609 1051 1648 nou
1064 1601 1117 1648 tam
1133 1593 1266 1656 omissam,
1284 1610 1363 1667 quam

91 1685 123 1732 nt
138 1677 303 1733 concinnius
323 1682 351 1732 et
371 1676 522 1751 elegantius
543 1676 647 1733 exarari
662 1676 836 1751 postmodum
852 1683 947 1749 posset
958 1674 1064 1732 dilatam
1082 1677 1173 1740 iaisse,
1190 1678 1306 1752 spatium
1321 1696 1363 1735 ro·

89 1762 190 1817 lictum
205 1760 347 1818 manifeste
365 1759 475 1817 indicat.
513 1759 643 1829 Quocirca
663 1777 751 1836 neque
777 1761 881 1818 felicius
902 1762 961 1834 ipse
976 1762 1044 1817 lianc
1065 1761 1199 1837 synodum
1216 1763 1247 1817 ad
1263 1779 1361 1820 aunum

90 1846 158 1905 503
173 1845 347 1903 differendam
367 1844 520 1903 arbitratur.
557 1844 661 1903 luhcias
677 1846 785 1921 quidem
804 1863 858 1902 uon
880 1846 964 1903 ierim.
987 1847 1059 1903 illam
1086 1849 1113 1902 in
1129 1849 1319 1921 manuscriptis
1336 1851 1360 1905 ei

89 1931 193 2003 subjici
207 1930 322 2006 synodo,
346 1948 414 2006 quae
437 1948 507 1988 auno
530 1930 591 1990 502
613 1931 701 1988 habita
721 1940 772 1987 est.
810 1928 863 1986 Sed
884 1929 927 1985 ubi
954 1930 987 1986 de
1010 1941 1141 2007 tempore,
1163 1949 1217 2006 qao
1240 1932 1360 2005 synodus

89 2016 233 2074 celebrata
247 2025 296 2081 est,
318 2018 417 2092 agitur,
440 2016 473 2072 ad
493 2016 559 2073 hlud
575 2025 651 2073 certo
672 2015 886 2090 dignoscendum
902 2015 977 2072 valde
992 2017 1050 2073 leve
1066 2025 1108 2073 est
1123 2026 1312 2091 argumentum
1327 2036 1360 2073 er

89 2104 193 2160 ordine
209 2119 289 2177 quem
304 2104 331 2158 in
347 2100 482 2159 veteribus
497 2101 573 2159 libris
588 2111 677 2158 servat
691 2103 816 2176 petitum.
840 2100 933 2174 Neque
949 2103 1080 2175 gravioris
1096 2109 1138 2158 est
1154 2105 1283 2158 momenti
1295 2103 1361 2158 altc-

88 2205 166 2251 rum,
188 2186 264 2262 quod
283 2187 353 2244 idem
379 2188 420 2243 vir
440 2187 561 2244 eruditus
583 2204 615 2243 ea
631 2187 770 2243 Victorino
791 2185 952 2242 isidorianae
974 2187 1141 2243 collectionis
1163 2188 1305 2261 caeraplari
1328 2187 1359 2242 ab

88 2275 172 2330 anub
193 2273 301 2330 circiter
320 2272 384 2332 400
404 2280 513 2329 exarato
535 2273 692 2347 ingratiam
710 2273 844 2346 opinionis
864 2287 929 2327 suae
951 2271 1074 2328 deducit:
1096 2272 1168 2346 qaod
1187 2274 1312 2328 nimirum
1331 2274 1358 2329 iu

89 2358 218 2433 generali
240 2358 378 2415 titulorum
394 2357 490 2420 indice,
517 2374 598 2432 quem
613 2357 698 2414 codex
720 2357 766 2413 ille
784 2356 969 2431 praesefert,
990 2357 1111 2432 synodus
1131 2357 1182 2413 sub
1198 2358 1357 2431 Symmacho

89 2461 168 2500 anno
179 2443 241 2501 502
256 2447 348 2507 tertia,
364 2451 392 2500 et
406 2443 473 2500 haec
487 2442 521 2499 de
537 2460 589 2517 qua
603 2459 676 2499 nunc
691 2443 794 2517 aghuus
810 2450 918 2515 quarto
930 2450 1111 2516 nuncupetur.
1135 2442 1172 2498 Er
1185 2444 1245 2499 unis
1258 2444 1357 2518 qnippe

90 2528 197 2603 pendet
218 2528 301 2585 titulis
316 2529 458 2604 antiquarii
479 2526 589 2584 arbitrio
611 2529 785 2591 concinnatis,
808 2530 836 2583 in
857 2525 955 2602 quibus
976 2528 1098 2584 nonnihil
1116 2528 1166 2584 sihi
1181 2528 1261 2585 licere
1276 2530 1357 2602 periti

90 2615 268 2688 imperitique
281 2630 387 2688 semper
401 2614 597 2670 existimarunt.
624 2611 656 2669 lit
673 2630 736 2670 vero
752 2613 901 2669 notandam
917 2621 967 2677 est,
984 2615 1011 2669 in
1027 2612 1150 2670 omnibus
1165 2614 1355 2670 collectionum

94 2698 223 2756 lladriani
236 2706 314 2774 atque
328 2698 424 2756 lsidori
443 2697 637 2773 exemplaribus
658 2698 801 2774 synodum,
825 2697 858 2753 de
876 2714 928 2770 qua
949 2700 1062 2773 agimus,
1084 2707 1219 2772 quartam
1235 2698 1353 2754 inscribi.

93 2783 187 2851 Ouum
200 2793 287 2841 autem
306 2785 333 2841 iu
353 2783 449 2841 lisdem
467 2783 664 2858 exemplaribus
685 2785 753 2840 hanc
772 2784 894 2857 proxhne
914 2782 1055 2839 antecedat
1071 2785 1192 2858 synodus
1207 2801 1277 2840 aiano
1294 2784 1354 2841 502

96 2868 197 2934 habita,
217 2870 377 2944 antiquarios
398 2871 509 2926 incitare
531 2867 670 2926 videbatur
692 2870 735 2925 hic
756 2869 833 2931 ordo,
859 2876 888 2924 ut
909 2884 975 2932 eam,
1000 2885 1079 2942 quam
1096 2870 1136 2926 sic
1150 2868 1353 2925 antecedentem

99 2953 230 3018 silebant,
251 2960 362 3012 tertiam
381 2954 558 3030 appellarent.
593 2954 622 3010 Si
643 2962 731 3011 tamen
754 2970 815 3010 eum
837 2954 961 3027 excipias,
986 2955 1033 3027 qui
1049 2954 1214 3011 Victorinum
1234 2953 1354 3010 codicem

99 3039 247 3114 descripsit,
260 3042 341 3098 ceteri
355 3040 388 3096 ah
404 3041 454 3097 hac
468 3040 576 3097 licentia
590 3037 641 3096 sihi
656 3047 850 3114 temperarunt.
886 3038 969 3095 lmmo
984 3055 1073 3113 oeque
1096 3041 1122 3095 ia
1138 3039 1293 3095 Colhertiao
1309 3056 1354 3093 su·

103 3125 193 3197 perias
208 3123 310 3182 laudato
329 3124 422 3183 codice
442 3123 563 3197 subjecta
583 3124 704 3199 synodus
727 3131 834 3199 quarta
858 3131 1038 3197 nuncupatur.
1077 3124 1156 3181 Certe
1175 3124 1247 3198 apud
1267 3123 1353 3179 virum

104 3207 207 3265 cilices
224 3209 370 3267 studiosum
391 3210 479 3267 valere
499 3210 582 3285 louge
602 3209 715 3284 amplius
737 3209 830 3265 debuit
850 3209 1001 3266 consularis
1017 3217 1079 3264 nota
1095 3211 1122 3265 iu
1139 3211 1198 3283 ipso
1215 3210 1352 3265 Victorino

108 3293 240 3369 exemplari
259 3295 482 3369 quemadmodum
506 3297 534 3351 in
563 3294 687 3352 omuibus
713 3295 771 3350 aliis
798 3312 846 3350 seu
869 3293 993 3349 lladriani
1015 3310 1064 3349 seu
1085 3294 1179 3350 isidori
1201 3295 1257 3350 sive
1273 3295 1352 3350 etiam

109 3378 229 3452 singulari
241 3378 391 3438 Gohurduo
406 3378 532 3455 praelixa.
562 3380 705 3436 Praeterea
720 3379 753 3435 de
766 3388 846 3436 uotae
861 3380 941 3450 hujus
954 3373 1065 3434 v‘eritata
1081 3379 1216 3454 ambigere
1232 3396 1281 3435 uos
1297 3396 1352 3434 uon

113 3463 197 3520 siant
216 3471 264 3522 tres
284 3465 445 3523 'l'beodorici
465 3467 539 3539 regis
562 3464 632 3521 inira
652 3464 836 3537 subjiciendae
855 3466 1061 3539 praeceptiones
1083 3465 1114 3520 ad
1136 3465 1255 3520 carradam
1269 3481 1352 3537 syno-

114 3545 173 3603 dum
181 3546 228 3619 jam
240 3559 427 3627 congregatam
442 3550 528 3615 datae,
540 3566 653 3626 quarum
670 3552 754 3625 prima
768 3551 821 3607 sab
832 3552 878 3607 dic
899 3551 936 3607 Vl
947 3550 1144 3624 ldusAugusti
1158 3551 1239 3622 Raso
1246 3551 1352 3624 Magno

116 3632 213 3691 Fausto
228 3636 327 3695 dotem
349 3656 373 3695 ο.
398 3653 424 3693 c.
447 3652 536 3706 eoas,
564 3634 721 3694 alterascit
742 3638 787 3692 dic
811 3635 851 3692 Vl
864 3636 933 3692 It'ct.
957 3635 1115 3707 Septembr.
1137 3637 1224 3708 Ratio
1244 3637 1352 3692 Avieno

118 3717 211 3776 Paesto
227 3737 248 3776 v.
265 3738 291 3779 c.
310 3738 399 3792 cona,
426 3730 562 3797 postrema
583 3723 636 3778 sab
657 3723 702 3778 die
722 3721 791 3777 Kal.
817 3721 931 3778 Octobr.
963 3721 1168 3794 consignantur.
1200 3720 1232 3775 Et
1255 3738 1287 3776 ex
1305 3722 1352 3776 tri·

120 3800 276 3878 plltiqnidem
288 3807 333 3863 llla
347 3815 412 3864 uota
427 3808 599 3881 perspicuum
615 3815 665 3870 est,
685 3807 828 3880 synodum,
850 3807 883 3862 de
910 3823 961 3879 qua
982 3803 1059 3861 nohis
1081 3822 1179 3870 seram,
1202 3823 1273 3862 anno
1290 3807 1349 3863 501

121 3891 317 3964 ametogustum
333 3908 453 3948 meroem
473 3899 675 3967 congregatam,
699 3891 746 3948 sed
770 3900 883 3965 propter
906 3899 1078 3965 erumpentes
1101 3891 1233 3947 tumultus
1255 3890 1351 3947 identi-

121 3968 345 4042 demintcrmissam,
362 3977 395 4033 ad
410 3993 531 4034 mensem
546 3975 689 4033 Octobrem
706 3984 878 4051 prorogatam
890 3976 983 4032 luisse.
1016 3975 1092 4043 Qaaod
1109 3984 1206 4039 autem,
1222 3977 1249 4031 in
1265 3976 1349 4048 ipsius

122 4056 200 4127 quodi
212 4058 291 4119 lronte
305 4062 496 4137 praemittitur,
511 4079 568 4119 eam
585 4060 704 4133 ejusdem
721 4063 820 4117 mensis
837 4061 876 4119 23
898 4061 941 4117 die
963 4061 1003 4117 vel
1020 4069 1101 4124 certe,
1123 4063 1146 4116 si
1162 4063 1247 4135 magis
1263 4061 1350 4135 placet

21 4188 24 4193 -
123 4156 282 4215 micorum
297 4149 541 4222 manuscriptorum
555 4146 647 4211 lectio,
665 4146 844 4203 lh'ovemhrls
860 4145 902 4202 die
919 4145 1067 4202 ahsolutum
1084 4147 1167 4201 luisse
1182 4163 1233 4202 nos
1245 4145 1333 4201 docet.

186 4228 212 4286 3.
235 4230 323 4308 deque
343 4232 385 4289 his
406 4240 568 4308 repugnant,
589 4248 658 4306 quae
678 4231 838 4288 Theodorus
855 4232 942 4288 lector
968 4240 996 4287 ct
1016 4249 1048 4287 ex
1064 4248 1096 4287 eo
1118 4230 1298 4304 'lltcophanes
1319 4250 1350 4286 ac

121 4307 254 4387 t'teptoru
268 4317 368 4375 Callisti
382 4317 513 4382 scribunt,
529 4315 761 4392 perturbationem
777 4316 901 4374 videlicet
917 4333 949 4373 cr
964 4316 1222 4392 dupliciSymmachi
1237 4334 1267 4371 ac
1281 4314 1349 4371 Laua-

121 4399 185 4455 rutili
195 4401 349 4460 ordinatione
364 4410 453 4459 natam
468 4403 500 4459 ad
516 4412 572 4459 tres
594 4419 677 4459 anuos
693 4401 851 4476 productam
867 4419 935 4465 esse,
952 4410 998 4456 aut
1012 4401 1088 4464 illud,
1111 4400 1183 4474 quod
1199 4400 1267 4456 liber
1281 4418 1348 4474 pou·

121 4478 202 4541 libralis
213 4504 256 4544 seu
271 4489 427 4545 Anastasius
442 4488 568 4562 vulgatus
590 4486 679 4550 tradit,
699 4495 765 4560 post
787 4495 914 4561 qamtuor
929 4504 1022 4544 annos
1042 4507 1056 4541 a
1072 4486 1222 4559 Symmachi
1241 4485 1346 4542 ordina·

120 4566 185 4633 tiore,
201 4568 332 4630 lamentio
351 4572 425 4629 Festi
446 4571 562 4629 lactione
578 4579 705 4629 revocato
726 4582 904 4647 aecusatoque
920 4571 1089 4645 Symmacho,
1113 4570 1271 4627 celebratam
1288 4589 1348 4627 esse

118 4653 230 4724 modun,
245 4675 294 4732 qua
309 4657 485 4732 Symmachus
500 4674 515 4713 a
529 4658 640 4713 crimine
654 4667 786 4731 purgatus
808 4666 858 4713 ost.
897 4657 960 4712 Nam
976 4677 990 4712 a
1007 4657 1045 4713 22
1062 4656 1105 4713 die
1120 4658 1219 4712 mensis
1236 4656 1347 4712 Novem·

116 4734 221 4799 britanni
238 4743 306 4807 498,
327 4760 384 4818 quo
406 4741 545 4799 ordinatus
567 4742 655 4799 iuerat
670 4744 692 4799 is
707 4760 782 4817 papa,
809 4743 841 4798 ad
864 4742 903 4799 23
925 4742 994 4798 diem
1017 4744 1117 4798 mensis
1139 4741 1262 4799 Octobris
1285 4745 1346 4796 aaut

115 4822 171 4896 501,
186 4843 233 4902 quo
246 4827 369 4886 absolma
384 4836 426 4885 est
442 4829 507 4885 baec
521 4827 651 4903 synodus,
673 4829 753 4885 simul
774 4837 800 4884 et
821 4829 882 4885 aum
899 4835 958 4884 tres
972 4844 1043 4901 pene
1058 4828 1147 4891 solidi,
1170 4837 1196 4884 ct
1212 4835 1344 4902 puattttor,
