3204 5506
617 325 790 374 cnrsnons
815 317 864 373 13.
1315 313 1377 376 263

126 479 316 561 borrendnm3
350 479 407 543 sed
434 479 508 564 quia
535 478 620 543 idem
641 477 797 545 Dominus
820 482 915 562 etque
938 477 1086 543 Salvator
1109 480 1376 547 clementissimus
1392 495 1478 544 11181

120 585 173 644 est
201 584 229 644 et
252 581 403 646 neminem
431 581 499 645 vult
520 580 634 665 perire,
664 602 762 665 usque
786 581 826 645 ad
849 581 952 644 exitus
975 580 1022 644 sui
1046 581 1140 664 diem,
1164 582 1198 646 in
1206 583 1247 667 ²⁴⁵)
1268 584 1378 666 poeni-
1391 560 1420 612 π
1428 562 1486 613 ‘¹⁸⁸’

114 682 228 765 tentis,
250 683 274 746 si
295 683 496 767 resipiscimt‚
516 685 625 767 jacere
652 683 831 765 conveniet,
855 704 915 747 nee
938 682 1076 747 orationi
1099 705 1165 748 non
1186 685 1280 748 modo
1303 686 1378 750 fide-

108 784 191 847 lium
218 785 270 849 sed
296 807 336 849 ne
363 785 663 850 catechumenorum
692 785 820 869 quidem
847 785 1037 850 omnimodis
1065 785 1235 870 interesse3
1264 787 1377 871 quibus

104 886 333 973 communio²²)
360 887 445 952 laica
466 888 501 951 in
521 891 625 953 morte
648 886 847 950 redhibenda
869 890 928 951 est.
974 887 1077 962 Quam
1099 910 1167 952 rem
1189 888 1377 974 diligentius

98 987 271 1072 explorare
293 989 342 1052 vel
365 989 472 1053 lacere
494 989 712 1074 probatissimi
736 989 909 1053 sacerdotis
933 1012 1007 1054 euru
1030 990 1169 1054 debebit.

661 1159 742 1224 Oen.
758 1158 818 1223 ΙΠ.

175 1278 218 1343 6.·
260 1276 313 1342 De
342 1278 466 1343 clericis
494 1283 601 1343 autem
630 1283 663 1344 et
690 1278 856 1343 monachis
884 1283 941 1343 aut
968 1278 1081 1363 puellis
1104 1279 1164 1344 Dei
1192 1285 1247 1346 aut
1269 1303 1376 1346 saecu·

78 1381 217 1446 laribus
247 1381 371 1444 servari
397 1381 611 1465 praecipimus
640 1380 726 1445 hunc
752 1384 907 1464 tenorem,
942 1403 1036 1465 quem
1063 1381 1209 1446 Nicaona
1237 1384 1376 1466 synodus

75 1486 172 1550 eirca
199 1505 273 1566 eos,
306 1482 361 1566 qui
387 1482 471 1567 lapsi
492 1487 569 1547 sunt
591 1483 641 1547 vel
663 1483 795 1566 fuerint,
825 1483 1016 1547 servandum
1039 1505 1107 1547 esse
1131 1485 1313 1550 constituit:
1342 1488 1377 1550 ut

11 1628 14 1637 ·
71 1586 218 1652 scilicet
248 1584 308 1670 qui
336 1584 425 1648 nulla
453 1585 657 1667 necessitate,
686 1585 804 1650 nullius
832 1586 878 1649 rei
906 1588 1020 1650 timore
1043 1589 1138 1671 atque
1166 1587 1307 1670 periculo
1330 1611 1374 1667 se,

67 1693 108 1753 ut
139 1686 458 1771 rebaptizarentur,
494 1682 666 1752 haereticis
695 1687 792 1772 impie
820 1686 1026 1770 dediderunt,
1061 1688 1087 1751 si
1115 1692 1225 1753 tamen
1254 1711 1307 1753 eos
1337 1713 1375 1754 cx

65 1789 177 1856 eorde
199 1789 399 1873 poeniteat,
433 1788 535 1853 tribus
543 1789 584 1873 ²⁸)
613 1789 707 1854 annis
734 1789 820 1853 inter
848 1789 1014 1854 audientes
1044 1792 1120 1874 sint,
1149 1795 1274 1874 septem
1301 1813 1376 1856 vero

61 1893 176 1958 annis
206 1891 409 1974 subjaceant
422 1889 508 1955 inter
521 1892 723 1981 poenitentes
738 1891 887 1955 manibus
903 1891 1118 1974 sacerdotum3
1142 1892 1262 1957 duobus
1279 1892 1376 1956 etism

58 1995 279 2060 oblationes
312 1991 416 2057 modis
447 1993 595 2057 omnibus
627 2014 692 2057 non
720 1992 869 2056 sinantur
898 1993 1027 2076 offerre,
1063 1994 1117 2057 sed
1153 1994 1375 2060 tantummodo

56 2094 357 2185 popularibus²⁹)
386 2094 420 2158 in
447 2094 592 2159 oratione
619 2095 790 2158 socientur.
837 2093 904 2158 Nec
934 2094 1173 2158 confundantur
1195 2095 1263 2159 Deo
1293 2096 1374 2161 colla

138 2338 181 2403 ²⁸)
204 2333 317 2388 Plures
334 2349 397 2386 mss.
416 2338 443 2385 in
459 2337 653 2400 poenitentiaea,
673 2332 733 2385 111¹
750 2339 915 2400 poenitentia.
952 2332 1012 2386 Hoc
1029 2331 1126 2386 Felicis
1145 2334 1281 2387 statutum
1300 2333 1374 2387 haud

55 2436 215 2493 pugnare
235 2415 400 2488 putandum
418 2417 461 2470 est
478 2434 540 2471 cum
556 2415 603 2471 illo
622 2415 712 2470 siricii
734 2417 839 2487 epistl
859 2435 885 2469 n.
900 2421 943 2469 18:
966 2423 1146 2484 poenitentiam
1164 2437 1242 2486 apere
1261 2425 1374 2488 cuiquam

56 2529 117 2563 non
137 2508 317 2561 conceditur
335 2508 489 2558 clericorum.
526 2503 600 2566 Quod
616 2507 722 2570 quidem.
745 2501 836 2569 inquit
856 2502 912 2556 Leo
932 2500 1011 2570 epist.
1021 2508 1068 2555 1⁶7
1089 2519 1110 2555 c.
1126 2509 1149 2567 2,
1172 2508 1226 2554 sine
1245 2505 1320 2556 dubio
1339 2523 1374 2555 eu

55 2596 235 2662 aposioiiea
255 2591 399 2642 traditione
418 2591 556 2644 escendit.
579 2584 677 2639 Siricio
690 2584 763 2640 eninr
775 2602 865 2640 sermo
879 2587 921 2640 est
932 2585 965 2639 do
975 2585 1150 2659 poenitentia
1161 2586 1283 2655 publiea,
1303 2605 1374 2655 quac

57 2695 134 2733 cum
156 2671 309 2729 sollemni
327 2688 457 2726 manuum
477 2669 653 2740 impositione
672 2669 699 2723 in
718 2670 835 2725 eeclesia
846 2670 1001 2739 peragitur,
1020 2674 1050 2723 ut
1063 2689 1096 2724 cx
1109 2671 1201 2725 verbis
1214 2689 1297 2739 quum
1312 2688 1374 2725 con-

60 2762 129 2817 ciiii
144 2756 397 2826 Carthaginensi
405 2755 431 2809 V
444 2773 466 2810 c.
476 2762 504 2809 11
517 2760 578 2808 tum
590 2753 690 2808 Leonis
703 2754 732 2808 in
744 2755 862 2824 epistola
874 2773 943 2823 mox
957 2755 1044 2808 citata
1055 2755 1082 2807 iu
1096 2756 1187 2809 locum
1199 2756 1374 2825 praedictum

58 2845 171 2901 Siricii
194 2843 228 2897 in
243 2840 317 2896 edit.
324 2839 415 2896 Coust.
430 2838 573 2910 exscriptis
585 2838 680 2908 liquet.
708 2839 785 2894 Felix
802 2842 896 2894 antem
914 2839 965 2894 etsi
983 2840 1141 2907 graviorem
1158 2841 1370 2911 poenitentiam,

60 2950 136 2987 eam
157 2934 275 2983 tamen
293 2926 430 2980 secretum
448 2926 477 2979 et
495 2941 512 2979 a
529 2923 656 2978 sollemni
668 2941 800 2978 manuum
812 2924 990 2994 impositione
1003 2924 1154 2979 immunem
1167 2927 1263 3004 exigit,
1281 2934 1371 2994 esque?

61 3017 198 3072 ratione
217 3010 401 3082 superiorum
418 3008 546 3064 ordimuu
563 3007 766 3078 poeniteutiam
790 3026 807 3062 a
828 3009 1002 3078 poenitentia
1025 3010 1187 3064 clericoru111
1209 2998 1373 3064 mseriorum

63 3097 254 3169 distinguit.
295 3093 369 3149 lstud
386 3094 508 3148 illustrat
531 3096 560 3148 et
582 3093 727 3147 confirmat
751 3092 896 3146 concilium
920 3112 936 3147 u
955 3094 1090 3150 Gratiano
1110 3093 1372 3150 11912111υά11-

63 3190 146 3249 tum,
167 3181 260 3253 quod
278 3179 448 3248 Polycarpus
465 3196 514 3233 sen
532 3177 683 3248 Gregorius
701 3177 874 3232 Hibernenso
892 3181 982 3245 vocat,
1006 3179 1081 3245 quod
1099 3181 1193 3232 autem
1211 3179 1321 3234 saeculo
1335 3181 1371 3235 lX

64 3269 216 3327 anterius
235 3282 298 3320 non
316 3265 371 3329 est,
397 3266 539 3334 sumptum
556 3264 674 3318 fortasse
694 3280 727 3317 ex
744 3262 938 3333 poenitentiali
956 3262 1090 3331 quodam,
1113 3264 1140 3316 in
1164 3264 1236 3317 hunc
1259 3265 1372 3318 modum

68 3354 261 3410 moderans:
285 3353 426 3419 Presbyter
443 3355 468 3402 ei
481 3343 677 3416 sorniebiionenr
693 3353 794 3414 fecerit,
818 3369 964 3418 quoinquom
982 3354 1117 3402 secundnm
1135 3369 1245 3402 conones
1267 3361 1372 3417 aposlo-

67 3449 162 3496 inrum
184 3440 288 3491 debeat
305 3439 406 3503 deponi,
425 3445 508 3487 tomen
520 3439 604 3500 juxto
622 3438 797 3486 oricioriioiem
810 3437 832 3487 i.
845 3453 931 3501 popae
945 3437 1067 3493 siberni,
1087 3439 1110 3486 si
1127 3439 1152 3487 in
1170 3440 1229 3488 viiio
1243 3455 1292 3487 non
1308 3456 1370 3503 per·

68 3528 235 3585 duruerit,
255 3525 305 3575 red
320 3538 367 3572 ruo
384 3529 476 3586 sponte
493 3522 625 3585 consessus
643 3523 741 3584 cidJ'eeii
759 3528 785 3570 ui
803 3529 930 3584 resurpoi,
958 3525 1042 3572 decern
1061 3526 1134 3572 eureis
1152 3525 1176 3571 in
1195 3523 1259 3572 lianc
1276 3525 1372 3587 neodem

68 3616 240 3680 poenitent:
271 3608 351 3660 tribue
372 3610 471 3675 quidem
493 3607 618 3657 iriensibus
640 3608 741 3670 privato
759 3608 815 3657 loeo
839 3623 856 3654 o
878 3609 971 3656 ceteris
994 3613 1103 3657 remotus
1124 3623 1192 3671 pune
1216 3615 1240 3657 ei
1263 3625 1330 3674 oque
1354 3627 1371 3659 o

71 3712 202 3763 uespera
221 3696 252 3744 in
271 3709 403 3759 vesperam
419 3700 513 3749 viatur,
533 3699 627 3742 ionium
645 3697 727 3741 eutem
744 3692 832 3741 diebos
845 3693 976 3741 dominicis
994 3699 1019 3741 ei
1029 3693 1177 3757 praecipuis
1188 3693 1263 3754 seriis
1275 3695 1371 3743 modico

71 3786 137 3834 uino
159 3787 192 3831 ei
209 3779 344 3844 pisciculis
360 3785 437 3845 eique
455 3777 618 3841 iepurninibur
636 3785 775 3840 recreetur,
798 3776 852 3826 rinc
870 3793 949 3826 cerne
973 3784 998 3825 ei
1015 3779 1144 3841 sepimine,
1172 3779 1225 3828 ouis
1242 3786 1267 3826 ei
1285 3793 1370 3840 caseo,

72 3882 162 3919 cacco
189 3865 300 3914 indutus
317 3864 383 3913 honi
399 3863 552 3919 adhaereat,
575 3863 617 3911 die
640 3878 671 3912 ec
693 3868 766 3912 noete
783 3864 885 3926 jupiter
907 3863 1105 3912 miscricordiam
1125 3862 1173 3910 Dei
1195 3862 1372 3925 ournipoieniis

73 3955 221 4018 inploret,
261 3947 354 3997 itero
371 3947 452 3997 tridua
468 3947 592 3997 mensibus
614 3949 739 3997 continuis
759 3953 852 4023 eccene:
880 3953 962 3995 ticinen
986 3948 1009 3994 in
1028 3947 1151 4010 pubiicum
1169 3963 1218 3996 non
1235 3948 1368 4009 procedat,

76 4054 111 4087 ne
129 4050 211 4101 prex
225 4034 316 4095 fidelis
332 4033 357 4082 in
374 4047 406 4082 eo
422 4033 569 4080 scandalum
584 4033 715 4096 potietur:
738 4047 783 4081 nee
804 4031 869 4079 enini
887 4030 960 4080 debet
982 4033 1104 4081 sacerdos
1120 4031 1220 4094 publice
1237 4032 1370 4094 poenitere

75 4126 150 4173 eie-nc
172 4120 269 4169 laicus.
299 4111 355 4166 Ubi
371 4129 458 4181 quum
475 4109 615 4166 sacerdoti
632 4113 710 4187 lapso
727 4110 901 4182 poenitentia
918 4127 1030 4180 prorsus
1049 4111 1182 4164 canonica
1199 4109 1369 4179 praescriba-

77 4208 140 4270 tur,
163 4200 243 4254 naec
260 4199 357 4252 tamen
373 4195 487 4267 publica
504 4198 631 4265 negetur.

153 4288 194 4351 η)
212 4284 261 4338 Ita
277 4299 340 4336 mse.
360 4280 456 4348 (etium
473 4280 511 4334 Η9
522 4280 559 4333 Η9
571 4281 642 4349 H'⁰):
662 4280 730 4335 editi
748 4287 814 4335 luico
832 4291 927 4334 ionium
946 4287 971 4333 in
990 4292 1068 4334 niorie
1088 4285 1220 4333 veniendo
1238 4291 1286 4332 esi.

154 4374 194 4438 ²⁸)
211 4365 366 4436 Dionysius
384 4364 497 4434 quidem
514 4365 543 4418 in
555 4382 631 4419 conc.
644 4364 704 4419 Nic.
720 4383 742 4419 c.
755 4373 793 4431 11,
812 4383 895 4434 quern
913 4364 989 4418 Felix
1008 4382 1036 4417 se
1054 4364 1133 4433 sequi
1146 4364 1302 4433 profitetur,
1320 4384 1369 4417 sex

78 4466 164 4513 nm
182 4451 267 4523 legit.
304 4449 360 4505 Sed
377 4467 412 4505 ex
428 4449 482 4503 hoo
499 4448 559 4505 loco
578 4451 723 4504 firrnuntur
746 4450 869 4519 ejusdem
896 4449 1008 4503 canonis
1032 4466 1117 4517 quum
1138 4448 1230 4502 textus
1252 4464 1368 4516 graecus

79 4546 148 4597 tum
168 4540 255 4594 vetus
277 4533 474 4604 interpretatio
496 4534 597 4600 latinu,
629 4552 700 4602 quac
722 4552 871 4604 perperam
897 4534 1056 4603 appellatur
1077 4533 1175 4587 Isidori
1197 4533 1368 4599 llereutoris,

81 4642 179 4697 quum
196 4622 288 4678 eoam
305 4619 336 4673 iu
353 4618 477 4689 Hispana
494 4618 656 4673 collectione
675 4620 809 4673 obtineat.
836 4618 967 4687 Dionysio
987 4619 1081 4672 tumen
1093 4619 1268 4688 pervetustus
1281 4617 1368 4672 codex

82 4705 274 4778 Corbejensis
292 4706 379 4771 iavet,
405 4703 511 4772 inquo
534 4703 603 4758 hoec
620 4703 735 4758 Nicueni
754 4724 776 4758 e.
792 4710 821 4757 11
846 4722 910 4772 pars
932 4704 972 4756 itu
994 4705 1147 4771 profertur:
1177 4715 1201 4757 ei
1223 4723 1272 4757 see
1294 4709 1368 4757 arinis

67 4790 156 4853 ‘enei
173 4796 321 4847 hmilitaie
338 4792 489 4843 succumbat.

157 4880 192 4946 ²¹)
211 4871 334 4930 Excussi
352 4877 532 4938 sardonius,
556 4872 714 4931 concinnius
731 4893 794 4929 mss.
816 4892 877 4928 cum
895 4874 978 4929 lvone
995 4879 1171 4943 popularibus.
1207 4875 1238 4928 hi
1256 4873 1366 4943 Capitu-
