3204 5506
619 306 794 406 nmsnoas
820 345 890 403 124.
1200 381 1226 414 Ι.
1328 339 1390 405 929

117 534 199 597 quos
222 511 380 596 adjutorio
402 509 463 574 Dei
485 510 571 593 de¹⁵l
602 510 788 596 regionibus
811 531 919 574 eorum
942 513 991 574 est
1011 507 1103 594 pulsa
1131 509 1295 574 dissensio.
1341 509 1495 601 Deasso.

118 614 166 678 eis
189 634 260 678 sero
282 612 486 698 probavimus
507 611 696 697 prophetica
712 612 891 697 apostolum
910 633 984 676 voce
1000 611 1128 695 dixisse,
1152 612 1187 676 in
1209 589 1501 713 novissimisgffi·

119 715 232 779 diebus
253 715 376 779 instare
398 718 544 800 tempora
566 714 755 799 periculosa,
780 717 813 779 et
834 713 902 780 fore
923 712 1069 779 homines
1092 712 1141 779 sui
1156 717 1283 779 tanturn
1305 737 1391 780 ama·
1421 699 1427 724 ’
1502 699 1508 711 ’

118 820 222 901 tores,
252 816 408 881 habentes
436 817 573 881 formam
601 817 747 900 pietatis,
778 816 927 882 virtutem
955 820 1062 882 autem
1088 817 1157 901 ejus
1180 816 1390 903 abnegantes,

119 918 230 1004 itaque
258 941 326 983 esse
354 918 511 984 vitandos.
562 917 653 984 Haec
680 919 751 983 ideo
781 918 945 984 dilectioni
971 922 1097 984 vestrae
1129 918 1301 984 indicanda
1333 919 1392 984 sub

119 1021 289 1085 occasione
317 1021 521 1104 credidimus,
555 1044 612 1106 ne,
640 1022 667 1086 si
695 1021 772 1086 illuc
799 1021 921 1085 fuerint
941 1020 1025 1085 forte
1048 1020 1161 1105 delati,
1191 1022 1390 1107 ignorantes,

120 1123 387 1208 quemadmodum
410 1146 443 1188 se
465 1124 499 1188 in
525 1124 602 1188 urbe
624 1123 771 1188 Romana
798 1122 1056 1210 narraveram)
1063 1173 1072 1206 ,
1102 1122 1160 1187 sub
1190 1123 1296 1209 aliqua
1323 1146 1392 1189 ver-

122 1226 236 1290 borum
259 1225 462 1291 simulatione
484 1226 678 1310 deciperent.

208 1327 239 1392 4.
272 1326 317 1391 Hi
339 1349 424 1411 vero,
451 1349 529 1413 quos
552 1351 607 1393 vos
630 1328 668 1392 de
689 1327 800 1393 Fausti
825 1329 988 1413 cujusdam
1012 1327 1098 1392 Galli
1121 1327 1276 1392 antistitis
1300 1327 1393 1392 dictis

122 1429 319 1494 consuluisse
331 1429 446 1493 litteris
457 1429 634 1514 indicastis,
650 1431 682 1494 id
695 1430 756 1495 sibi
767 1452 954 1514 responsum
966 1428 1121 1494 habeant:
1137 1451 1240 1514 neque
1255 1430 1345 1494 illum
1354 1430 1393 1515 Π)

120 1552 226 1615 neque
255 1553 459 1616 quemquam,
494 1554 571 1616 quos
599 1534 634 1596 in
661 1532 886 1597 auctoritatem
917 1535 1047 1617 patrum
1073 1552 1140 1595 non
1172 1532 1288 1615 recipit
1322 1553 1394 1596 exa-

122 1655 208 1716 men,
234 1632 409 1697 catholicae
424 1633 498 1697 fidei
515 1637 570 1698 aut
585 1634 820 1699 ecclesiasticae
838 1633 1026 1718 disciplinae
1043 1633 1287 1718 ambiguitatem
1302 1654 1394 1717 posse

121 1734 276 1820 gignere,
303 1737 358 1799 aut
380 1735 537 1820 religiosis
559 1735 791 1820 praejudicium
815 1758 1009 1821 comparare.
1056 1735 1135 1800 Fixa
1158 1738 1234 1800 sunt
1257 1758 1275 1799 a
1296 1735 1395 1819 patri-

121 1835 200 1918 bus,
229 1858 310 1921 quae
332 1836 441 1901 fideles
464 1837 581 1901 sectari
607 1838 745 1903 debeant
770 1837 937 1923 instituta,
967 1838 1033 1902 sive
1059 1837 1298 1923 interpretatio,
1329 1837 1396 1902 sive

122 1938 332 2023 praedicatio,
356 1961 411 2004 seu
425 1940 558 2003 verbum
579 1940 688 2024 populi
712 1939 933 2005 aedificatione
949 1940 1174 2025 compositum:
1198 1940 1224 2003 si
1248 1961 1319 2004 cum
1333 1939 1396 2002 fide

123 2044 214 2104 recta
237 2044 269 2105 et
291 2041 438 2105 doctrina
460 2063 540 2106 sana
563 2041 745 2124 concordat,
770 2042 961 2125 admittitur,
990 2041 1017 2105 si
1040 2040 1211 2124 discordat,
1241 2040 1395 2106 aboletur.

122 2140 234 2207 Unum
257 2145 305 2206 cst
326 2142 588 2225 fundamentum,
618 2146 709 2208 extra
730 2144 814 2229 quod
836 2143 997 2228 quaelibet
1017 2142 1141 2208 fabrica
1164 2143 1192 2207 si
1218 2143 1394 2226 consurgit,
1414 2126 1501 2251 ¹3⁰qu-

122 2243 252 2307 infirma
275 2247 337 2326 est,
368 2266 463 2328 super
484 2244 563 2310 illud
586 2245 775 2331 quisquis¹⁸)
799 2245 947 2309 aedificat
972 2266 1028 2309 seu
1055 2244 1131 2309 vilia
1161 2267 1216 2309 scu
1243 2245 1394 2328 pretiosa,
1438 2237 1444 2262 ’
1485 2239 1490 2250 ’
1564 2283 1570 2295 ·

123 2345 315 2410 consideret.
360 2344 460 2410 Errat
481 2350 589 2411 autem
612 2347 678 2431 a¹⁹)
701 2346 768 2430 via,
798 2348 853 2431 qui
882 2347 922 2410 ab
950 2368 987 2411 eo
1014 2346 1098 2431 quod
1126 2349 1254 2430 patrum
1282 2345 1396 2410 electio

122 2448 319 2511 monstravit
341 2447 509 2512 exorbitat.
555 2448 624 2513 Nec
651 2452 760 2512 tamen
786 2447 988 2533 improbatur
1014 2447 1183 2533 diligentia
1211 2469 1268 2533 per
1296 2448 1397 2512 multa

123 2549 317 2645 discurrens,
342 2549 396 2614 sed
419 2549 544 2614 animus
568 2572 586 2613 a
608 2550 744 2614 veritate
767 2549 941 2615 declinans.
980 2548 1082 2634 Saepe
1098 2550 1201 2615 dehis
1217 2551 1397 2616 necessaria

123 2651 320 2735 providetur,
345 2651 383 2716 de
407 2652 522 2737 quibus
536 2652 598 2736 ipsi
615 2651 991 2737 aemulicouvincantur,
1013 2652 1192 2717 instructio.
1229 2651 1298 2716 Nec
1318 2651 1396 2716 vitio

124 2752 195 2816 dari
217 2756 325 2837 potest
346 2774 450 2836 nosse,
474 2754 557 2839 quod
579 2754 703 2840 fugias3
727 2762 823 2838 atque
838 2754 910 2818 ideo
925 2775 991 2818 non
1007 2754 1153 2839 legentes
1167 2755 1347 2839 incongrua
1361 2753 1397 2818 in

125 2853 254 2938 culpam
276 2854 425 2938 veniunt,
455 2855 510 2919 sed
533 2860 712 2940 sequentes.
757 2854 848 2931 Quod
876 2856 903 2919 si
931 2856 978 2919 ita
1006 2878 1072 2920 non
1101 2859 1200 2937 esset,
1230 2877 1397 2940 nunquam

124 2955 237 3020 doctor
270 2956 324 3020 ille
358 2958 504 3042 gentium
534 2958 745 3042 acquievisset
775 2957 926 3021 nuntiare
960 2955 1120 3020 fidelibus:
1157 2961 1264 3021 Omnia
1298 2970 1397 3022 uatem
1411 2945 1531 3068 ¹5T2hl⁰⁸⁸·

123 3063 261 3138 probate,
286 3065 497 3138 quodbouum
520 3071 690 3124 esttenete.
728 3058 804 3122 Non
826 3058 882 3121 abs
905 3080 938 3122 re
961 3062 1019 3141 est,
1045 3058 1104 3122 etsi
1119 3058 1317 3122 mundanum
1332 3081 1398 3123 non
1442 3055 1448 3081 ’
1489 3058 1494 3068 '

124 3162 236 3224 tamen
259 3161 424 3224 aratione
447 3160 619 3224 discretum
642 3161 775 3225 miscere
802 3181 990 3224 sermonem.
1036 3159 1159 3245 Ferte)
1186 3159 1316 3242 quidam
1343 3182 1398 3224 no·

125 3311 201 3318 ,-
223 3311 316 3316 ...-.....
326 3311 374 3316 -....

124 3401 182 3435 nem
199 3381 377 3451 postmodum
396 3380 520 3447 exhibet,
544 3379 736 3451 quamprimo
760 3379 939 3450 praetulisset
961 3386 1153 3446 dissensionem,
1176 3379 1250 3448 quod
1273 3383 1306 3449 et¹
1324 3381 1400 3450 apud

125 3464 221 3520 Cochl
242 3465 316 3520 etin
334 3464 396 3520 aliis
413 3463 491 3520 libris
510 3465 627 3523 obtinet.

197 3552 228 3620 ¹⁶)
246 3553 272 3605 a'
292 3557 324 3605 dc
342 3555 504 3620 religionibus
517 3561 555 3605 est
567 3559 649 3620 pulsa,
670 3549 770 3606 omisso
789 3570 874 3605 eorum
887 3556 1026 3612 (tirrenum
1044 3549 1111 3603 bcc
1129 3557 1161 3603 de
1179 3555 1301 3619 religione
1313 3571 1399 3606 eorum

126 3647 167 3691 est
179 3643 253 3705 pulsa
266 3642 400 3702 durentia,
419 3635 510 3691 Cocbl.
526 3641 557 3689 de
569 3642 673 3705 repioue
686 3638 736 3690 eto.
755 3635 941 3690 Praeterimus
954 3653 1016 3689 cum
1029 3633 1061 3688 G'
1076 3637 1106 3688 et
1116 3634 1188 3688 Max.
1201 3639 1398 3703 dereptumque,

76 3762 77 3768 .
124 3721 181 3775 hoc
199 3721 253 3775 est:
276 3718 434 3791 praedictos
457 3720 608 3775 monachos
626 3721 701 3791 apud
718 3721 870 3787 Romanos,
893 3735 1011 3789 quorum
1030 3718 1154 3773 subsidio
1173 3718 1329 3774 schismatis
1347 3719 1400 3773 dis-

125 3805 219 3861 sensio
237 3822 252 3860 e
270 3805 398 3875 partibus
413 3804 542 3874 Scythiae
560 3806 685 3875 adeoque
705 3822 720 3859 c
738 3804 899 3876 regionibus
919 3821 1015 3860 eorum
1037 3804 1152 3874 depulsa
1169 3804 1273 3870 fuerat,
1298 3804 1400 3858 discor·

125 3891 204 3945 diam
216 3891 326 3960 agitare
337 3890 466 3945 voluisse.
491 3891 532 3945 De
545 3890 598 3944 bac
609 3890 732 3960 partium
745 3889 911 3960 Scytharum
930 3888 1153 3944 reconciliatione
1165 3887 1315 3944 Hormisda
1327 3906 1399 3944 anno

125 3981 179 4030 517
198 3976 277 4046 epist.
299 3982 331 4030 26
349 3994 375 4029 n.
396 3984 411 4031 3
429 3976 466 4031 ad
484 3976 621 4046 Hispanos
642 3975 759 4045 scripsit.

200 4063 230 4130 ¹⁰)
247 4061 292 4115 lta
309 4078 371 4115 curn
384 4061 445 4115 aliia
458 4061 536 4116 libris
549 4061 635 4114 etiam
646 4060 767 4114 Manent.
781 4059 857 4130 apud
870 4060 976 4125 Coohl.;
990 4061 1020 4113 at
1031 4059 1059 4112 in
1072 4057 1199 4113 biblioth.
1216 4059 1289 4129 patr.
1303 4058 1398 4113 Colon.

123 4150 299 4216 satyromata
317 4152 414 4216 aliqua,
438 4163 471 4200 cx
494 4146 562 4199 nota
583 4144 752 4212 scholiastis,
776 4144 823 4213 qui
846 4144 882 4198 ad
903 4162 991 4214 marg.
1012 4143 1190 4213 adscripserit
1210 4149 1338 4213 persev-int
1355 4147 1400 4196 rub

125 4237 222 4300 aliqua.
258 4231 300 4284 lte
318 4229 380 4299 ipsa
397 4231 442 4284 hio
459 4230 575 4284 verbum
594 4236 760 4284 tractaverint
778 4230 894 4300 perinde
912 4231 955 4285 est
972 4231 1058 4298 atque
1074 4235 1212 4298 persev-int.

198 4318 229 4384 ¹⁷)
247 4316 314 4371 bcc
333 4315 395 4370 add.
415 4321 506 4385 recipi.
537 4315 598 4368 Hoc
616 4317 709 4368 autem
729 4314 782 4369 sibi
800 4315 860 4369 vult
871 4314 1032 4369 Hormisda:
1053 4335 1133 4385 neque
1146 4320 1211 4367 illum
1224 4331 1305 4382 neque
1318 4331 1400 4383 quem-

125 4421 202 4473 quam
220 4420 317 4464 eoruur,
336 4420 398 4470 quos
415 4406 441 4455 iu
459 4406 635 4455 auctoritatem
654 4400 720 4466 cta,
740 4404 923 4469 ambiguitatem
938 4420 1016 4469 porse
1032 4406 1138 4468 pipnere
1157 4405 1183 4453 iu
1201 4418 1279 4452 causa
1296 4401 1400 4451 carboli·

124 4507 174 4543 cac
188 4492 253 4553 fidei
269 4498 313 4541 aut
330 4491 517 4541 ecclesiasticae
535 4489 693 4553 disciptinae.
729 4485 863 4539 Faustum
882 4487 976 4540 autem
993 4483 1159 4538 nominatim
1176 4483 1240 4537 ideo
1259 4481 1399 4552 ambigui-

123 4573 218 4627 tatem
236 4571 352 4641 gignere
370 4587 426 4625 non
438 4587 520 4641 posse
534 4569 639 4637 censet,
658 4569 724 4636 quia
737 4569 866 4624 eumdem
884 4576 909 4623 r'u
928 4576 1105 4624 auctoritatem
1122 4580 1223 4639 parrum
1241 4586 1291 4622 uon
1308 4572 1401 4635 recipit

124 4676 237 4714 examen
255 4661 394 4712 catholicae
409 4663 484 4723 fidei,
503 4675 521 4714 a
539 4656 651 4712 Gelasio
669 4654 799 4710 videlicet
823 4653 988 4708 institutum.

199 4743 230 4810 ¹⁸)
249 4742 331 4811 Apud
344 4741 435 4796 Cochl.
457 4750 569 4813 quisquis
586 4747 791 4811 superaedificat.
822 4740 913 4809 Magis
926 4737 1063 4794 arrideret
1081 4744 1184 4808 qrriequc
1198 4758 1262 4810 quae
1276 4742 1403 4805 aedificat.

198 4827 230 4895 ¹⁹)
250 4824 341 4881 Coehl.
363 4833 406 4897 qui
423 4849 438 4880 a
456 4833 496 4882 uia
515 4849 587 4898 quum
604 4843 712 4897 patrum.

196 4912 230 4979 ²⁰)
249 4911 293 4966 lta
311 4912 344 4966 (3¹
359 4915 394 4966 a'.
430 4912 480 4966 Ed.
503 4918 595 4966 Fertur
668 4917 717 4967 sior·
733 4917 906 4981 proposuisse.

161 5016 319 5052 sersronss
333 5017 436 5052 sonan.
452 5017 563 5052 rourrr.
583 5003 604 5052 I.
1160 5003 1199 5060 59
