3224 5506
640 382 835 432 sersrousn
855 372 960 433 4-6.
1375 374 1436 438 139

267 535 290 600 3.
328 532 474 606 Ceterum
501 557 598 620 quum
626 536 759 601 ecclesia
786 541 897 602 nostra
919 539 1118 605 Arelatensis
1151 563 1276 626 semper
1298 544 1339 607 ab
1361 558 1543 628 apo-aton.

194 639 291 708 stolica
306 636 373 702 sede
394 638 510 722 amplis
538 638 701 704 favoribus
724 642 757 703 et
778 640 955 726 privilegiis
977 632 1075 706 fuerit
1096 642 1256 728 decorata,
1285 667 1435 732 rogamus

205 738 371 806 annualem
391 743 492 825 tuam,
515 744 552 805 ut
570 763 628 826 per
651 763 722 805 eam
743 741 825 807 nihil
847 744 940 808 nobis
960 744 1102 829 decedat,
1127 746 1181 810 sed
1197 747 1303 830 potius
1319 770 1435 835 augea·
1461 816 1465 832 ,

213 844 262 905 tur:
278 844 304 905 ut
321 843 348 905 et
368 842 563 907 collaborare
585 846 690 909 tecum
713 843 748 907 in
770 844 864 910 vinea
878 844 1008 909 Domini
1024 846 1084 911 Dei
1101 847 1243 912 Sabaoth
1261 849 1433 935 valeamus,

215 944 237 1003 et
252 941 399 1008 aridorum
421 947 555 1009 conatus
567 945 591 1030 ¹)
614 945 807 1032 infringere,
836 969 924 1032 quos,
948 949 975 1012 si
998 971 1063 1013 non
1086 953 1169 1014 esset
1192 952 1365 1016 auctoritas
1388 975 1435 1018 re-

214 1042 326 1129 primens,
340 1049 461 1111 certum
485 1050 535 1112 est
555 1047 594 1112 de
617 1048 668 1112 die
689 1048 725 1112 in
747 1049 831 1114 diem
861 1053 1063 1134 grassaturos
1085 1053 1120 1116 in
1141 1052 1244 1136 pejus,
1272 1055 1348 1138 quia
1369 1077 1435 1119 ma·

211 1137 271 1227 litia,
288 1149 368 1235 qua²)
388 1171 447 1214 nos
469 1149 613 1234 oderunt,
645 1151 790 1216 ascendit
809 1174 944 1236 semper.
990 1152 1076 1217 Data
1092 1152 1160 1219 Gal.
1238 1153 1354 1220 Severo
1370 1157 1434 1221 Au-

205 1248 279 1320 illio
297 1250 420 1317 consule.
450 1257 457 1266 '

677 1456 859 1560 Epistola
885 1459 919 1541 6.

387 1610 510 1676 Hilari
533 1628 643 1694 papae
665 1609 709 1676 ad
731 1611 923 1678 Leontium
948 1610 1209 1678 Arelatensem.
1446 1643 1560 1711 (ates.)

109 1744 129 1780 ''
144 1740 165 1788 3·
231 1756 373 1826 Respondet
389 1769 497 1819 Leontio
516 1769 552 1818 ad
566 1770 701 1833 proximas
718 1770 827 1826 litteras,
847 1771 1078 1834 praescripserat,
1097 1786 1169 1835 qaum
1185 1773 1372 1835 praecedentes

609 1854 700 1904 Hilari
716 1855 823 1905 nondam
840 1861 988 1918 acceperat.

317 1983 595 2052 Dilectissimo
617 1986 739 2052 fratri
761 1986 931 2052 Leontio
953 1942 1283 2075 Hilarus-papal).

161 2187 167 2195 ⁸
242 2097 271 2158 ¹·
312 2102 488 2171 Dilectioni
508 2127 614 2188 meae,
638 2108 753 2192 quae2)
776 2107 860 2172 circa
882 2107 1032 2172 ecclesias
1055 2107 1241 2172 Gallicanas
1262 2130 1434 2194 omnesque

158 2193 254 2259 meis
282 2199 418 2272 Domini
441 2208 622 2273 sacerdotes
645 2209 742 2274 etiam
764 2210 799 2274 in
821 2209 967 2273 inferiori
995 2209 1096 2294 gradu
1129 2210 1250 2294 positos
1278 2210 1433 2294 abundat,

154 2294 292 2366 mulium
318 2311 444 2376 accedit
466 2311 648 2398 augmenti,
676 2310 759 2399 quod
788 2333 845 2394 per
867 2311 1003 2396 virum³)
1026 2312 1233 2395 spectabilem
1256 2311 1433 2396 Pappolum

154 2390 247 2461 fitium
274 2417 430 2479 nostrum
452 2415 608 2478 sermonis
635 2413 683 2477 tui
712 2411 752 2477 ad
780 2435 830 2477 me
858 2417 934 2477 sunt
956 2413 1063 2478 delata
1083 2414 1255 2498 principia.
1301 2414 1351 2479 Ex
1372 2427 1434 2499 quo

152 2493 256 2564 ΜΘΗ
293 2515 453 2600 conjicio,
479 2516 634 2601 paginam
661 2538 781 2598 meam,
811 2515 1046 2601 quamdudum
1074 2516 1112 2580 de
1141 2517 1344 2601 episcopatus
1372 2519 1435 2581 mei

147 2595 346 2681 Psifflffl'diis
372 2618 457 2702 misi,
493 2618 629 2683 necdum
655 2618 809 2682 traditam
836 2618 897 2681 tibi
926 2617 1035 2701 fuisse,
1065 2640 1162 2702 quum
1189 2619 1358 2683 scriberes:
1396 2619 1435 2684 de

146 2709 363 2801 quantique
390 2742 457 2786 non
490 2719 647 2799 siluisses,
683 2720 746 2784 nisi
774 2720 966 2805 perlatorem
999 2720 1106 2804 aliqua
1140 2741 1234 2785 causa
1263 2721 1433 2787 tardasset.

146 2791 234 2866 Unde
267 2823 367 2898 quod
385 2805 423 2889 *et
444 2822 638 2887 consuetudo
665 2821 853 2907 poscebat⁴)
880 2825 913 2887 et
936 2822 1063 2906 caritas,
1088 2822 1283 2906 jampridem
1310 2845 1361 2888 me
1383 2846 1434 2888 ex-

141 2906 300 3008 &fellium
328 2925 428 2991 fuisse
450 2925 614 3011 significo,
643 2927 676 2989 et
702 2925 762 2989 hoc
789 2925 868 3009 ipsis
889 2925 1070 2988 litterarum
1085 2917 1329 3008 exemplaribus,
1354 2947 1435 3009 quae

138 2993 252 3112 ‘¹¹¹5ss
295 3026 432 3106 plenius
459 3049 553 3092 nosse
575 3048 630 3091 vos
654 3027 762 3110 cupio:
794 3030 831 3091 ut
852 3026 958 3091 officio
983 3027 1129 3090 fraterno
1151 3027 1186 3091 in
1208 3026 1296 3090 nullo
1318 3026 1436 3090 iutelli-

133 3101 218 3176 gfltm
252 3115 376 3195 fuisse
404 3151 456 3195 me
483 3129 640 3212 desidem,
675 3130 708 3192 et
738 3129 785 3192 ita
816 3127 965 3221 vicissim⁸
984 3128 1226 3212 frequentandis
1253 3128 1435 3193 studeamus

131 3194 317 3308 ²H⁰q¹¹ii⁸‚
347 3234 383 3297 ut
404 3231 509 3297 vicem
530 3231 624 3296 uobis
647 3230 825 3296 communis
846 3231 1048 3315 praesentiae
1071 3229 1232 3295 scribendi
1255 3251 1330 3294 cura
1352 3251 1435 3294 com-

127 3313 265 3395 peffl,
300 3329 413 3399 frater
436 3334 608 3399 carissime.

206 3405 249 3476 2·
294 3433 487 3522 Attenuat)
508 3435 616 3521 itaque
640 3435 817 3525 communis
838 3435 886 3500 tui
900 3435 1041 3522 gratiam
1058 3434 1163 3520 perire
1177 3456 1245 3508 non
1259 3456 1373 3518 passus
1389 3456 1433 3518 es,

123 3588 473 3641 N-

188 3709 207 3776 ¹)
236 3718 347 3800 1¹¹ber
373 3759 472 3801 eorum
493 3760 651 3810 numerum,
683 3740 731 3811 qui
757 3742 910 3798 etiamtunc
932 3741 1064 3797 ecclesiae
1090 3740 1260 3796 Arelatensis
1286 3739 1434 3810 privilegis

118 3808 203 3863 ΜΨ
228 3805 404 3896 ferebitet,
421 3845 491 3900 prae
509 3827 637 3882 omnibus
656 3827 802 3898 episcopus
811 3827 977 3882 Viennensis
996 3827 1069 3891 erat;
1088 3828 1121 3881 cf.
1136 3825 1209 3880 inira
1221 3826 1300 3894 epist.
1310 3833 1341 3879 10
1352 3832 1381 3878 et
1395 3832 1433 3878 ll.

138 3968 146 3985 ,
185 3881 207 3946 ’t
237 3901 297 3946 θ’·
326 3922 380 3986 quai,
400 3913 530 3985 suppleto
548 3913 685 3981 admarg.
701 3931 794 3979 eorum,
813 3929 932 3982 moxque
950 3928 983 3967 ex
1001 3928 1050 3965 ms.
1064 3913 1132 3965 nota
1144 3910 1275 3965 chronica
1286 3909 1436 3965 obliterata

122 3969 210 4020 “lm
242 3983 369 4054 Severo
388 4004 456 4066 Aup.
475 4006 544 4054 cois.
564 3996 721 4067 expiscatus
740 3999 789 4051 est.

191 4068 214 4133 ¹)
241 4078 332 4156 Hic
349 4100 471 4172 epistola
488 4099 599 4154 Hilarus
616 4098 760 4169 proximae
778 4099 915 4165 rescribit,
933 4117 1020 4168 quare
1038 4116 1094 4154 nou
1111 4098 1200 4152 multo
1217 4098 1283 4166 post
1300 4095 1367 4150 data
1384 4096 1433 4149 est.

191 4153 314 4262 ‘tlh
334 4184 621 4241 a¹a¹a'11⁴bc⁵c¹¹.
657 4185 695 4239 At
712 4187 741 4239 a³
758 4202 791 4239 ex
812 4205 830 4238 α
847 4183 932 4238 aliam
949 4183 1213 4239 numerationem
1231 4185 1435 4243 „conannlorem

174 4258 358 4359 '’Tweu‘t
377 4287 464 4341 quarn
479 4269 570 4341 ipsam
587 4269 711 4325 invenire
728 4285 785 4324 uon
802 4267 890 4340 potui.

257 4351 297 4398 ⁰2¹
314 4356 336 4410 b
353 4377 438 4412 rernm
455 4367 481 4411 et
499 4359 705 4424 respectabilem,
724 4357 754 4409 α’
771 4375 855 4411 remim
872 4357 1079 4423 exspectabilem.

208 4409 235 4479 ι)
257 4422 314 4491 ΕΚ
332 4440 421 4497 Hilari
438 4439 558 4512 epistola
575 4445 592 4495 t
609 4439 773 4507 ostenditur,
799 4439 828 4494 id
846 4440 930 4494 moris
948 4437 1034 4494 fuisse
1052 4434 1185 4492 Maianis
1202 4433 1387 4506 pontificibus,
1406 4439 1437 4491 ut

153 4505 188 4561 de
203 4503 394 4596 P‘Ginsuone
412 4522 632 4596 sua'primarios
649 4525 796 4596 regionum
818 4524 963 4595 episcopos
981 4523 1119 4578 certiores
1142 4521 1279 4587 facerent,
1301 4519 1357 4588 qui,
1373 4536 1436 4576 eam

162 4589 284 4653 ulmis
304 4611 401 4668 aaa
419 4610 620 4682 agnmarena
644 4610 678 4666 c.
698 4630 719 4666 a.
738 4610 867 4681 cypsan.
886 4609 916 4665 a
933 4609 1015 4664 corn.
1034 4607 1145 4678 opaea
1163 4613 1224 4662 aa.

230 4670 257 4743 ι)
279 4692 308 4742 ⁰¹¹
322 4697 469 4754 a²c¹L⁴b
491 4702 603 4767 acceptis
620 4702 707 4768 itaqroe
725 4703 857 4751 cammarus
880 4700 917 4748 tui
936 4700 1046 4765 pralium
1065 4698 1154 4773 perire
1177 4713 1227 4748 aon
1245 4709 1340 4761 passus
1362 4709 1389 4745 es
1411 4702 1437 4745 et

186 4760 243 4845 vit
262 4777 297 4826 *θ
312 4787 483 4838 cddciwdiae.
519 4784 545 4837 ο5
556 4786 665 4852 affectus
682 4787 767 4852 itaque
785 4786 823 4835 tui
881 4787 907 4834 ei
916 4783 1085 4840 sollicitudini,
1105 4781 1436 4847 c'1affectusitaquecom·

196 4849 274 4919 matu,
298 4860 398 4938 hocque
420 4867 539 4924 suadent
560 4867 610 4923 illa
631 4865 781 4938 superioris
799 4865 878 4936 epist.
893 4872 921 4920 b:
944 4876 973 4918 at
994 4869 1073 4918 etsie
1090 4869 1207 4933 affectas,
1226 4868 1269 4933 qui
1284 4868 1352 4915 inter
1369 4869 1436 4913 lucra

205 4941 332 5007 emittes
345 4966 369 5010 st
386 4973 434 5009 nos
445 4959 548 5027 jandiu
564 4958 665 5016 conat,
682 4958 709 5007 in
726 4957 834 5007 Domino
851 4954 1074 5007 conobcraretur.

132 4253 159 4298 el
