3204 5506
170 303 232 368 888
610 316 639 364 s.
656 315 862 364 rronnrsnsn
885 315 1001 364 rsusn

42 486 77 553 (a.
89 485 159 550 51⁰.)
172 474 240 538 Deo
258 473 393 557 juvante
416 469 642 553 sustinemus²)
667 469 855 553 aduentum3
877 492 936 554 pro
957 493 1021 556 qua
1042 493 1078 536 re
1101 493 1157 536 cos
1179 472 1215 537 in
1237 471 1323 539 Urbe
1343 476 1421 543 eredi-

171 597 241 640 mus
263 573 459 656 retinendos,
486 595 505 636 a
527 593 590 657 qua
611 592 672 635 nec
693 572 754 656 ipsi
777 572 978 637 ordinatione
1000 573 1210 644 dissentimrt.
1255 576 1422 661 Amplitud-

171 701 247 744 ncm
263 679 401 742 uestram
415 678 526 738 tamen
540 674 679 739 retinere
695 674 892 758 confidimus,
916 677 1001 760 quod
1015 675 1055 740 de
1069 677 1150 762 ipsis
1165 678 1261 743 nobis
1274 682 1423 762 praeterito

173 785 317 864 tempore
344 776 495 862 litteris³)
524 776 694 841 destinatis
721 776 900 860 scripserit.
952 777 991 842 In
1018 799 1155 862 quorum
1189 779 1423 866 allegationibus,

174 904 271 967 qnnm
303 878 419 963 legatis
448 878 664 943 remeantibus
688 883 906 962 competenter
933 879 1090 945 fuerimus
1119 881 1288 966 instructi,
1315 885 1425 969 siquid

175 981 423 1067 reprehensione
446 979 581 1065 digruum
597 981 738 1065 cognitio
760 983 871 1045 nostre
892 982 1057 1066 repererit,
1081 1005 1215 1049 necesse
1230 987 1290 1067 est,
1311 989 1346 1050 ut
1358 987 1425 1051 circs

175 1108 229 1150 eos
251 1088 417 1148 teneamus
440 1083 689 1148 ecclesiasticam
712 1083 925 1166 disciplinam.
969 1082 1170 1171 Victorem⁴)
1194 1090 1365 1170 praeterea,
1384 1091 1425 1173 qui

176 1185 319 1251 diaconis
352 1184 469 1249 babere
496 1185 684 1270 perhibetur
709 1185 867 1269 officium,
904 1186 994 1270 cujus
1021 1187 1117 1252 fidem
1143 1186 1178 1251 lui
1210 1188 1273 1273 ipsi
1299 1190 1427 1255 monachi

176 1287 381 1353 vehementer
396 1290 560 1370 accusant,
583 1286 634 1351 vel
656 1287 745 1370 alios,
768 1288 823 1373 qni
838 1310 1004 1372 perversos
1018 1289 1159 1354 forsitan
1174 1290 1333 1375 objiciunt
1351 1314 1427 1376 quse

176 1391 306 1471 stiones,
330 1388 531 1453 ordinatione
553 1388 673 1453 domini
696 1389 754 1453 filii
776 1390 880 1453 nostri
908 1389 1148 1456 clementissimi
1178 1393 1374 1478 imperatoris
1396 1394 1427 1457 sd

178 1492 298 1557 Urbem
320 1490 410 1555 vobis
432 1490 679 1576 suggerentibus
702 1491 899 1576 dirigantur,
929 1495 966 1556 ut
986 1492 1153 1558 muiversas
1175 1494 1379 1581 allegationes
1397 1496 1428 1559 de

177 1593 292 1678 quibus
315 1592 514 1657 contendumt
535 1615 594 1657 nos
615 1593 772 1677 possimus
795 1584 978 1678 agnoscere.

149 1908 160 1961 l
683 1779 865 1883 Epistola
891 1781 948 1863 92.

39 1910 167 1976 (umor.

43 1975 158 2046 mm,
261 1932 473 2000 Hormisdou
495 1950 606 2016 papac
628 1934 671 2000 ad
694 1934 829 2016 Elium,
852 1932 1024 1999 nucinum
1046 1936 1085 2001 ct
1106 1937 1362 2005 Nicostratum.

197 2075 231 2126 Se
247 2092 297 2140 pro
315 2091 400 2125 eorum
417 2090 495 2124 cussa
507 2075 738 2139 adispertinus,
753 2076 900 2139 Augustam,
917 2075 1091 2127 Jrsstininnuns
1103 2084 1129 2127 et
1143 2078 1293 2128 Germanum
1303 2081 1422 2143 scripsisse
1440 2092 1458 2144 p.
1467 2082 1485 2126 u

747 2163 881 2226 significet.

332 2292 541 2357 Hormisda
563 2292 693 2376 Elias,
724 2293 893 2360 Thomae
915 2299 954 2360 et
976 2295 1213 2361 Nicostrato
1235 2297 1434 2382 episcopis.

264 2414 392 2489 Quusunto
407 2434 497 2476 mens
512 2415 623 2475 nostra
646 2412 762 2477 doloris
779 2415 876 2478 vestri
891 2414 1140 2499 participatione
1155 2415 1322 2501 fatigetur,
1345 2437 1438 2499 super·

180 2539 316 2581 vacumn
342 2519 392 2579 est
414 2514 499 2598 apud
520 2514 693 2597 probantes
715 2517 859 2579 mutuam
883 2516 1051 2581 caributem
1073 2517 1180 2581 verbis
1195 2517 1374 2582 adstruere:
1393 2517 1440 2582 sed

180 2619 251 2701 ille,
280 2617 335 2701 qui
357 2619 391 2680 et
411 2619 556 2679 nostrum
579 2615 722 2680 animum
745 2619 778 2680 et
805 2620 926 2682 vestros
949 2618 1074 2684 labores
1101 2622 1264 2684 scrutator
1292 2622 1442 2704 praescius

180 2722 335 2800 intuetur,
355 2739 531 2781 moerorem
546 2720 690 2782 nostrunn
705 2722 812 2783 vestra
827 2721 862 2783 in
877 2720 1030 2804 gaudium
1045 2720 1261 2805 prosperitate
1277 2726 1441 2786 sonuertnt

181 2822 301 2885 Verum
323 2842 364 2884 ne
387 2842 526 2904 unquam
548 2842 606 2903 pro
628 2823 733 2884 vestro
755 2820 886 2905 negotio
908 2822 967 2885 sub
994 2821 1189 2906 allegatione
1213 2822 1393 2904 justissima
1417 2826 1445 2887 et

182 2922 300 2987 blamla
324 2921 552 2986 intercessione
576 2944 744 3005 cessemus,
768 2923 920 2987 noveritis
942 2945 1000 2987 nos
1023 2926 1091 2987 tam
1113 2923 1153 2987 ad
1169 2924 1445 2989 clementissimum

181 3024 369 3109 principem,
393 3046 487 3108 quarn
511 3025 550 3088 ad
573 3024 913 3109 praecellentissimam
928 3026 1122 3110 Angustam,
1145 3047 1207 3090 nec
1230 3047 1299 3090 non
1322 3027 1363 3090 ad
1383 3027 1445 3091 illu-

181 3131 263 3192 stres
286 3130 319 3190 et
341 3126 529 3211 magnificos
553 3127 636 3190 viros
658 3126 878 3191 Justinianum
894 3129 989 3211 atquc
1006 3126 1202 3191 Germanum
1224 3126 1309 3192 filios
1331 3132 1447 3193 nostros

180 3229 306 3293 litteras
329 3228 522 3311 destinasse,
553 3230 693 3292 vestrum
719 3227 901 3313 specialiter
928 3229 1096 3313 negotium
1124 3227 1349 3313 continentes,
1377 3251 1447 3315 quss

182 3332 250 3396 viro
273 3330 400 3394 sublimi
424 3330 561 3416 Eulogio
583 3330 630 3395 ita
652 3321 851 3414 tradidimus,
879 3331 972 3395 utin
994 3333 1100 3395 vestro
1121 3329 1264 3414 primum
1285 3336 1386 3416 ponat
1406 3352 1447 3395 ar-

183 3432 289 3516 bitrio,
319 3436 427 3496 utrum
449 3455 583 3516 pervus
606 3453 659 3495 eas
682 3431 810 3519 eligatis
833 3433 956 3516 offerre,
985 3455 1027 3496 an
1049 3431 1236 3517 peripsum
1258 3433 1366 3518 potius
1386 3454 1448 3518 per·

249 3686 331 3754 ²)A1,
349 3692 504 3753 festinemus.
544 3686 632 3756 Huius
649 3687 729 3741 verbi
750 3688 812 3742 loco
830 3693 979 3743 sustinemus
997 3685 1200 3741 restituendum
1217 3703 1293 3754 esse,
1310 3686 1384 3742 inter
1399 3685 1448 3740 dis

182 3772 353 3843 persuadent
368 3772 439 3826 haec
450 3771 614 3826 Hormisdou
633 3772 711 3842 epist.
728 3778 775 3826 103
793 3792 819 3827 n.
833 3781 849 3827 3
867 3771 904 3826 ad
920 3771 1029 3841 legatos
1047 3770 1083 3826 de
1095 3770 1195 3835 iisdem
1207 3771 1355 3827 monacbis
1366 3771 1446 3825 diets:

183 3864 226 3928 qui
242 3878 314 3927 quanm
331 3865 426 3911 nollent
442 3864 567 3911 sustinere
584 3868 685 3912 oestrus
704 3860 849 3911 dilectionis
866 3863 1005 3911 aduentum.
1037 3855 1142 3922 Quibus
1155 3874 1189 3911 ex
1200 3856 1296 3911 verbis
1306 3858 1447 3928 praetem

184 3941 325 4009 discimus,
352 3960 399 3997 eos
422 3943 470 4011 qui
491 3941 656 3996 Hormisdac
679 3940 848 3996 ordinationi
869 3944 953 4010 atquc
977 3941 1091 3996 consilio
1117 3941 1243 4011 primum
1269 3940 1447 4005 memorant

186 4027 276 4083 eidem
294 4030 392 4097 postca
409 4028 567 4096 refragatos
586 4044 653 4081 esse.

251 4114 272 4178 ³)
289 4111 326 4165 Iis
343 4111 483 4178 videlicet,
506 4129 574 4180 quas
596 4129 648 4182 per
665 4112 813 4181 Eulogium
835 4110 1047 4180 magistrianum
1069 4108 1239 4177 destinarat,
1260 4111 1316 4166 lucc
1340 4111 1382 4166 cst
1397 4109 1446 4180 spi·

185 4197 258 4251 stolo
275 4201 319 4262 78,
342 4214 398 4265 qua
415 4199 446 4250 ut
463 4197 613 4252 Hormisda
631 4196 747 4266 Scythas
764 4197 915 4251 monachos
932 4203 1009 4265 dipsa
1026 4203 1187 4251 correctione
1204 4203 1339 4264 perculsos
1357 4202 1446 4265 pedm

180 4286 297 4347 jerberet,
316 4280 488 4335 Justinianus
505 4283 674 4351 postulabat.
706 4281 840 4347 Quocirca
857 4282 1015 4351 proximum
1031 4281 1100 4335 illud
1115 4286 1262 4350 praeterito
1275 4292 1387 4350 tenpore
1397 4295 1445 4333 ncn

185 4365 300 4434 longum
317 4368 427 4434 tempus
446 4366 624 4434 antecedens,
642 4368 691 4422 sed
708 4366 869 4438 simpliciter
886 4365 915 4419 id
933 4365 1009 4436 quod
1021 4377 1099 4421 antea
1109 4366 1199 4422 sonat.
1230 4364 1316 4420 Forte
1332 4363 1444 4435 prudens

185 4467 261 4518 papa
277 4450 330 4503 hac
347 4468 411 4503 ursus
430 4452 473 4504 est
490 4451 621 4520 loquendi
640 4451 759 4518 ratione,
778 4454 810 4506 ut
826 4450 993 4517 sententiae,
1011 4466 1096 4520 quam
1113 4447 1288 4503 Justinianus
1304 4448 1377 4505 circa
1387 4448 1445 4517 Scy·

186 4533 249 4587 thas
275 4535 426 4588 monachos
447 4535 566 4602 tulerat,
593 4536 714 4591 subitam
741 4536 925 4591 mutationem
952 4533 1159 4604 quodammodo
1189 4535 1310 4603 tegeret
1356 4531 1443 4587 Tscits

186 4619 281 4673 tamen
298 4619 379 4672 notat
395 4618 611 4675 inconstantiam
629 4622 700 4690 ejus,
719 4622 748 4675 et
765 4639 815 4676 cur
832 4621 982 4675 monachos
999 4619 1062 4674 illos
1080 4634 1136 4674 non
1153 4617 1291 4679 dimittat.
1315 4617 1443 4673 rationem

192 4702 291 4756 reddit.

253 4789 273 4853 ⁴)
293 4787 499 4843 Grammaticos
518 4791 593 4858 leges
615 4796 705 4846 Victor
723 4795 751 4845 ct
768 4791 885 4845 subinde
903 4798 943 4846 oet
959 4797 1015 4853 ulii,
1034 4806 1089 4844 nou
1106 4795 1145 4843 net
1161 4795 1239 4853 alios,
1258 4786 1380 4857 exigunt
1406 4782 1441 4837 lle

186 4869 239 4926 hoc
257 4870 369 4925 Victore
388 4872 468 4942 epist.
488 4881 521 4930 98
539 4892 565 4927 n.
585 4882 600 4927 ‘2
619 4876 700 4947 plura
718 4876 912 4932 edisserentur.
