3204 5506
191 319 230 383 16
533 336 668 383 nourrii
691 337 841 384 suanum
864 337 900 384 ru
923 336 1057 386 rnn1c1s
1081 337 1117 384 11.

189 496 361 569 exprimitur:
393 496 558 553 Constitutio
574 513 676 569 papae
691 498 798 554 delicis
818 484 983 571 Africanae
1002 500 1171 569 prouinciae
1192 498 1227 552 de
1249 515 1305 554 non
1327 498 1455 569 rebapti-

189 583 307 644 zandis;
329 598 411 654 quum
431 582 458 637 in
479 581 575 638 iisdem
596 582 793 657 exemplaribus
813 580 933 639 subnexa
955 583 1070 657 epistola
1086 586 1227 639 uniuersis
1243 585 1388 655 episeopis
1397 597 1457 655 per

188 666 321 723 diuersas
334 670 502 738 provincias
518 670 679 724 constitutis
690 667 854 724 inscribitur.
878 669 912 722 dt
927 670 954 724 in
966 676 1072 724 vetusta
1088 667 1150 724 coll.
1165 667 1239 741 llisp.
1252 668 1280 723 in
1291 668 1456 741 perantiquo

189 750 281 807 codice
305 750 338 807 ad
358 750 479 823 ejusdcm
502 751 631 809 ecclesiae
653 769 732 809 usum
753 754 913 810 concinnato
930 762 958 809 et
973 753 1043 828 apud
1059 753 1190 809 isidorum
1206 752 1382 809 liercatorem
1396 751 1457 807 sola

189 843 294 892 retenta
316 844 357 892 est
378 837 494 912 epistola
514 839 554 894 ad
573 841 726 911 episcopos
744 854 800 911 per
817 839 944 895 Siciliam
965 840 1107 913 inscripta,
1130 839 1326 913 praetermissis
1346 838 1374 893 in
1396 835 1457 907 ejus

189 921 279 977 fronte
295 924 381 996 gestis
397 931 425 978 et
440 921 472 977 ad
487 922 587 979 calcem
602 923 738 979 consulari
754 931 832 986 uota,
853 922 900 979 sed
916 921 1039 997 praefixis
1056 925 1080 979 ei
1096 925 1216 997 quinque
1231 922 1332 984 titulis,
1355 920 1457 996 quibus

89 1035 95 1057 i
188 1005 358 1079 synodalium
373 1006 545 1063 decretorum
560 1025 663 1063 summa
678 1017 906 1082 repraesentatur.
933 998 1051 1065 Sirbinde
1064 1010 1110 1083 qui
1121 1008 1281 1064 Navarreum
1292 1006 1457 1063 isidorianae

188 1090 358 1149 collectionis
381 1091 532 1166 exemplum
552 1092 585 1148 ab
607 1094 682 1149 aunis
704 1094 800 1150 saltem
816 1094 878 1152 600
893 1093 1044 1168 descripsit,
1061 1095 1087 1150 in
1104 1093 1193 1168 aliquo
1209 1092 1308 1149 codicis
1328 1091 1457 1147 lladriani

189 1176 333 1250 exemplari
348 1185 426 1251 gesta
441 1185 544 1238 nactus,
561 1194 591 1233 ea
606 1180 645 1234 sic
659 1180 831 1253 perstrinxit:
848 1181 951 1236 Flauio
962 1179 1082 1236 Boethio
1099 1198 1123 1235 o.
1140 1196 1165 1235 c.
1179 1195 1219 1243 cs.
1232 1178 1285 1234 sab
1300 1180 1327 1234 d.
1345 1177 1397 1233 ΙΙΙ
1409 1177 1455 1233 Id.

189 1261 278 1317 Mart.
295 1265 323 1318 in
340 1263 461 1319 basilica
478 1263 714 1320 Constantiniana
730 1266 873 1322 residente
889 1265 1049 1321 venerabili
1054 1268 1122 1341 'niro
1137 1264 1171 1320 P.
1188 1265 1286 1319 Felice
1307 1280 1367 1319 una
1389 1278 1457 1318 cnm

189 1350 333 1420 episcopis
348 1364 466 1404 numero
481 1348 552 1404 XLI
561 1349 590 1418 V,
606 1350 798 1405 residentibus
815 1353 900 1406 ctiam
912 1352 1092 1424 presbyteris
1106 1349 1192 1405 LXX
1199 1349 1250 1419 Vl,
1274 1348 1458 1404 adstantibus

189 1449 301 1505 quoque
316 1434 485 1490 diaconibus
501 1436 544 1490 uel
560 1441 664 1491 cuncto
677 1436 764 1505 clero,
778 1435 865 1492 Felix
877 1437 1049 1507 praedictus
1061 1439 1214 1507 episcopus
1227 1440 1281 1489 etc.
1374 1432 1456 1488 Ana-

189 1520 297 1574 stasius
312 1521 464 1591 episcopus
479 1522 620 1575 recitauit.
644 1517 745 1586 Quibus
763 1518 849 1575 verbis
862 1521 984 1594 proxime
999 1519 1157 1590 subjicitur:
1173 1520 1373 1575 Dilectissimis
1385 1517 1457 1590 sra-

190 1603 281 1659 tribus
296 1611 324 1659 et
335 1607 478 1661 uniuersis
488 1607 632 1677 episcopis
641 1621 698 1677 ρον
708 1606 840 1661 diuersas
846 1609 1015 1677 prouincias
1028 1608 1189 1662 constitutis
1200 1605 1287 1661 Felix
1299 1607 1458 1676 episcopus

188 1691 218 1745 in
234 1687 353 1745 Domina
368 1691 499 1745 salutem.
530 1688 589 1763 lpsa
609 1691 688 1745 etiam
704 1698 781 1764 gesta
796 1691 901 1764 integra
916 1691 942 1745 in
959 1688 1114 1746 Golbertino
1133 1690 1203 1746 item'
1219 1688 1389 1745 collectionis
1406 1686 1457 1743 lsi·

189 1772 249 1828 dori
264 1772 356 1829 codice
372 1782 429 1830 not.
447 1773 506 1830 351
524 1773 620 1831 adsuta
637 1774 769 1830 semiiolio
786 1782 848 1830 ante
864 1791 949 1831 annos
965 1775 1027 1834 600
1041 1774 1167 1849 suppleta
1183 1781 1256 1830 sunt.
1277 1774 1316 1828 lta
1330 1774 1358 1828 in
1374 1773 1456 1828 variis

189 1857 242 1913 illis
263 1857 400 1915 codicibus
421 1858 556 1933 duplicem
578 1859 619 1916 vel
642 1861 722 1916 etiam
744 1860 876 1934 triplicem
897 1860 1057 1917 offendimus
1071 1859 1194 1930 ejusdem
1209 1858 1341 1933 epistolae
1358 1859 1457 1913 inscri-

190 1945 324 2018 ptionem:
351 1941 431 2000 unam
451 1944 509 2000 scil.
526 1945 613 2001 minias
635 1961 788 2019 expressam
809 1945 857 2001 sed
878 1945 967 2001 indice
989 1962 1038 2001 seu
1059 1946 1205 2002 summario
1230 1943 1310 1999 titulo
1332 1950 1455 1998 riotatam

190 2029 353 2101 Africanae
362 2033 542 2102 prouinciae,
559 2029 669 2087 alteram
686 2033 829 2087 uniuersis
844 2035 987 2104 episcopis
995 2047 1051 2103 ρον
1062 2033 1194 2087 diuersas
1203 2032 1372 2102 prouincias
1384 2044 1455 2084 con-

189 2118 304 2191 utitatis,
320 2123 484 2190 postremam
499 2119 644 2189 episeopis
661 2131 717 2189 per
733 2117 868 2172 Siciliam.
906 2115 1046 2182 Quomodo
1068 2132 1131 2172 vero
1153 2116 1280 2189 componi
1301 2120 1382 2187 queat
1403 2114 1456 2168 ista

191 2201 321 2256 varietas?
350 2199 385 2256 Ut
400 2201 452 2257 boc
466 2209 638 2276 perspectum
654 2200 791 2265 habeatur.
809 2217 906 2275 operae
921 2203 1038 2275 pretium
1053 2209 1109 2265 est,
1126 2218 1194 2275 qnae
1209 2198 1354 2274 synodicae
1369 2197 1456 2270 liujus

189 2285 320 2360 epistolae
335 2285 546 2343 conscribendae
561 2288 667 2344 occasio
683 2287 773 2349 luerit,
791 2287 883 2360 paucis
898 2286 1039 2363 explicare.

276 2395 304 2452 2.
335 2397 426 2452 Victor
442 2397 557 2453 Vitensis
573 2397 636 2454 hist.
652 2413 757 2472 perseo.
774 2396 858 2452 Vaud.
875 2396 894 2453 l.
912 2396 940 2458 V,
960 2396 997 2454 13
1013 2398 1220 2471 persecutionis,
1244 2412 1323 2471 qnam
1339 2393 1456 2451 lluncri·

190 2497 237 2538 cus
253 2498 300 2537 rex
320 2482 348 2537 in
364 2481 453 2538 Africa
472 2483 595 2556 proxime
616 2484 751 2544 excitarat,
773 2483 931 2557 gravitatem
949 2497 1095 2555 exponens,
1118 2490 1185 2553 tum,
1208 2483 1304 2555 inquit,
1330 2481 1458 2543 Vandali

191 2568 293 2640 ubique
314 2566 480 2624 obsidebant
498 2571 613 2638 itinera,
636 2574 668 2624 ut
688 2574 873 2624 transeuntes
894 2567 1118 2640 rebaptizandos
1140 2569 1180 2623 ad
1198 2568 1365 2624 sacerdotes
1386 2582 1457 2622 suos

190 2653 376 2722 adducerent,
393 2667 448 2708 nec
463 2655 529 2710 allis
543 2656 602 2710 siue
611 2656 738 2724 priuatis
752 2656 811 2710 siue
826 2653 1050 2726 nepotiatoribas
1065 2671 1207 2727 quoquam
1223 2654 1358 2721 transire,
1381 2653 1458 2707 nulli

191 2738 300 2809 aliquid
314 2738 436 2794 uendere
452 2740 495 2794 oet
510 2753 605 2794 emere
619 2739 738 2809 licebat,
762 2740 819 2794 nisi
836 2753 912 2810 prae
932 2752 963 2794 se
975 2737 1094 2809 serrant
1108 2741 1295 2810 scripturam,
1313 2752 1389 2809 quae
1405 2751 1456 2792 eos

190 2824 387 2895 rebaptizatos
409 2838 471 2879 esse
491 2825 576 2895 fidem
593 2823 782 2896 facerem...
813 2823 878 2894 Ipsi
898 2826 984 2879 etiam
1005 2825 1135 2895 ejusdem
1156 2831 1254 2880 sectae
1277 2825 1409 2894 episcopi
1429 2830 1457 2877 et

188 2907 353 2982 presbyteri
373 2924 437 2965 cum
457 2916 635 2965 amatorum
655 2927 742 2965 manu
762 2911 914 2965 nocturnis
930 2911 1103 2981 temporibus
1123 2911 1200 2965 meos
1215 2916 1242 2964 et
1258 2909 1380 2964 castella
1396 2910 1456 2962 cir-

191 2994 391 3050 cuibant....
414 3000 447 3050 et
468 3010 556 3067 quos
576 2995 667 3052 domi
686 3000 922 3066 repererant,
945 2997 1053 3050 etiam
1072 2998 1106 3050 in
1126 2996 1279 3050 lectulis
1296 3009 1456 3064 sopora·

191 3084 260 3144 toS,
288 3079 398 3135 imbre
424 3080 527 3153 ipheo
554 3086 587 3136 et
605 3080 784 3152 fulmineo
810 3087 1072 3153 resperpentes
1096 3081 1333 3135 daemoniaca
1355 3081 1456 3133 voci·

188 3163 381 3236 seratione
397 3164 633 3223 Christianos
653 3181 737 3223 suos
753 3164 983 3222 vocitabant.
998 3206 1005 3220 .
1020 3207 1048 3221 ..
1083 3165 1175 3220 Tanta
1192 3180 1260 3221 uero
1276 3169 1340 3219 erat
1356 3178 1457 3219 eorum

189 3253 339 3319 protervia
361 3256 442 3305 tanta
464 3253 611 3314 uiolentia,
633 3258 665 3307 ut
686 3253 840 3322 episcopus
855 3251 969 3324 puidam
981 3257 1181 3323 praestantem
1198 3252 1339 3305 ecclesiae
1355 3249 1456 3303 catho-

189 3336 266 3390 licae
284 3337 465 3406 praesulem,
497 3336 677 3393 Habetdeum
697 3339 817 3405 nornine,
836 3336 959 3408 pedibus
980 3336 1168 3409 manibusque
1193 3337 1335 3409 eollipatis
1356 3340 1384 3388 et
1404 3349 1458 3389 ore

190 3420 323 3476 obturata
343 3435 380 3476 ne
401 3424 554 3491 clamaret,
586 3421 778 3477 Christianum
801 3436 833 3476 se
858 3422 993 3493 effecisse
1020 3424 1208 3495 ploriaretur,
1240 3421 1458 3494 quiunquam

192 3505 503 3577 rebaptizationis
523 3509 615 3579 ipsius
636 3509 755 3578 corpori
774 3505 937 3577 infudisset.
976 3508 1013 3562 At
1033 3524 1089 3563 non
1111 3521 1206 3563 omnes
1229 3521 1265 3561 ea
1281 3507 1457 3578 constantia,

191 3609 249 3663 qua
264 3593 384 3663 insipnis
398 3593 446 3647 itte
458 3594 591 3663 praesui,
607 3591 684 3647 hane
699 3593 873 3665 saeriiepam
889 3609 994 3664 aquam
1010 3594 1211 3665 repulsarum.
1242 3591 1343 3664 Neque
1359 3597 1457 3646 tamen

191 3688 239 3730 eos
255 3678 348 3745 etiam,
366 3679 416 3748 qai
429 3678 534 3748 impiae
549 3680 668 3749 tyranni
683 3679 822 3733 uoluntati
836 3684 994 3748 cesserant,
1012 3681 1123 3750 quietos
1139 3692 1201 3733 esse
1211 3680 1276 3732 sivit
1288 3675 1457 3732 turbulenta

191 3775 296 3816 scaevae
307 3764 523 3832 persecutionis
535 3764 680 3833 procella.
708 3762 786 3818 Hinc
803 3763 924 3833 plurimi
942 3766 1066 3835 primam
1083 3778 1142 3834 per
1162 3765 1273 3818 uicinas
1295 3777 1331 3816 ac
1352 3761 1458 3817 deinde

188 3861 244 3917 per
264 3847 340 3901 alias
355 3850 447 3917 paula
463 3849 630 3903 remotiores
641 3850 811 3919 prouincias
832 3848 949 3920 disjecti
967 3849 1156 3922 dispersique.
1199 3845 1329 3914 Quocirca
1357 3843 1457 3902 l'clicis

191 3947 334 3986 successor
347 3930 467 3987 Gelasins
480 3931 633 4005 ep.15u.1
648 3933 674 3987 in
687 3930 806 4005 generali
817 3929 941 3994 iorruula,
959 3950 1039 4006 quam
1050 3933 1178 4007 episcopo
1191 3933 1288 4005 cuique
1303 3947 1352 3986 seu
1364 3929 1457 3987 ltaliae

191 4032 239 4071 seu
254 4017 396 4090 regionum
412 4016 522 4072 aliarum
543 4018 570 4072 in
592 4015 760 4073 ordinatione
781 4033 829 4071 sna
850 4018 990 4073 constituit
1009 4017 1176 4080 tradendam,
1198 4016 1271 4073 istud
1296 4017 1457 4071 nominatim

192 4102 378 4176 praescripsit:
390 4101 480 4174 Afros
487 4104 598 4174 passim
610 4105 649 4158 ad
659 4104 872 4158 ecclesiasticos
883 4104 999 4159 ordines
1005 4104 1234 4176 praetendentes
1245 4104 1328 4158 nitito
1341 4104 1458 4157 ratione

191 4190 338 4259 suscipiat,
370 4191 438 4260 prtia
468 4190 559 4260 aliqui
587 4203 685 4245 eorum
711 4188 889 4251 Manichaei,
920 4190 1012 4261 aliqui
1040 4188 1216 4260 rebaptizati
1243 4189 1362 4258 saepius
1387 4194 1458 4243 sunt

187 4273 314 4344 probati.

275 4385 304 4441 3.
335 4381 372 4438 Ex
388 4383 437 4438 hac
451 4383 572 4456 simplice
588 4385 758 4458 expositione
773 4383 945 4457 perspicuum
961 4382 1082 4447 babetur,
1100 4400 1152 4457 qna
1167 4385 1271 4440 ratione
1286 4382 1379 4438 eadem
1396 4385 1455 4457 epi·

190 4468 261 4523 stola
282 4475 309 4524 et
327 4472 497 4540 prouinciae
513 4467 676 4540 Africanae
696 4476 724 4524 et
739 4471 883 4539 episcopis
895 4484 952 4541 per
968 4468 1095 4525 Siciliam
1111 4478 1139 4525 et
1153 4471 1295 4525 ranioersis
1311 4465 1459 4541 episbopis

189 4566 244 4624 per
258 4555 389 4609 diuersas
398 4556 569 4626 prouincias
584 4553 691 4609 inscribi
707 4554 841 4627 potnerit:
863 4561 890 4607 ct
906 4553 1070 4626 Africanae
1086 4556 1197 4628 quidem
1210 4557 1393 4625 prouinciae,
1413 4563 1457 4611 ut·

122 4671 127 4677 -
191 4646 255 4710 pote
278 4637 310 4693 nd
332 4640 540 4713 quamproprie
562 4638 724 4711 pertinebat;
747 4646 896 4694 ceterarum
918 4655 981 4695 vero
1002 4641 1199 4713 provinciarum
1220 4640 1369 4713 episcopis,
1392 4642 1456 4713 quia

191 4739 285 4778 eoruur
301 4724 428 4778 intererat
443 4740 533 4786 nosse,
550 4740 604 4796 qno
619 4732 699 4797 pacto
715 4741 775 4779 cnm
791 4725 838 4786 iis,
862 4726 907 4797 qui
930 4724 1071 4780 vestiebant
1092 4742 1124 4779 ex
1139 4724 1241 4786 Africa,
1262 4742 1292 4778 sc
1314 4735 1454 4797 gererent.

190 4807 244 4863 Nec
259 4807 309 4863 alia
324 4825 403 4863 causa
419 4808 477 4870 luit,
494 4825 542 4864 cur
557 4809 584 4863 in
600 4807 761 4864 collectione
777 4812 920 4882 episcopis
933 4827 988 4882 prr
1000 4811 1129 4867 Siciliam
1145 4808 1312 4872 inscribatur,
1329 4810 1381 4864 nisi
1392 4811 1456 4882 «pria

191 4892 248 4962 ojus
265 4893 424 4967 compilatur
440 4896 465 4949 iu
482 4892 634 4966 cxrrirplunr
649 4893 740 4949 incidit
757 4893 898 4965 ejusruodi,
920 4895 993 4968 arrad
1010 4896 1167 4951 nominatim
1180 4895 1211 4949 ad
1223 4895 1328 4950 Siculos
1342 4896 1454 4951 nrissum
