3204 5506
237 312 279 378 98
582 327 716 375 nioman
739 327 890 375 rnasvm
915 329 950 374 ru
973 327 1156 377 svuunctu

237 509 299 546 auin
313 489 384 553 512,
404 490 490 563 sacta
507 493 659 546 collatione
675 507 739 545 cum
756 492 853 548 codice
878 491 1017 547 Vaticano
1033 497 1060 546 ct
1076 493 1134 546 alia
1149 494 1319 548 monasterii
1331 491 1358 546 b.
1375 490 1447 548 Petri

238 579 377 633 Accitana
393 595 479 649 partim
494 578 633 632 rtanrtulla
649 578 708 632 illic
724 592 786 631 csse
800 578 961 648 deprauata
979 580 1225 648 comperissemus,
1242 578 1370 632 eamdem
1383 577 1447 635 uthi

238 665 416 718 emendatam
431 663 479 717 hic
495 663 657 734 syllabatim
678 662 845 718 describere
860 663 975 735 digitum
987 664 1162 732 putarimus.
1197 660 1356 736 Neganduut
1376 678 1430 718 nou

237 747 263 802 id
280 747 337 817 ejus
354 764 436 820 opera
452 746 560 809 iactatio,
582 755 612 801 ut
633 763 700 820 quae
716 748 863 802 innumeris
885 747 988 802 mendis
1011 745 1138 809 scatebat,
1160 747 1317 821 castigatior
1337 763 1368 802 ac
1388 745 1447 803 lime

236 832 366 905 prodiret.
399 831 550 905 Optandum
566 831 701 886 dumtaxat
716 831 812 893 iuerat,
839 841 869 887 nt
886 849 952 904 quae
968 831 1014 887 ille
1029 831 1062 887 de
1078 848 1128 886 sato
1145 839 1172 887 et
1187 849 1304 906 quaeex
1316 831 1437 888 codicum

237 919 356 980 mutavit,
377 925 541 973 annotasset.
580 916 754 973 Postmodum
776 925 865 972 tannen
886 917 1062 973 consciliorum
1083 916 1201 972 editores
1224 933 1318 974 omnes
1339 915 1398 988 ejus
1414 932 1447 973 en

236 1003 358 1058 dationes
374 1004 433 1058 sine
449 1001 601 1057 discrimine
617 1001 789 1076 adoptarunt.
824 1001 883 1070 Quo
900 1001 984 1072 major
1000 1000 1076 1058 nohis
1094 1003 1196 1057 exstitit
1213 1003 1368 1065 necessitas,
1391 1009 1420 1058 ut
1438 1004 1447 1058 i

236 1089 310 1162 ipsus
326 1087 441 1149 codices,
458 1089 617 1162 praesertim
633 1087 787 1143 Vaticanum
802 1087 895 1150 4961,
916 1087 1006 1143 ‹lenuo
1027 1087 1059 1142 ad
1076 1089 1203 1143 trutinam
1224 1103 1390 1151 vocaremus,
1411 1087 1445 1143 ita

236 1181 335 1228 ceruun
357 1173 497 1246 ‹ptamdam
518 1174 705 1228 auctoritatem
728 1171 804 1228 nobis
825 1189 989 1246 pararemus.
1042 1171 1099 1228 ltoc
1118 1173 1202 1247 igitur
1222 1172 1304 1229 ruodo
1325 1174 1377 1228 etsi
1397 1169 1447 1229 bru

237 1266 326 1313 textus
343 1258 545 1314 tundamentum
563 1259 631 1313 nacti
647 1275 755 1320 suanus,
783 1275 837 1314 non
866 1265 967 1313 tantum
990 1267 1078 1313 tamen
1105 1256 1183 1313 uobis
1204 1256 1447 1320 subministratum,

237 1346 309 1399 omiti
326 1344 385 1399 loro
402 1343 464 1398 inde
479 1351 583 1416 pateret
599 1344 749 1417 integritas
785 1342 848 1398 Nam
866 1360 947 1416 quum
964 1344 990 1397 in
1007 1342 1098 1397 multis
1120 1342 1205 1398 codex
1226 1340 1447 1416 probatissimus«

237 1431 304 1484 tiuni
320 1429 463 1484 Basileensi
479 1428 632 1483 felicissime
647 1427 812 1490 sulu'eniret,
833 1429 860 1484 iu
882 1428 938 1484 aliis
960 1429 995 1483 ita
1012 1425 1107 1489 hiabat,
1130 1435 1160 1483 ut
1176 1443 1230 1484 uon
1247 1429 1299 1484 nisi
1314 1427 1358 1483 illa
1374 1429 1447 1502 ipsa·

236 1516 309 1570 tione
325 1515 411 1569 sanari
432 1530 512 1587 posse
535 1512 679 1569 videretur.
725 1513 799 1568 Unde
821 1511 846 1569 id
868 1512 944 1568 nobis
966 1511 1120 1575 constabat,
1147 1521 1292 1587 utrumque
1308 1520 1425 1576 tentum,

237 1599 327 1655 multis
342 1601 477 1661 vitiosum,
499 1599 638 1672 primarios
660 1607 747 1654 tamen
764 1597 893 1671 quosdam
915 1614 1017 1672 eosque
1039 1597 1159 1654 diversos
1175 1596 1224 1654 sibi
1247 1598 1337 1654 fontes
1358 1597 1447 1654 vindic

235 1687 326 1758 itaque
343 1693 436 1739 mutuo
453 1683 502 1738 sihi
518 1682 638 1739 subsidio
656 1701 715 1739 csse
730 1700 780 1738 sun
794 1683 855 1754 jure
871 1700 960 1756 posse.
994 1682 1047 1739 llac
1062 1691 1134 1739 certe
1151 1684 1255 1739 ratione
1271 1691 1391 1739 nostram
1407 1682 1447 1740 udi

236 1787 296 1825 nem
311 1769 481 1831 absolvimus,
504 1776 534 1823 ut
549 1769 637 1824 sulum
658 1768 690 1824 ad
706 1768 839 1825 dictorum
855 1768 970 1824 fontium
987 1769 1118 1824 tramitem
1134 1768 1322 1842 dirigeremus,
1347 1785 1396 1825 nec
1421 1768 1447 1824 ul

235 1855 437 1911 admitteremus
459 1856 647 1917 mutationem,
673 1871 740 1928 qttac
762 1871 776 1909 a
796 1855 938 1927 primaevis
960 1852 1120 1909 lectionibus
1135 1852 1303 1910 abhorreret.
1349 1853 1406 1922 Qua
1425 1871 1447 1909 n

234 1942 350 1996 assecuti
365 1957 467 2003 sumus,
486 1949 514 1995 ut
529 1941 582 1995 nisi
597 1958 647 1995 nos
664 1957 718 1996 uno
734 1939 794 1994 luco
811 1939 969 1994 Basileensis
990 1938 1103 1994 aitlmissa
1119 1938 1210 1994 lactina
1225 1937 1378 2003 deiecisset,
1401 1940 1447 2014 epi:

161 2087 166 2092 ,
235 2027 285 2082 latu
302 2027 369 2082 hanc
385 2026 533 2100 integritati
549 2042 578 2081 ac
594 2026 703 2098 puritati
719 2041 782 2080 suae
798 2023 926 2079 redditam
939 2022 993 2093 jam
1009 2023 1197 2098 gauderemus.
1262 2028 1265 2035 “

320 2139 347 2193 2.
378 2135 416 2192 hd
433 2153 480 2192 eos
495 2137 593 2209 scripta
609 2145 659 2199 est,
687 2137 733 2208 qui
748 2134 901 2191 Nestorium
921 2144 948 2190 et
964 2133 1102 2208 Eutychen
1123 2137 1224 2209 pariter
1245 2135 1416 2200 clamnahant,
1437 2154 1447 2193 c

233 2224 323 2279 cilium
339 2220 555 2277 Calchedonense
577 2239 638 2277 cum
659 2220 774 2294 epistola
789 2219 886 2276 Leonis
907 2220 940 2275 ad
956 2219 1107 2276 Flavianum
1123 2219 1313 2286 admittebant,
1340 2221 1447 2278 duarum

234 2308 341 2364 tltnisto
364 2315 517 2362 naturarum
539 2305 636 2380 dogma
658 2306 780 2379 adeoque
800 2305 956 2362 catholicam
978 2303 1057 2361 tidem
1078 2303 1290 2379 profitebantur,
1316 2308 1401 2365 immo
1420 2315 1447 2365 et

235 2395 358 2450 Acacium
373 2408 498 2465 peccasse
514 2408 568 2447 non
583 2391 726 2466 negabant.
762 2390 848 2447 Unum
865 2397 953 2447 tamen
974 2390 1025 2447 illis
1041 2390 1232 2464 praestandum
1248 2390 1376 2455 restabat,
1398 2393 1447 2450 scil

236 2487 266 2534 nt
281 2477 312 2533 ab
328 2494 431 2539 eorum,
454 2478 500 2550 qui
515 2478 603 2532 Aeacii
620 2477 809 2532 communione
831 2476 928 2549 polluti
943 2484 1033 2540 erant,
1055 2477 1195 2532 consertio
1216 2477 1387 2534 recederent.
1432 2476 1447 2546 Q

235 2571 346 2637 propter
362 2569 389 2617 et
404 2563 432 2617 in
447 2578 495 2617 eos
511 2560 686 2618 conveniebat
701 2560 766 2617 illud
779 2560 875 2617 Gelasii
891 2561 924 2616 ad
934 2560 1118 2635 Euphemiam,
1129 2553 1182 2636 'qui
1193 2579 1277 2635 quum
1292 2564 1395 2637 pariter
1408 2571 1447 2620 cat

234 2650 309 2704 licam
331 2647 505 2722 profiteretur
527 2645 605 2702 tidem
635 2656 662 2702 et
689 2665 737 2720 pro
758 2663 787 2701 ea
808 2646 891 2703 multa
912 2663 1007 2721 passus
1029 2643 1116 2709 esset,
1149 2647 1236 2702 simile
1257 2650 1427 2705 consortium

235 2735 353 2807 permitti
373 2730 478 2788 volebat
498 2729 596 2803 (Gelas.
614 2733 725 2806 epist.3
748 2749 773 2787 n.
789 2729 832 2804 9):
865 2732 920 2788 Ille
947 2739 1041 2789 uester
1064 2734 1204 2802 Aeacius,
1229 2737 1287 2812 qui⁸
1305 2726 1447 2807 Eutychia

233 2820 391 2875 haereticis
406 2819 568 2874 detestabili
581 2821 775 2875 communione
788 2818 889 2889 sactus
904 2825 947 2874 est
960 2822 1119 2890 particeps,
1146 2818 1183 2874 ab
1197 2820 1447 2893 eademsynodos

233 2905 407 2960 ‹liabitatione
427 2905 581 2959 damnatus
602 2910 658 2973 est,
681 2920 756 2977 quae
778 2904 930 2977 Eutychen
946 2904 1172 2977 Dioscorumque
1193 2920 1258 2960 cum
1281 2908 1447 2963 successori

233 3005 331 3047 eorum
346 2991 446 3063 hisque
461 2994 705 3047 communicantes
718 2991 855 3061 synodico
871 2995 970 3045 tenore
983 2992 1153 3061 prostrauit.
1176 2989 1224 3046 Sic
1237 3006 1286 3046 aas
1300 3005 1447 3065 sequaces

199 3126 214 3139 .
234 3092 332 3132 eornm
350 3075 523 3132 Timotheum
537 3076 712 3149 Patremque
728 3077 814 3153 simili
832 3076 995 3146 definitione
1016 3076 1132 3147 dejecit.
1163 3075 1290 3131 Proinde
1310 3080 1338 3132 si
1354 3091 1401 3148 ea,
1422 3095 1447 3151 q

232 3164 260 3217 in
277 3163 384 3234 spriada
401 3161 631 3217 Calchedonensi
646 3178 703 3233 pro
722 3162 780 3233 fide
800 3167 827 3216 et
842 3163 1037 3217 communione
1053 3160 1199 3217 catholica
1213 3162 1256 3216 uel
1271 3163 1434 3232 apostolica

231 3249 314 3318 finita
330 3254 405 3316 suist,
429 3261 496 3304 uere
512 3254 647 3320 certeque
663 3249 821 3315 sectamini,
846 3248 920 3302 sicut
941 3252 1037 3301 vestra
1053 3244 1239 3318 professione
1258 3248 1411 3320 multiplici
1430 3264 1447 3304 ι

232 3335 352 3401 tinetur,
381 3339 432 3388 aut
455 3348 640 3389 successores
661 3332 698 3387 ab
718 3333 767 3387 itta
789 3332 895 3404 synodo
915 3333 1117 3387 damnatarum
1138 3331 1239 3404 hisque
1254 3335 1447 3390 communicas

232 3418 358 3490 abjicite,
376 3424 427 3472 aut
441 3421 467 3473 si
480 3420 550 3474 istos
564 3419 719 3485 admittitis,
744 3432 778 3472 ea
794 3419 913 3490 quaein
929 3419 979 3472 illa
995 3418 1101 3489 syriam
1115 3433 1170 3488 pro
1184 3418 1243 3488 fide
1258 3423 1285 3472 et
1300 3433 1447 3476 commum

232 3503 375 3558 catholica
392 3509 418 3558 et
433 3505 593 3574 apostolica
608 3508 676 3557 sarit
688 3504 844 3574 perplexa,
868 3519 923 3558 iton
945 3504 1035 3558 satum
1052 3502 1131 3573 salso
1153 3517 1201 3557 uos
1223 3505 1351 3559 retinere
1370 3519 1447 3577 perf

231 3588 310 3655 ditis,
333 3589 386 3643 sed
405 3591 526 3659 insuper
546 3587 732 3659 labefactare
752 3591 906 3657 conamini,
936 3594 963 3643 et
983 3591 1012 3643 in
1030 3586 1243 3659 Eutychianam
1269 3588 1413 3645 haeresim

231 3676 439 3729 retractatione
455 3674 590 3743 reciditis,
613 3675 769 3744 meritoque
785 3691 803 3727 a
819 3673 969 3729 catholicis
983 3672 1146 3743 probamini
1165 3687 1230 3728 esse
1250 3675 1369 3730 uitandi.
1399 3673 1447 3731 Ge

231 3758 351 3830 vestigiis
388 3758 499 3828 haerens
527 3757 701 3831 Symmachus
732 3756 886 3829 hujusmodi
911 3758 975 3813 viris
1001 3755 1121 3813 nondum
1146 3759 1413 3816 communicatorum

231 3843 399 3898 vnorritoriam
416 3849 518 3899 tantum
535 3843 602 3899 lianc
617 3841 757 3917 epistolam
778 3841 910 3904 rescribit,
933 3844 959 3898 in
975 3859 1027 3916 qua
1048 3843 1127 3898 etiam
1143 3841 1214 3898 sorte
1235 3860 1290 3900 non
1305 3844 1366 3901 sine
1381 3861 1447 3902 con

230 3929 294 3983 vitat
309 3927 406 3991 dicere,
423 3944 453 3983 se
468 3930 594 4001 superius
611 3945 706 3984 eorum
721 3929 852 4001 scriptum
867 3928 1028 4001 suscepisse.

314 4020 354 4095 3?
373 4038 441 4094 lllud
458 4047 545 4095 umen
557 4038 612 4108 jam
628 4036 659 4094 ab
675 4055 709 4094 eo
725 4046 863 4112 acceptum
884 4055 938 4094 non
959 4036 1046 4093 dubiis
1066 4036 1172 4094 iudiciis
1187 4041 1351 4113 comperiet,
1373 4041 1420 4116 qui

227 4131 360 4197 spectent,
378 4126 466 4180 omitia
480 4124 553 4181 iliius
569 4124 638 4180 dicta
654 4125 759 4180 intento
774 4125 862 4179 animi)
874 4123 1092 4180 consideraverit.
1108 4111 1261 4198 Nempe’illi
1272 4125 1447 4200 hooSynuu

227 4210 389 4282 persuadere
405 4209 608 4272 contenderant,
625 4209 690 4264 nihil
706 4225 721 4264 a
735 4225 765 4264 se
780 4207 851 4264 aliud
867 4208 1029 4283 exigendum
1045 4224 1113 4271 esse,
1130 4210 1182 4264 nisi
1198 4216 1228 4264 nt
1240 4207 1320 4267 fidem
1332 4208 1447 4286 probte

228 4302 272 4349 tur
287 4294 474 4359 orthodoxam,
497 4311 585 4368 neque
600 4295 735 4368 praesenti
751 4293 894 4350 Orientalis
915 4293 1043 4350 ecclesiae
1066 4302 1139 4349 statu
1160 4296 1289 4369 permitti,
1314 4304 1345 4353 ut
1360 4313 1392 4354 so
1405 4295 1447 4354 ὲ

227 4381 272 4452 qni
288 4380 473 4437 damnatorum
488 4381 704 4436 communionem
720 4377 841 4435 abdicare
857 4379 992 4443 nolebant,
1014 4389 1200 4453 segregarent.
1231 4380 1275 4437 Sic
1290 4398 1355 4439 vero
1371 4400 1447 4441 reso

226 4464 408 4539 Symmachus,
426 4473 454 4520 ut
471 4466 538 4521 haue
553 4466 707 4539 opinionem
723 4463 754 4519 ab
770 4480 864 4519 eorum
880 4465 973 4520 atvimis
989 4464 1117 4520 divellere
1130 4471 1189 4520 toto
1204 4465 1256 4522 hoc
1266 4467 1370 4541 scripto
1383 4470 1447 4526 nna

226 4548 356 4617 Quocirca
371 4552 457 4624 primo
473 4558 535 4605 ante
550 4551 644 4607 oculos
660 4566 755 4605 eorum
769 4551 855 4624 ponit,
877 4558 978 4624 quanto
993 4547 1025 4604 ab
1042 4566 1207 4624 unoquoque
1228 4551 1369 4609 hominum
1384 4553 1444 4613 itta

225 4634 419 4699 danmatorum,
437 4653 551 4709 quorum
567 4636 720 4692 communio
737 4633 842 4691 vitanda
857 4637 1030 4709 praecipitur,
1053 4637 1080 4691 in
1095 4636 1234 4693 scelestam
1255 4635 1329 4693 illata
1343 4640 1402 4696 sint
1417 4651 1447 4696 u

226 4737 280 4794 quo
296 4718 397 4776 seilicet
413 4720 498 4792 ntajor
518 4738 612 4777 eorum
634 4722 732 4778 horror
751 4721 905 4777 incutiatur.
951 4720 1018 4777 Tum
1040 4723 1133 4794 quanti
1153 4723 1275 4785 intersit,
1306 4739 1341 4780 ne
1362 4723 1447 4797 meiat

224 4813 381 4860 evertantur
395 4807 524 4870 instituta,
548 4807 667 4880 exponit.
705 4806 770 4862 llinc
785 4806 816 4860 ad
834 4823 924 4863 vanam
945 4807 1140 4879 persecutionis
1162 4807 1334 4864 formidinem
1356 4803 1444 4884 depol

224 4890 283 4946 dam
305 4892 490 4965 progrediens,
514 4909 563 4948 nec
583 4893 672 4966 gravia
693 4909 815 4966 quaeque
836 4910 886 4950 uec
906 4901 1019 4948 mortem
1042 4893 1126 4966 ipsam
1148 4893 1292 4950 timendam
1309 4894 1443 4960 ostendit,
