3224 5506
625 121 796 171 srrsrous
822 113 871 169 10.
1316 104 1378 171 703

81 274 324 363 arguendum,
354 277 391 340 ut
410 276 528 340 iratum
550 275 688 338 maxime
710 222 813 339 Derim
820 324 828 355 ,
857 296 938 359 quae
960 296 1026 340 nen
1049 276 1282 357 convenerant,
1306 295 1376 359 per-
1399 285 1475 354 (post

82 377 237 444 misisse
256 377 465 442 demonstres.
499 377 553 441 An
574 377 650 461 quia
664 375 876 460 Eutychianis
899 376 1081 441 nullatenus
1104 376 1294 462 acquiesco?
1325 359 1494 440 Mea'fflssl
1545 438 1548 447 ,

84 477 239 565 quidem
258 478 322 543 ista
344 499 410 542 non
432 479 593 562 sauciant,
628 477 682 542 sed
712 482 745 541 te
773 477 880 561 palam
903 480 1075 561 aperteque
1097 477 1376 564 demonstrant¹²).

87 580 220 647 Meum
242 579 392 667 cogitasti
413 579 566 644 honorem
588 580 758 663 repellere,
786 601 880 663 quem
903 580 1086 643 interventu
1108 601 1165 644 suo
1187 580 1299 644 beatus
1320 579 1379 645 Pe·

88 685 184 747 trus
203 682 364 767 imposuit.
410 683 464 746 An
486 682 560 766 quia
582 681 756 765 imperator
778 702 827 762 es,
859 684 970 744 eontra
993 680 1081 745 Petri
1103 682 1216 746 niteris
1238 685 1378 766 potesta·

92 782 203 849 tem?
234 782 279 849 Et
300 784 356 869 qui
377 783 508 849 Petrum
531 783 784 848 Alexandrinum
807 781 938 866 recipis,
968 782 1098 847 beatum
1121 783 1299 868 apostolum
1319 783 1378 849 Pe·

94 886 199 949 trum
218 883 253 950 in
275 908 331 950 sue
353 885 566 971 qualicunque
589 885 708 949 vicario
731 884 855 948 calcare
871 884 1060 949 contendis?
1092 887 1145 948 An
1169 884 1377 950 benefactae

10 966 14 1037 l
97 1005 213 1050 essem
227 987 254 1070 ⁸,
278 987 305 1051 si
328 986 540 1071 Eutychianis
561 987 720 1070 faverem,
754 986 781 1050 si
803 986 915 1050 Aeacii
942 986 1064 1051 nemini
1088 986 1377 1051 communicarem?
1390 968 1511 1089 ἐξ-,ξιξ

99 1083 226 1153 Latere
246 1110 313 1153 nen
335 1093 452 1174 potest,
477 1089 617 1153 curiata
639 1088 833 1172 praetendis.
1438 1056 1449 1104 ¹

197 1190 225 1254 8.
264 1188 475 1255 Conferamus
498 1195 605 1255 autem
628 1190 780 1254 honorem
808 1190 1009 1275 imperatoris
1038 1212 1109 1254 eum
1131 1189 1251 1255 honore
1273 1191 1378 1274 ponti·

10 1300 13 1371 ξ
98 1284 197 1355 ficis:
225 1291 310 1356 inter
332 1314 410 1377 quos
433 1296 559 1357 lantum
582 1293 744 1377 distata),
780 1297 935 1376 quantum
963 1291 1017 1356 ille
1038 1313 1144 1356 rerum
1165 1291 1377 1357 humanarum

60 1441 63 1451 .
96 1405 220 1456 euram
241 1394 342 1478 gerit,
371 1393 432 1457 iste
455 1394 646 1458 divinarum.
692 1393 740 1456 Tu
768 1393 942 1478 imperator
970 1393 1161 1478 spontifice
1184 1393 1378 1478 baptismum

17 1492 20 1497 '
93 1493 246 1578 accipis,
270 1498 473 1559 sacramenta
495 1497 610 1578 sumis,
634 1495 812 1559 orationem
833 1496 953 1579 poscis,
978 1496 1233 1560 benedictionem
1255 1518 1375 1581 speras,
1444 1530 1448 1538 ·

88 1596 345 1668 poenitentiam
367 1618 472 1681 rogas.
518 1596 684 1662 Postremo
706 1600 741 1660 tu
763 1597 903 1661 humana
927 1597 1147 1680 administras,
1173 1597 1228 1662 ille
1250 1598 1310 1663 tibi
1332 1599 1377 1663 di·
1431 1597 1433 1602 ’

10 1694 12 1699 ’
87 1691 188 1760 lina
209 1696 383 1782 dispensat.
421 1698 533 1783 Itaque
555 1701 678 1762 utnon
702 1698 806 1763 dicam
829 1698 981 1783 superior,
1006 1702 1091 1763 certe
1113 1700 1254 1783 aequalis
1276 1699 1378 1764 honor

33 1828 36 1833 ·
82 1794 161 1858 cit.
214 1797 343 1864 Necte
371 1803 463 1884 putes
491 1801 601 1866 mundi
629 1822 746 1885 pompa
774 1800 981 1884 praecellere:
1018 1805 1093 1875 (lule
1120 1808 1202 1879 qued
1227 1808 1375 1875 infirmum
1391 1784 1470 1905 119)ζῖ-

80 1895 155 1959 lli-‘8‘
167 1950 183 1981 ,
203 1903 316 1976 fortius
336 1914 380 1966 est
401 1908 576 1968 homiuibus.
626 1902 738 1986 Itaque
771 1902 902 1983 videris,
937 1901 1013 1986 quid
1034 1905 1066 1966 te
1089 1901 1209 1967 deceat.
1254 1902 1375 1967 Tamen
1412 1889 1463 1918 '⁰'

76 2012 206 2075 quum
220 2002 255 2067 in
270 2002 507 2068 accusationem
523 2004 714 2088 proruperis,
738 2007 805 2068 tam
824 2004 941 2067 divinis
962 2003 1087 2089 legibus
1110 2026 1205 2089 quam
1227 2004 1376 2069 humanis

73 2102 182 2175 puri
201 2126 325 2170 meeum
347 2114 432 2169 sorte
455 2107 618 2188 consistis,
640 2105 675 2169 in
690 2127 753 2190 qua
769 2106 925 2169 cariturus
941 2104 1061 2170 honore
1076 2127 1209 2188 summo,
1231 2106 1258 2170 si
1272 2106 1373 2190 fuere,

71 2199 185 2277 (illia
204 2206 235 2270 id
258 2207 376 2291 mavis,
399 2210 432 2271 te
455 2211 626 2272 accusante
650 2207 830 2290 convictae,
855 2208 1026 2272 amissurus
1049 2209 1119 2292 pari
1128 2208 1166 2293 ¹⁴)
1189 2208 1324 2291 ratione,
1348 2209 1375 2274 si

69 2315 177 2370 non
198 2309 389 2393 conviceris,
419 2310 624 2395 dignitatem.
670 2308 720 2374 Sit
747 2309 833 2373 istud
860 2309 895 2373 iu
922 2310 1041 2374 mundo
1064 2309 1235 2394 judicium,
1266 2332 1375 2395 exspe-

68 2401 265 2497 stanter)
288 2409 357 2475 Dee
380 2415 412 2475 et
428 2411 552 2496 angelis
568 2410 653 2494 ejus,
677 2411 895 2495 spectaculum
917 2411 1004 2475 omni
1027 2412 1154 2476 saeculo
1175 2412 1290 2496 simus,
1314 2434 1375 2498 quo
1389 2404 1401 2450 ¹
1403 2395 1475 2518 ,03¹²

65 2506 150 2570 aut
187 2511 331 2577 sacerdos
354 2513 457 2578 bonae
485 2514 586 2594 vitae,
619 2517 675 2576 aut
701 2513 876 2597 imperator
903 2512 1071 2598 religiosae
1098 2515 1272 2579 modestiae
1302 2536 1374 2581 eon·
1419 2507 1455 2531 ”

63 2617 281 2691 aequantur
303 2614 497 2699 exemplum:
527 2615 602 2700 quia
624 2614 674 2679 his
697 2615 867 2699 praecipue
891 2616 1012 2680 duobus
1033 2616 1149 2681 officiis
1171 2617 1295 2702 regitur
1317 2617 1373 2681 hu-

64 2722 239 2779 manum
261 2737 374 2800 genus,
398 2717 475 2799 etll)
498 2739 563 2780 neu
587 2717 702 2781 debeat
724 2716 843 2802 aliquid
866 2738 974 2781 eorum
997 2717 1160 2801 exsistere,
1182 2740 1245 2803 quo
1268 2719 1374 2783 valeat

61 2803 223 2881 0ff'endi
245 2816 423 2901 Divinitas,
453 2818 590 2883 maxime
620 2841 718 2904 quum
747 2823 879 2904 uterque
909 2820 1011 2883 honor
1039 2819 1185 2884 rideatur
1213 2841 1281 2884 esse
1303 2841 1373 2905 per-

59 2911 235 3003 petuas,
260 2922 355 3004 atque
378 2919 424 2983 ita
446 2919 587 2984 humane
610 2921 722 3006 generi
745 2943 782 2985 ex
806 2921 960 2985 alterutro
984 2921 1130 2985 consulat
1171 2970 1177 2984 .

193 3021 220 3085 9.
257 3020 385 3104 Precor,
409 3021 593 3106 imperator,
618 3044 696 3106 pace
718 3026 775 3088 tua
793 3023 938 3106 dixerim,
962 3026 1175 3088 mementote
1198 3023 1370 3108 hominem,

60 3110 93 3170 ul
155 3122 264 3205 pessis
288 3121 336 3187 uti
359 3144 509 3188 concessa
531 3124 591 3188 tibi
614 3124 768 3188 divinitus
788 3127 963 3209 potestate:
986 3125 1062 3210 quia
1077 3125 1203 3191 etiamsi
1217 3125 1297 3190 haee
1312 3126 1371 3191 sub

60 3207 244 3289 hunuano
264 3245 458 3309 praevenere
476 3225 614 3308 judicio,
644 3226 703 3289 sub
732 3225 839 3290 divine
867 3247 996 3291 neeesse
1025 3229 1073 3291 est
1100 3230 1136 3290 ut
1158 3227 1371 3293 discutiantur

62 3363 265 3390 ..N-
286 3383 368 3388 w„
401 3382 406 3387 .

180 3479 207 3548 ¹²)
222 3479 297 3534 Editi
319 3485 493 3535 demonstr-erl
514 3501 591 3535 rasum
612 3487 738 3548 replicasse
760 3487 879 3537 tenerem
900 3489 1041 3550 repellere:
1065 3480 1241 3551 corriguntur
1263 3500 1297 3538 ex
1318 3500 1369 3538 ms.

64 3543 104 3599 El
149 3562 269 3630 quidem
287 3564 423 3631 convicia,
442 3565 542 3634 quibus
559 3566 756 3635 proscindebat
774 3566 934 3623 Anastasius
947 3566 1152 3636 Symmachum,
1171 3567 1237 3634 quia
1254 3568 1278 3621 is
1294 3585 1370 3637 papa

65 3628 289 3712 Eutychianos
312 3649 437 3719 recipere
460 3649 587 3716 nolebat,
617 3651 814 3719 imperatorem
843 3652 922 3706 illum
944 3651 1122 3720 Eutychianis
1151 3654 1245 3707 lavere
1274 3653 1369 3723 palam

67 3729 254 3803 ⁸P01teque
277 3734 519 3802 demonstrabant,
542 3753 593 3790 nec
615 3753 684 3805 epus
708 3739 769 3790 erat
790 3736 865 3791 istud
885 3736 997 3806 judiciis
1020 3736 1204 3807 comprobari.
1245 3737 1369 3792 Athaco

68 3813 232 3872 mntem
247 3819 446 3889 imperatorem
464 3819 622 3888 Symmachi
644 3820 778 3876 honorem
801 3823 936 3891 repellere
960 3821 1098 3890 cogitasse
1119 3837 1174 3876 non
1197 3822 1239 3877 ita
1256 3822 1369 3878 demon·

68 3882 236 3982 “lt-Rham.
266 3903 339 3960 Sane
352 3903 532 3973 Symmachus
549 3906 577 3958 in
596 3905 648 3969 eis,
667 3922 737 3974 quae
756 3907 792 3960 ab
810 3907 893 3976 hujus
911 3905 1018 3960 numeri
1035 3905 1114 3961 initio
1133 3905 1170 3961 ad
1187 3908 1270 3962 finem
1282 3924 1368 3976 usque

70 3963 242 4061 Quaerit,
259 4005 293 4044 eo
311 3989 390 4045 unice
408 3992 529 4060 spectat,
548 3992 578 4043 ut
596 3990 800 4044 ordinationem
812 4008 903 4058 suam,
922 4008 1006 4058 quam
1019 3991 1181 4046 Anastasius
1193 3991 1368 4061 illegitimam

69 4047 190 4126 fluns
203 4074 386 4140 obuncabat,
404 4073 558 4144 regenaam
575 4076 684 4144 prober.

179 4159 205 4228 ¹⁸)
220 4159 325 4215 Eadem
342 4176 455 4228 prorsus
474 4160 678 4228 argumentatio
697 4160 772 4231 apud
791 4159 880 4215 Gelas.
901 4177 944 4231 ep.
966 4168 996 4214 1⁴2
1015 4179 1041 4216 n.
1060 4168 1085 4216 2.

180 4242 205 4312 ¹⁴)
221 4242 329 4315 Quippe
348 4265 420 4315 quum
437 4251 618 4300 calumniantes
635 4252 671 4299 ed
694 4252 828 4300 uindictam
849 4259 941 4314 poscet
962 4252 1097 4301 similitudo
1119 4252 1251 4316 supplicii,
1275 4245 1366 4317 inquit
1443 4288 1449 4300 .

74 4297 239 4385 Hol²01ius
255 4331 409 4399 imperator
425 4331 443 4384 l.
465 4337 495 4384 19
515 4329 580 4383 Ced.
599 4329 704 4385 Theod.
724 4327 768 4383 lli.
791 4337 817 4396 l,
836 4346 870 4384 ac
886 4329 1000 4385 talionis
1011 4347 1103 4400 poena
1113 4333 1245 4399 frequens
1262 4331 1291 4387 in
1303 4331 1367 4387 seri·

76 4387 194 4466 thui,
209 4414 381 4470 decernatur.

178 4499 204 4567 ¹⁵)
219 4500 262 4555 Ita
277 4498 307 4552 in
324 4517 373 4553 ms.
393 4515 470 4554 more
488 4501 613 4555 veterum
631 4501 768 4570 pingitur,
792 4500 917 4568 quamvis
940 4498 992 4556 hoe
1010 4502 1127 4556 verbum
1144 4500 1212 4556 nihil
1230 4500 1306 4558 aliud
1324 4518 1365 4559 so·

84 4567 172 4644 ubl²,
186 4599 263 4651 quam
280 4582 310 4637 in
327 4585 449 4654 vulgatis
466 4597 606 4653 specleule.

179 4667 203 4738 ¹⁶)
220 4669 249 4722 ln
268 4670 388 4739 vulgatis
407 4684 433 4725 ιιι
452 4691 509 4726 uere.

10 4730 38 4919 ι
