3204 5506
256 334 317 398 808
696 346 947 417 suuouursesu
970 345 1084 394 aaran

148 521 242 573 uolt.
257 526 320 589 qua
344 525 439 567 causa
461 504 686 587 speraverunt,
716 505 752 565 ut
780 502 818 565 de
846 502 985 565 remedio
1014 503 1157 588 cogitare
1186 503 1378 586 deberemus,
1402 526 1481 571 consu·

258 609 359 671 lentes
383 605 481 669 etiam
503 626 578 688 nos,
613 608 720 668 utrum
729 605 755 691 11)
779 606 924 669 daremus
947 605 991 668 eis
1014 605 1179 669 licentiam
1202 605 1383 671 relationem
1401 608 1481 673 adde

188 750 192 755 -
257 709 422 793 signatum
453 707 637 791 episcopum
673 707 847 771 secundum
880 707 1142 772 cousuetudinem
1180 708 1369 773 destinandi.
1418 708 1484 777 Unde

151 832 244 897 epus.
258 810 484 891 tractavimus,
514 811 546 873 et
568 808 754 893 episcopum
775 810 902 894 quidem
924 808 1186 894 Nicopolitanum
1216 810 1433 895 admonuimus,
1456 834 1484 877 ne

256 911 322 977 tale
345 910 464 995 aliquid
487 911 602 973 audere
624 913 781 993 tentaret,
811 911 839 975 si
861 912 1028 976 nobiscum
1049 911 1128 976 velit
1155 912 1191 975 in
1216 913 1421 977 communione
1436 936 1485 998 per·

189 1092 194 1103 ·
258 1015 385 1079 sistere:
409 1035 450 1076 ne
472 1034 530 1096 per
551 1011 657 1095 illurn,
683 1013 709 1075 si
733 1012 773 1075 ab
796 1035 832 1076 eo
848 1014 901 1097 qui
917 1037 935 1077 a
952 1014 1174 1078 communione
1197 1017 1308 1078 nostra
1329 1015 1484 1091 alienasset,

259 1114 533 1179 confirmationem
556 1113 710 1198 petiisset,
735 1117 846 1178 nostra
868 1137 993 1201 quoque
1017 1116 1198 1180 communio
1228 1118 1403 1200 contagium
1420 1118 1486 1181 emli-

258 1220 360 1281 ueret.
407 1215 497 1280 Hace
519 1238 585 1299 vos,
609 1219 645 1279 ut
667 1217 775 1281 omnia
798 1217 933 1301 sciretis,
956 1219 1176 1282 instruximus.
1223 1217 1305 1293 Quid
1328 1222 1421 1282 autern
1437 1240 1486 1301 pre

260 1319 338 1402 pitio
360 1319 428 1381 Deo
451 1318 541 1381 vobis
564 1319 602 1382 de
624 1319 685 1382 liae
702 1341 798 1384 causa
814 1321 974 1405 agendum
989 1321 1042 1403 sit,
1065 1319 1212 1404 subjecta
1227 1321 1394 1386 declarant.
1423 1320 1486 1385 Data

259 1420 361 1504 pridie
382 1419 458 1483 ldus
480 1419 618 1503 Aprilis,
643 1421 786 1505 Agapito
810 1421 948 1487 consule.

761 1625 942 1728 Epistola
967 1627 1027 1709 34.

121 1778 247 1917 {tq-{lais}
307 1775 520 1844 Hormisdou
543 1793 653 1861 papae
676 1778 719 1842 ad
742 1777 943 1865 Ennodium
965 1780 1003 1845 et
1025 1779 1267 1862 Peregrinum
1289 1781 1452 1864 episeopus.

295 1917 361 1978 erid
377 1919 403 1966 ia
421 1933 499 1968 caasa
511 1918 708 1983 nicopolitanae
726 1919 848 1968 ecclesiae
867 1926 916 1969 tiam
934 1920 1004 1984 apud
1021 1921 1165 1983 episcopum
1182 1920 1413 1971 Thessalonicenses
1427 1926 1464 1969 lar
1492 1924 1535 1985 plu

295 2004 364 2067 nprcd
386 2007 563 2066 iaperatorem
584 2004 647 2067 ipsis
668 2005 792 2067 rependum
813 2006 859 2061 eit,
885 2005 988 2054 iustruit
1011 2003 1045 2067 (a.
1061 2007 1073 2053 1
1087 2004 1160 2068 αἳ).
1207 2005 1240 2056 m
1262 2007 1358 2055 litterae
1376 2021 1425 2056 mee
1438 2006 1465 2054 ad

371 2087 618 2137 Thessalonicensem
636 2089 712 2139 dulas
729 2091 836 2140 diversis
854 2091 916 2141 locis
930 2091 1058 2154 publicari
1072 2090 1185 2154 sociant,
1204 2092 1314 2156 injreupie
1331 2088 1364 2153 (a.
1376 2089 1406 2155 3).

364 2185 366 2189 ¹
412 2206 624 2284 Hormisda
646 2220 829 2287 Ennodio
852 2225 889 2287 et
910 2222 1130 2308 Peregrino
1154 2223 1361 2309 episcopis.

348 2341 376 2403 1.
413 2339 454 2404 ln
475 2340 604 2405 nomine
626 2339 733 2406 Patris
756 2345 789 2405 et
810 2341 884 2407 Filii
906 2345 939 2406 et
957 2340 1095 2428 Spiritus
1118 2343 1234 2426 saneti,
1258 2341 1490 2408 intercedentibus

262 2445 294 2505 et
316 2441 543 2525 adjuvantibus
565 2445 702 2526 sanctis,
727 2444 801 2529 quid
812 2446 836 2530 ¹)
861 2445 1020 2529 agendum
1041 2445 1085 2509 sit
1104 2445 1155 2513 de⁴
1168 2467 1264 2510 eausa
1285 2444 1490 2530 Nicopolitenae

262 2543 423 2608 eeclesiae.
469 2543 612 2609 Primum
634 2545 689 2609 ubi
704 2544 965 2610 Thessalonicam
983 2546 1051 2610 Deo
1069 2547 1205 2631 juvante
1227 2548 1383 2630 veneritis,
1402 2545 1492 2630 episto

261 2646 343 2731 las²)
365 2649 508 2730 nostras,
533 2669 611 2730 quas
634 2648 669 2711 in
690 2647 752 2712 hae
775 2669 871 2712 eausa
893 2649 1051 2733 misimus,
1081 2649 1231 2733 episcopo
1253 2645 1493 2713 Thessalonicensi

262 2747 396 2830 tradite,
426 2748 517 2812 illum
540 2749 683 2813 ordinem
705 2750 740 2813 in
764 2750 832 2834 ejus
854 2750 1048 2815 salutatione
1075 2754 1255 2834 servantes,
1284 2774 1373 2835 quem
1392 2749 1494 2815 scitisa

261 2849 353 2915 nobis
377 2872 445 2914 esse
467 2852 655 2915 mandatum
678 2851 763 2916 circa
786 2874 855 2935 eos,
886 2852 939 2936 qui
969 2874 1041 2917 eum
1068 2853 1142 2916 sede
1170 2852 1358 2937 apostolica,
1386 2852 1437 2917 hoe
1459 2854 1495 2914 est

262 2952 407 3017 Ecclesia
431 2951 606 3036 catholiea,
636 2975 702 3018 non
727 2954 972 3019 communicant.
1017 2953 1158 3018 Traditis
1188 2958 1295 3019 autem
1317 2953 1444 3039 epistolis
1460 2952 1496 3017 in·

262 3058 387 3120 stanter
409 3077 504 3140 agere
527 3056 664 3139 debetis,
688 3058 725 3119 ut
747 3079 780 3120 se
803 3057 844 3121 ab
860 3057 927 3140 ejus
948 3056 1100 3121 ecclesiae
1118 3057 1325 3122 concussione
1339 3055 1496 3142 suspendat:

262 3158 419 3222 rationem
442 3158 626 3241 reddentes,
660 3160 735 3242 quia
762 3180 824 3222 nou
855 3160 960 3243 potuit
986 3182 1129 3224 reversus
1159 3161 1198 3224 ad
1222 3157 1497 3225 communionemet

263 3262 303 3325 ad
326 3282 439 3344 corpus
462 3259 625 3324 Ecclesiae
649 3282 720 3324 eum
743 3260 821 3343 illis,
852 3261 906 3345 qui
933 3261 1069 3325 necdmn
1090 3263 1208 3326 reversi
1232 3265 1323 3345 sunt,
1356 3261 1499 3347 quidquam

262 3363 381 3427 habere
404 3362 621 3446 conjunctum,
645 3384 703 3426 nos
725 3385 791 3427 non
814 3363 935 3426 solvere
957 3386 976 3426 a
998 3363 1293 3447 praedecessoribus
1315 3364 1425 3428 nostris
1443 3381 1499 3424 eon·

264 3488 352 3530 cessa
375 3464 560 3550 privilegia,
592 3465 619 3528 si
647 3465 715 3549 ipse
744 3465 961 3529 ecelesiastica
990 3465 1140 3529 instituta
1167 3487 1234 3530 non
1256 3466 1388 3530 deserat.
1427 3462 1499 3530 Certe

263 3569 373 3633 redeat
395 3568 435 3631 ad
457 3567 631 3648 unitatem,
656 3570 689 3631 et
709 3588 768 3631 nos
792 3590 863 3630 cum
886 3588 923 3630 co
944 3567 1144 3650 insistemus,
1169 3571 1205 3631 ut
1227 3567 1335 3632 onmia
1348 3564 1499 3652 priuilegio,

263 3692 469 3755 quaecunque
492 3673 663 3733 consecuta
685 3672 733 3733 est
756 3691 774 3732 a
797 3668 870 3732 sede
893 3669 1068 3752 apostolica
1096 3670 1232 3734 eeclesia
1260 3671 1343 3754 ejus,
1372 3667 1500 3733 inuiolata

264 3775 439 3837 serventur.
484 3770 601 3835 Dicitis
623 3771 736 3854 etiam,
767 3775 876 3855 aperte
905 3770 995 3835 illum
1017 3770 1184 3836 ostendere
1211 3772 1376 3837 inimicum
1400 3792 1431 3835 se
1448 3786 1500 3832 esse

264 3875 352 3956 fidei,
382 3875 409 3937 si
436 3874 616 3958 insequitur
644 3894 712 3956 ees,
742 3895 820 3956 quos
843 3873 957 3937 viderit
987 3875 1028 3938 ud
1056 3873 1248 3939 catholicam
1276 3872 1500 3939 communionem

263 3978 389 4042 reverti.

347 4080 377 4144 2.
412 4077 531 4154 Quodsi
553 4078 721 4163 potueritis
745 4098 873 4142 eausam
900 4077 946 4141 ibi
969 4077 1036 4142 Deo
1057 4077 1197 4163 propitio
1221 4100 1419 4164 componere,
1443 4073 1501 4139 seri·

263 4323 397 4373 claudendi
418 4324 524 4388 Epirum
548 4340 563 4373 a
586 4336 695 4386 corpore
716 4322 916 4385 prouinciurwu,
945 4336 1009 4386 qaae
1031 4322 1127 4370 vicarie
1152 4320 1371 4372 Thessalonicen&
1391 4316 1501 4384 preld·

264 4410 478 4474 coarmitteadiqae
500 4411 566 4458 uices
593 4408 751 4472 apostolicae
772 4407 841 4456 sedis
867 4422 916 4470 per
937 4422 991 4456 eam
1013 4408 1169 4470 provinciam
1191 4407 1314 4471 episcopo
1335 4404 1503 4469 drapum:

265 4486 348 4557 atque
368 4489 422 4544 hoc
443 4487 620 4559 privilegium
639 4506 656 4543 a
673 4487 809 4558 Gregorio
827 4487 874 4541 lib.
895 4493 911 4541 6
933 4487 991 4540 ind.
1013 4492 1044 4540 14
1067 4485 1146 4556 epist.
1167 4494 1183 4543 8
1207 4485 1345 4558 episeopis
1366 4482 1436 4555 Epiri
1453 4495 1502 4536 eoo·

264 4572 403 4628 firmatum
421 4577 471 4630 est.

331 4662 352 4728 ⁴)
370 4661 438 4714 bco
455 4670 481 4714 al
500 4660 547 4725 (ad
564 4675 652 4728 marg.
672 4661 770 4727 utrium).

264 4748 296 4795 34
334 4747 352 4809 ¹)
370 4745 401 4797 ln
420 4745 454 4798 G*
473 4744 550 4799 deest
569 4750 640 4814 quim
660 4743 751 4799 omitti
768 4745 869 4814 potest,
887 4744 910 4797 si
927 4744 1025 4813 postea
1041 4742 1153 4812 legatur
1171 4748 1295 4812 recedam
1311 4747 1356 4801 eir.

331 4830 351 4895 ²)
370 4827 433 4882 Scil.
452 4845 523 4896 quae
543 4829 667 4897 sequitur
689 4830 767 4899 epist.
787 4836 828 4884 36.
868 4829 932 4882 Mox
951 4829 994 4882 ed.
1014 4833 1089 4883 dicire
1160 4832 1302 4898 insequitur
1319 4846 1380 4897 qaae
1446 4820 1505 4887 dd

262 4919 391 4980 poteritis.
