<?xml version="1.0" encoding="UTF-8"?>
<!DOCTYPE html PUBLIC "-//W3C//DTD XHTML 1.0 Transitional//EN"
    "http://www.w3.org/TR/xhtml1/DTD/xhtml1-transitional.dtd">
<html xmlns="http://www.w3.org/1999/xhtml" xml:lang="en" lang="en">
 <head>
  <title>
</title>
<meta http-equiv="Content-Type" content="text/html;charset=utf-8" />
  <meta name='ocr-system' content='tesseract 3.04.00' />
  <meta name='ocr-capabilities' content='ocr_page ocr_carea ocr_par ocr_line ocrx_word'/>
</head>
<body>
  <div class='ocr_page' id='page_1' title='image "./epistolaeromano00thiegoog/epistolaeromano00thiegoog_0755.png"; bbox 0 0 3224 5506; ppageno 0'>
   <div class='ocr_carea' id='block_1_1' title="bbox 307 132 1125 198">
    <p class='ocr_par' dir='ltr' id='par_1_1' title="bbox 307 132 1125 198">
     <span class='ocr_line' id='line_1_1' title="bbox 307 132 1125 198; baseline -0.005 0"><span class='ocrx_word' id='word_1_1' title='bbox 307 132 369 198; x_wconf 78' lang='lat'><strong>706</strong></span> <span class='ocrx_word' id='word_1_2' title='bbox 762 145 791 194; x_wconf 88' lang='lat' dir='ltr'><strong>a.</strong></span> <span class='ocrx_word' id='word_1_3' title='bbox 808 143 989 194; x_wconf 75' lang='lat' dir='ltr'><strong>arnuncm</strong></span> <span class='ocrx_word' id='word_1_4' title='bbox 1011 144 1125 194; x_wconf 73' lang='lat' dir='ltr'><strong>aaran</strong></span> 
     </span>
    </p>
   </div>
   <div class='ocr_carea' id='block_1_2' title="bbox 264 295 1515 902">
    <p class='ocr_par' dir='ltr' id='par_1_2' title="bbox 264 295 1515 902">
     <span class='ocr_line' id='line_1_2' title="bbox 269 295 1515 385; baseline -0.001 -21"><span class='ocrx_word' id='word_1_5' title='bbox 269 311 284 364; x_wconf 79' lang='lat' dir='ltr'><strong>t</strong></span> <span class='ocrx_word' id='word_1_6' title='bbox 307 302 470 368; x_wconf 88' lang='lat' dir='ltr'><strong>vastitatis</strong></span> <span class='ocrx_word' id='word_1_7' title='bbox 485 299 723 385; x_wconf 84' lang='lat' dir='ltr'><strong>insectatione,</strong></span> <span class='ocrx_word' id='word_1_8' title='bbox 757 299 848 384; x_wconf 91' lang='lat' dir='ltr'><strong>cujus</strong></span> <span class='ocrx_word' id='word_1_9' title='bbox 875 298 999 383; x_wconf 75' lang='lat' dir='ltr'>placuit</span> <span class='ocrx_word' id='word_1_10' title='bbox 1025 297 1231 363; x_wconf 74' lang='lat' dir='ltr'><strong>contritionis</strong></span> <span class='ocrx_word' id='word_1_11' title='bbox 1256 295 1381 383; x_wconf 87' lang='lat' dir='ltr'><strong>illatae,</strong></span> <span class='ocrx_word' id='word_1_12' title='bbox 1409 297 1473 385; x_wconf 88' lang='lat' dir='ltr'><strong>ipsi,</strong></span> <span class='ocrx_word' id='word_1_13' title='bbox 1498 312 1515 375; x_wconf 71' lang='lat' dir='ltr'>q</span> 
     </span>
     <span class='ocr_line' id='line_1_3' title="bbox 264 382 1515 488; baseline -0.006 -18"><span class='ocrx_word' id='word_1_14' title='bbox 264 382 294 447; x_wconf 59' lang='lat' dir='ltr'><strong>l)</strong></span> <span class='ocrx_word' id='word_1_15' title='bbox 307 404 479 470; x_wconf 73' lang='lat' dir='ltr'><strong>intulerint</strong></span> <span class='ocrx_word' id='word_1_16' title='bbox 500 404 563 468; x_wconf 88' lang='lat' dir='ltr'><strong>ista</strong></span> <span class='ocrx_word' id='word_1_17' title='bbox 578 402 803 488; x_wconf 82' lang='lat' dir='ltr'><strong>praevalendo,</strong></span> <span class='ocrx_word' id='word_1_18' title='bbox 827 401 1014 485; x_wconf 87' lang='lat' dir='ltr'><strong>defecerint,</strong></span> <span class='ocrx_word' id='word_1_19' title='bbox 1039 403 1072 465; x_wconf 90' lang='lat' dir='ltr'><strong>et</strong></span> <span class='ocrx_word' id='word_1_20' title='bbox 1086 399 1265 466; x_wconf 87' lang='lat' dir='ltr'><strong>orthodoxa</strong></span> <span class='ocrx_word' id='word_1_21' title='bbox 1278 400 1397 467; x_wconf 80' lang='lat' dir='ltr'><strong>veritas</strong></span> <span class='ocrx_word' id='word_1_22' title='bbox 1408 399 1461 467; x_wconf 89' lang='lat' dir='ltr'><strong>hoc</strong></span> <span class='ocrx_word' id='word_1_23' title='bbox 1470 413 1515 485; x_wconf 77' lang='lat' dir='ltr'><strong>pn</strong></span> 
     </span>
     <span class='ocr_line' id='line_1_4' title="bbox 307 501 1515 591; baseline -0.002 -20"><span class='ocrx_word' id='word_1_24' title='bbox 307 507 445 572; x_wconf 86' lang='lat' dir='ltr'><strong>valuerit</strong></span> <span class='ocrx_word' id='word_1_25' title='bbox 466 505 590 591; x_wconf 90' lang='lat' dir='ltr'><strong>magis,</strong></span> <span class='ocrx_word' id='word_1_26' title='bbox 614 527 677 590; x_wconf 92' lang='lat' dir='ltr'><strong>quo</strong></span> <span class='ocrx_word' id='word_1_27' title='bbox 698 507 866 588; x_wconf 89' lang='lat' dir='ltr'><strong>putaretur</strong></span> <span class='ocrx_word' id='word_1_28' title='bbox 888 524 1056 588; x_wconf 85' lang='lat' dir='ltr'><strong>oppressa,</strong></span> <span class='ocrx_word' id='word_1_29' title='bbox 1087 524 1171 587; x_wconf 90' lang='lat' dir='ltr'><strong>quae</strong></span> <span class='ocrx_word' id='word_1_30' title='bbox 1192 502 1279 568; x_wconf 86' lang='lat' dir='ltr'><strong>sicut</strong></span> <span class='ocrx_word' id='word_1_31' title='bbox 1299 502 1359 569; x_wconf 90' lang='lat' dir='ltr'><strong>sub</strong></span> <span class='ocrx_word' id='word_1_32' title='bbox 1378 501 1515 569; x_wconf 58' lang='lat' dir='ltr'><strong>inseetff</strong></span> 
     </span>
     <span class='ocr_line' id='line_1_5' title="bbox 306 601 1515 690; baseline -0.007 -17"><span class='ocrx_word' id='word_1_33' title='bbox 306 609 367 674; x_wconf 85' lang='lat' dir='ltr'><strong>bus</strong></span> <span class='ocrx_word' id='word_1_34' title='bbox 389 609 455 672; x_wconf 87' lang='lat' dir='ltr'><strong>suis</strong></span> <span class='ocrx_word' id='word_1_35' title='bbox 479 609 616 672; x_wconf 87' lang='lat' dir='ltr'><strong>crevisse</strong></span> <span class='ocrx_word' id='word_1_36' title='bbox 638 610 846 689; x_wconf 88' lang='lat' dir='ltr'><strong>monstratur,</strong></span> <span class='ocrx_word' id='word_1_37' title='bbox 876 606 923 670; x_wconf 90' lang='lat' dir='ltr'><strong>sic</strong></span> <span class='ocrx_word' id='word_1_38' title='bbox 944 604 1114 669; x_wconf 76' lang='lat' dir='ltr'><strong>obtrivisse</strong></span> <span class='ocrx_word' id='word_1_39' title='bbox 1137 605 1345 690; x_wconf 75' lang='lat' dir='ltr'><strong>cognoscitur</strong></span> <span class='ocrx_word' id='word_1_40' title='bbox 1363 601 1515 690; x_wconf 76' lang='lat' dir='ltr'><strong>mscqncnt</strong></span> 
     </span>
     <span class='ocr_line' id='line_1_6' title="bbox 307 705 1515 793; baseline -0.002 -19"><span class='ocrx_word' id='word_1_41' title='bbox 307 710 419 793; x_wconf 88' lang='lat' dir='ltr'><strong>Miror,</strong></span> <span class='ocrx_word' id='word_1_42' title='bbox 443 710 470 774; x_wconf 89' lang='lat' dir='ltr'><strong>si</strong></span> <span class='ocrx_word' id='word_1_43' title='bbox 492 731 558 774; x_wconf 91' lang='lat' dir='ltr'><strong>non</strong></span> <span class='ocrx_word' id='word_1_44' title='bbox 580 708 740 773; x_wconf 87' lang='lat' dir='ltr'><strong>hmnanns</strong></span> <span class='ocrx_word' id='word_1_45' title='bbox 762 730 874 773; x_wconf 81' lang='lat' dir='ltr'><strong>sensus</strong></span> <span class='ocrx_word' id='word_1_46' title='bbox 895 707 1047 789; x_wconf 85' lang='lat' dir='ltr'><strong>intendit,</strong></span> <span class='ocrx_word' id='word_1_47' title='bbox 1070 707 1243 793; x_wconf 78' lang='lat' dir='ltr'><strong>praecipue</strong></span> <span class='ocrx_word' id='word_1_48' title='bbox 1266 707 1321 792; x_wconf 91' lang='lat' dir='ltr'><strong>qui</strong></span> <span class='ocrx_word' id='word_1_49' title='bbox 1343 729 1377 772; x_wconf 88' lang='lat' dir='ltr'><strong>se</strong></span> <span class='ocrx_word' id='word_1_50' title='bbox 1397 705 1515 774; x_wconf 70' lang='lat' dir='ltr'><strong>charta</strong></span> 
     </span>
     <span class='ocr_line' id='line_1_7' title="bbox 308 808 1515 902; baseline -0.002 -25"><span class='ocrx_word' id='word_1_51' title='bbox 308 815 377 877; x_wconf 87' lang='lat' dir='ltr'><strong>vult</strong></span> <span class='ocrx_word' id='word_1_52' title='bbox 404 811 561 902; x_wconf 83' lang='lat' dir='ltr'><strong>vocabulo</strong></span> <span class='ocrx_word' id='word_1_53' title='bbox 588 810 786 896; x_wconf 90' lang='lat' dir='ltr'><strong>nuncupari,</strong></span> <span class='ocrx_word' id='word_1_54' title='bbox 821 810 906 874; x_wconf 89' lang='lat' dir='ltr'><strong>inter</strong></span> <span class='ocrx_word' id='word_1_55' title='bbox 932 808 1004 873; x_wconf 91' lang='lat' dir='ltr'><strong>illos</strong></span> <span class='ocrx_word' id='word_1_56' title='bbox 1035 809 1105 873; x_wconf 88' lang='lat' dir='ltr'><strong>sine</strong></span> <span class='ocrx_word' id='word_1_57' title='bbox 1132 809 1229 874; x_wconf 93' lang='lat' dir='ltr'><strong>dubio</strong></span> <span class='ocrx_word' id='word_1_58' title='bbox 1257 809 1478 895; x_wconf 87' lang='lat' dir='ltr'><strong>deputandum,</strong></span> <span class='ocrx_word' id='word_1_59' title='bbox 1505 827 1515 864; x_wconf 81' lang='lat'><strong>⁴</strong></span> 
     </span>
    </p>
   </div>
   <div class='ocr_carea' id='block_1_3' title="bbox 307 910 1515 3246">
    <p class='ocr_par' dir='ltr' id='par_1_3' title="bbox 307 910 1515 2426">
     <span class='ocr_line' id='line_1_8' title="bbox 308 910 1515 996; baseline -0.003 -18"><span class='ocrx_word' id='word_1_60' title='bbox 308 918 431 978; x_wconf 91' lang='lat' dir='ltr'><strong>rectam</strong></span> <span class='ocrx_word' id='word_1_61' title='bbox 458 914 692 979; x_wconf 88' lang='lat' dir='ltr'><strong>confessionem</strong></span> <span class='ocrx_word' id='word_1_62' title='bbox 720 912 1037 996; x_wconf 87' lang='lat' dir='ltr'><strong>communionemque</strong></span> <span class='ocrx_word' id='word_1_63' title='bbox 1060 910 1280 977; x_wconf 77' lang='lat' dir='ltr'><strong>Christianam</strong></span> <span class='ocrx_word' id='word_1_64' title='bbox 1306 911 1403 976; x_wconf 88' lang='lat' dir='ltr'><strong>variis</strong></span> <span class='ocrx_word' id='word_1_65' title='bbox 1428 928 1515 996; x_wconf 65' lang='lat' dir='ltr'><strong>super!</strong></span> 
     </span>
     <span class='ocr_line' id='line_1_9' title="bbox 308 1013 1515 1101; baseline -0.004 -21"><span class='ocrx_word' id='word_1_66' title='bbox 308 1016 450 1080; x_wconf 84' lang='lat' dir='ltr'><strong>tionibus</strong></span> <span class='ocrx_word' id='word_1_67' title='bbox 471 1017 663 1101; x_wconf 83' lang='lat' dir='ltr'><strong>impugnare</strong></span> <span class='ocrx_word' id='word_1_68' title='bbox 692 1019 770 1079; x_wconf 91' lang='lat' dir='ltr'><strong>sunt</strong></span> <span class='ocrx_word' id='word_1_69' title='bbox 791 1015 870 1097; x_wconf 88' lang='lat' dir='ltr'><strong>nisi,</strong></span> <span class='ocrx_word' id='word_1_70' title='bbox 909 1015 982 1078; x_wconf 91' lang='lat' dir='ltr'><strong>dum</strong></span> <span class='ocrx_word' id='word_1_71' title='bbox 1010 1014 1094 1078; x_wconf 93' lang='lat' dir='ltr'><strong>hanc</strong></span> <span class='ocrx_word' id='word_1_72' title='bbox 1122 1017 1156 1078; x_wconf 89' lang='lat' dir='ltr'><strong>et</strong></span> <span class='ocrx_word' id='word_1_73' title='bbox 1181 1013 1246 1098; x_wconf 88' lang='lat' dir='ltr'><strong>ipsi</strong></span> <span class='ocrx_word' id='word_1_74' title='bbox 1273 1034 1457 1100; x_wconf 89' lang='lat' dir='ltr'><strong>quocunque</strong></span> <span class='ocrx_word' id='word_1_75' title='bbox 1478 1031 1515 1076; x_wconf 78' lang='lat' dir='ltr'><strong>mc</strong></span> 
     </span>
     <span class='ocr_line' id='line_1_10' title="bbox 307 1116 1515 1202; baseline -0.003 -20"><span class='ocrx_word' id='word_1_76' title='bbox 307 1117 481 1202; x_wconf 85' lang='lat' dir='ltr'><strong>percellere</strong></span> <span class='ocrx_word' id='word_1_77' title='bbox 503 1117 690 1182; x_wconf 89' lang='lat' dir='ltr'><strong>moliuntur.</strong></span> <span class='ocrx_word' id='word_1_78' title='bbox 728 1116 809 1192; x_wconf 78' lang='lat' dir='ltr'><strong>Quid</strong></span> <span class='ocrx_word' id='word_1_79' title='bbox 832 1117 969 1180; x_wconf 88' lang='lat' dir='ltr'><strong>interest</strong></span> <span class='ocrx_word' id='word_1_80' title='bbox 990 1116 1086 1199; x_wconf 91' lang='lat' dir='ltr'><strong>enim,</strong></span> <span class='ocrx_word' id='word_1_81' title='bbox 1109 1119 1218 1180; x_wconf 90' lang='lat' dir='ltr'><strong>utrum</strong></span> <span class='ocrx_word' id='word_1_82' title='bbox 1237 1137 1398 1201; x_wconf 88' lang='lat' dir='ltr'><strong>paganus,</strong></span> <span class='ocrx_word' id='word_1_83' title='bbox 1420 1137 1468 1199; x_wconf 88' lang='lat' dir='ltr'><strong>an,</strong></span> <span class='ocrx_word' id='word_1_84' title='bbox 1486 1136 1515 1200; x_wconf 87' lang='lat' dir='ltr'><strong>qt</strong></span> 
     </span>
     <span class='ocr_line' id='line_1_11' title="bbox 308 1217 1515 1303; baseline -0.002 -19"><span class='ocrx_word' id='word_1_85' title='bbox 308 1222 358 1284; x_wconf 90' lang='lat' dir='ltr'><strong>est</strong></span> <span class='ocrx_word' id='word_1_86' title='bbox 379 1220 530 1303; x_wconf 89' lang='lat' dir='ltr'><strong>deterius,</strong></span> <span class='ocrx_word' id='word_1_87' title='bbox 555 1221 613 1284; x_wconf 91' lang='lat' dir='ltr'><strong>sub</strong></span> <span class='ocrx_word' id='word_1_88' title='bbox 635 1219 765 1284; x_wconf 92' lang='lat' dir='ltr'><strong>nomine</strong></span> <span class='ocrx_word' id='word_1_89' title='bbox 781 1217 967 1284; x_wconf 80' lang='lat' dir='ltr'><strong>Christiano</strong></span> <span class='ocrx_word' id='word_1_90' title='bbox 981 1240 1091 1282; x_wconf 84' lang='lat' dir='ltr'><strong>veram</strong></span> <span class='ocrx_word' id='word_1_91' title='bbox 1112 1217 1336 1303; x_wconf 90' lang='lat' dir='ltr'><strong>sinceramque</strong></span> <span class='ocrx_word' id='word_1_92' title='bbox 1349 1217 1515 1282; x_wconf 84' lang='lat' dir='ltr'><strong>traditionis</strong></span> 
     </span>
     <span class='ocr_line' id='line_1_12' title="bbox 308 1319 1515 1407; baseline 0.001 -23"><span class='ocrx_word' id='word_1_93' title='bbox 308 1321 502 1405; x_wconf 89' lang='lat' dir='ltr'><strong>apostolicae</strong></span> <span class='ocrx_word' id='word_1_94' title='bbox 524 1322 670 1407; x_wconf 89' lang='lat' dir='ltr'><strong>regulam</strong></span> <span class='ocrx_word' id='word_1_95' title='bbox 693 1325 826 1385; x_wconf 87' lang='lat' dir='ltr'><strong>conetur</strong></span> <span class='ocrx_word' id='word_1_96' title='bbox 848 1319 1043 1405; x_wconf 85' lang='lat' dir='ltr'><strong>infringere,</strong></span> <span class='ocrx_word' id='word_1_97' title='bbox 1076 1323 1172 1405; x_wconf 91' lang='lat' dir='ltr'><strong>atquc</strong></span> <span class='ocrx_word' id='word_1_98' title='bbox 1199 1320 1235 1384; x_wconf 89' lang='lat' dir='ltr'><strong>in</strong></span> <span class='ocrx_word' id='word_1_99' title='bbox 1263 1320 1350 1385; x_wconf 86' lang='lat' dir='ltr'><strong>hanc</strong></span> <span class='ocrx_word' id='word_1_100' title='bbox 1375 1340 1515 1405; x_wconf 85' lang='lat' dir='ltr'><strong>prorump</strong></span> 
     </span>
     <span class='ocr_line' id='line_1_13' title="bbox 310 1421 1515 1508; baseline -0.002 -20"><span class='ocrx_word' id='word_1_101' title='bbox 310 1424 513 1508; x_wconf 87' lang='lat' dir='ltr'><strong>caecitatem,</strong></span> <span class='ocrx_word' id='word_1_102' title='bbox 549 1427 585 1487; x_wconf 92' lang='lat' dir='ltr'><strong>ut</strong></span> <span class='ocrx_word' id='word_1_103' title='bbox 611 1445 709 1508; x_wconf 91' lang='lat' dir='ltr'><strong>quum</strong></span> <span class='ocrx_word' id='word_1_104' title='bbox 739 1424 774 1486; x_wconf 94' lang='lat' dir='ltr'><strong>in</strong></span> <span class='ocrx_word' id='word_1_105' title='bbox 802 1421 866 1486; x_wconf 90' lang='lat' dir='ltr'><strong>illis</strong></span> <span class='ocrx_word' id='word_1_106' title='bbox 893 1422 1080 1507; x_wconf 83' lang='lat' dir='ltr'><strong>regionibus</strong></span> <span class='ocrx_word' id='word_1_107' title='bbox 1101 1425 1239 1487; x_wconf 88' lang='lat' dir='ltr'><strong>cunctae</strong></span> <span class='ocrx_word' id='word_1_108' title='bbox 1260 1443 1392 1508; x_wconf 88' lang='lat' dir='ltr'><strong>prorsus</strong></span> <span class='ocrx_word' id='word_1_109' title='bbox 1413 1421 1515 1488; x_wconf 85' lang='lat' dir='ltr'><strong>haeres</strong></span> 
     </span>
     <span class='ocr_line' id='line_1_14' title="bbox 308 1523 1515 1610; baseline -0.002 -20"><span class='ocrx_word' id='word_1_110' title='bbox 308 1525 477 1610; x_wconf 88' lang='lat' dir='ltr'><strong>opiniones</strong></span> <span class='ocrx_word' id='word_1_111' title='bbox 500 1548 573 1589; x_wconf 85' lang='lat' dir='ltr'><strong>suas</strong></span> <span class='ocrx_word' id='word_1_112' title='bbox 595 1525 738 1590; x_wconf 88' lang='lat' dir='ltr'><strong>habeant</strong></span> <span class='ocrx_word' id='word_1_113' title='bbox 759 1524 887 1609; x_wconf 91' lang='lat' dir='ltr'><strong>publice</strong></span> <span class='ocrx_word' id='word_1_114' title='bbox 909 1523 1074 1589; x_wconf 91' lang='lat' dir='ltr'><strong>licentiam</strong></span> <span class='ocrx_word' id='word_1_115' title='bbox 1096 1525 1284 1610; x_wconf 86' lang='lat' dir='ltr'><strong>profitendi,</strong></span> <span class='ocrx_word' id='word_1_116' title='bbox 1313 1525 1382 1589; x_wconf 90' lang='lat' dir='ltr'><strong>sola</strong></span> <span class='ocrx_word' id='word_1_117' title='bbox 1404 1523 1515 1589; x_wconf 86' lang='lat' dir='ltr'><strong>catholi</strong></span> 
     </span>
     <span class='ocr_line' id='line_1_15' title="bbox 309 1626 1515 1712; baseline -0.002 -20"><span class='ocrx_word' id='word_1_118' title='bbox 309 1628 541 1692; x_wconf 89' lang='lat' dir='ltr'><strong>communionis</strong></span> <span class='ocrx_word' id='word_1_119' title='bbox 563 1628 696 1693; x_wconf 88' lang='lat' dir='ltr'><strong>libertas</strong></span> <span class='ocrx_word' id='word_1_120' title='bbox 718 1630 850 1712; x_wconf 90' lang='lat' dir='ltr'><strong>putetur</strong></span> <span class='ocrx_word' id='word_1_121' title='bbox 872 1627 913 1690; x_wconf 89' lang='lat' dir='ltr'><strong>ab</strong></span> <span class='ocrx_word' id='word_1_122' title='bbox 935 1626 974 1690; x_wconf 84' lang='lat' dir='ltr'><strong>iis</strong></span> <span class='ocrx_word' id='word_1_123' title='bbox 997 1628 1051 1712; x_wconf 91' lang='lat' dir='ltr'><strong>qui</strong></span> <span class='ocrx_word' id='word_1_124' title='bbox 1073 1648 1108 1692; x_wconf 93' lang='lat' dir='ltr'><strong>se</strong></span> <span class='ocrx_word' id='word_1_125' title='bbox 1129 1626 1297 1712; x_wconf 89' lang='lat' dir='ltr'><strong>religiosos</strong></span> <span class='ocrx_word' id='word_1_126' title='bbox 1313 1627 1515 1692; x_wconf 82' lang='lat' dir='ltr'><strong>aestimante</strong></span> 
     </span>
     <span class='ocr_line' id='line_1_16' title="bbox 308 1728 1515 1814; baseline 0 -20"><span class='ocrx_word' id='word_1_127' title='bbox 308 1730 453 1795; x_wconf 80' lang='lat' dir='ltr'><strong>ruenda?</strong></span> <span class='ocrx_word' id='word_1_128' title='bbox 489 1729 577 1806; x_wconf 82' lang='lat' dir='ltr'><strong>Quae</strong></span> <span class='ocrx_word' id='word_1_129' title='bbox 600 1730 627 1793; x_wconf 85' lang='lat' dir='ltr'><strong>si</strong></span> <span class='ocrx_word' id='word_1_130' title='bbox 649 1733 784 1814; x_wconf 90' lang='lat' dir='ltr'><strong>putatur</strong></span> <span class='ocrx_word' id='word_1_131' title='bbox 805 1751 909 1812; x_wconf 90' lang='lat' dir='ltr'><strong>error,</strong></span> <span class='ocrx_word' id='word_1_132' title='bbox 939 1728 1041 1814; x_wconf 82' lang='lat' dir='ltr'><strong>cur²⁷)</strong></span> <span class='ocrx_word' id='word_1_133' title='bbox 1064 1751 1127 1793; x_wconf 88' lang='lat' dir='ltr'><strong>von</strong></span> <span class='ocrx_word' id='word_1_134' title='bbox 1148 1728 1236 1795; x_wconf 91' lang='lat' dir='ltr'><strong>licite</strong></span> <span class='ocrx_word' id='word_1_135' title='bbox 1258 1750 1332 1794; x_wconf 91' lang='lat' dir='ltr'><strong>cum</strong></span> <span class='ocrx_word' id='word_1_136' title='bbox 1355 1729 1482 1813; x_wconf 87' lang='lat' dir='ltr'><strong>ceteris,</strong></span> <span class='ocrx_word' id='word_1_137' title='bbox 1507 1749 1515 1810; x_wconf 68' lang='grc' dir='ltr'><strong><em>ς</em></strong></span> 
     </span>
     <span class='ocr_line' id='line_1_17' title="bbox 308 1830 1515 1916; baseline -0.002 -20"><span class='ocrx_word' id='word_1_138' title='bbox 308 1833 368 1897; x_wconf 91' lang='lat' dir='ltr'><strong>bus</strong></span> <span class='ocrx_word' id='word_1_139' title='bbox 390 1832 457 1896; x_wconf 91' lang='lat' dir='ltr'><strong>illic</strong></span> <span class='ocrx_word' id='word_1_140' title='bbox 478 1832 618 1895; x_wconf 86' lang='lat' dir='ltr'><strong>facultas</strong></span> <span class='ocrx_word' id='word_1_141' title='bbox 641 1835 690 1904; x_wconf 86' lang='lat' dir='ltr'><strong>est</strong></span> <span class='ocrx_word' id='word_1_142' title='bbox 712 1853 818 1916; x_wconf 87' lang='lat' dir='ltr'><strong>agere,</strong></span> <span class='ocrx_word' id='word_1_143' title='bbox 843 1833 968 1896; x_wconf 82' lang='lat' dir='ltr'><strong>amatur</strong></span> <span class='ocrx_word' id='word_1_144' title='bbox 990 1831 1173 1896; x_wconf 80' lang='lat' dir='ltr'><strong>erroribus?</strong></span> <span class='ocrx_word' id='word_1_145' title='bbox 1213 1830 1271 1896; x_wconf 84' lang='lat' dir='ltr'><strong>Sin</strong></span> <span class='ocrx_word' id='word_1_146' title='bbox 1292 1831 1464 1916; x_wconf 83' lang='lat' dir='ltr'><strong>integritas</strong></span> <span class='ocrx_word' id='word_1_147' title='bbox 1484 1851 1515 1894; x_wconf 90' lang='lat' dir='ltr'><strong>ae</strong></span> 
     </span>
     <span class='ocr_line' id='line_1_18' title="bbox 308 1933 1515 2019; baseline -0.001 -20"><span class='ocrx_word' id='word_1_148' title='bbox 308 1938 425 2019; x_wconf 89' lang='lat' dir='ltr'><strong>matur,</strong></span> <span class='ocrx_word' id='word_1_149' title='bbox 449 1934 610 2019; x_wconf 87' lang='lat' dir='ltr'><strong>sequenda</strong></span> <span class='ocrx_word' id='word_1_150' title='bbox 632 1933 740 2017; x_wconf 90' lang='lat' dir='ltr'><strong>potius</strong></span> <span class='ocrx_word' id='word_1_151' title='bbox 761 1934 869 1997; x_wconf 86' lang='lat' dir='ltr'><strong>fuerat</strong></span> <span class='ocrx_word' id='word_1_152' title='bbox 890 1955 987 2018; x_wconf 89' lang='lat' dir='ltr'><strong>quam</strong></span> <span class='ocrx_word' id='word_1_153' title='bbox 1010 1933 1150 1998; x_wconf 89' lang='lat' dir='ltr'><strong>violenta</strong></span> <span class='ocrx_word' id='word_1_154' title='bbox 1170 1936 1396 2018; x_wconf 90' lang='lat' dir='ltr'><strong>persecutione</strong></span> <span class='ocrx_word' id='word_1_155' title='bbox 1410 1936 1515 1998; x_wconf 81' lang='lat' dir='ltr'><strong>vasten</strong></span> 
     </span>
     <span class='ocr_line' id='line_1_19' title="bbox 309 2035 1509 2121; baseline -0.003 -19"><span class='ocrx_word' id='word_1_156' title='bbox 309 2060 369 2102; x_wconf 91' lang='lat' dir='ltr'><strong>nec</strong></span> <span class='ocrx_word' id='word_1_157' title='bbox 391 2060 462 2101; x_wconf 90' lang='lat' dir='ltr'><strong>eam</strong></span> <span class='ocrx_word' id='word_1_158' title='bbox 484 2037 662 2121; x_wconf 86' lang='lat' dir='ltr'><strong>probantur</strong></span> <span class='ocrx_word' id='word_1_159' title='bbox 683 2035 810 2119; x_wconf 88' lang='lat' dir='ltr'><strong>insequi</strong></span> <span class='ocrx_word' id='word_1_160' title='bbox 837 2035 995 2119; x_wconf 88' lang='lat' dir='ltr'><strong>potuisse,</strong></span> <span class='ocrx_word' id='word_1_161' title='bbox 1030 2036 1094 2099; x_wconf 90' lang='lat' dir='ltr'><strong>nisi</strong></span> <span class='ocrx_word' id='word_1_162' title='bbox 1121 2057 1222 2120; x_wconf 87' lang='lat' dir='ltr'><strong>prava</strong></span> <span class='ocrx_word' id='word_1_163' title='bbox 1250 2039 1423 2101; x_wconf 86' lang='lat' dir='ltr'><strong>sectantes.</strong></span> <span class='ocrx_word' id='word_1_164' title='bbox 1466 2035 1509 2098; x_wconf 84' lang='lat' dir='ltr'><strong>At</strong></span> 
     </span>
     <span class='ocr_line' id='line_1_20' title="bbox 308 2136 1515 2224; baseline -0.002 -21"><span class='ocrx_word' id='word_1_165' title='bbox 308 2140 369 2224; x_wconf 93' lang='lat' dir='ltr'><strong>ipsi</strong></span> <span class='ocrx_word' id='word_1_166' title='bbox 394 2140 662 2203; x_wconf 86' lang='lat' dir='ltr'><strong>convincerentur</strong></span> <span class='ocrx_word' id='word_1_167' title='bbox 684 2159 808 2220; x_wconf 88' lang='lat' dir='ltr'><strong>errare,</strong></span> <span class='ocrx_word' id='word_1_168' title='bbox 837 2137 992 2221; x_wconf 86' lang='lat' dir='ltr'><strong>repellere</strong></span> <span class='ocrx_word' id='word_1_169' title='bbox 1014 2138 1216 2223; x_wconf 90' lang='lat' dir='ltr'><strong>cogitarunt,</strong></span> <span class='ocrx_word' id='word_1_170' title='bbox 1250 2159 1314 2223; x_wconf 93' lang='lat' dir='ltr'><strong>quo</strong></span> <span class='ocrx_word' id='word_1_171' title='bbox 1335 2136 1515 2203; x_wconf 86' lang='lat' dir='ltr'><strong>notabantu</strong></span> 
     </span>
     <span class='ocr_line' id='line_1_21' title="bbox 309 2238 1515 2325; baseline -0.001 -21"><span class='ocrx_word' id='word_1_172' title='bbox 309 2243 465 2324; x_wconf 82' lang='lat' dir='ltr'><strong>errtntes,</strong></span> <span class='ocrx_word' id='word_1_173' title='bbox 488 2240 647 2304; x_wconf 87' lang='lat' dir='ltr'><strong>malentes</strong></span> <span class='ocrx_word' id='word_1_174' title='bbox 669 2261 735 2304; x_wconf 92' lang='lat' dir='ltr'><strong>non</strong></span> <span class='ocrx_word' id='word_1_175' title='bbox 758 2238 909 2303; x_wconf 87' lang='lat' dir='ltr'><strong>affectare</strong></span> <span class='ocrx_word' id='word_1_176' title='bbox 917 2240 958 2325; x_wconf 75' lang='lat'><strong>²⁹)</strong></span> <span class='ocrx_word' id='word_1_177' title='bbox 981 2240 1063 2324; x_wconf 93' lang='lat' dir='ltr'><strong>quod</strong></span> <span class='ocrx_word' id='word_1_178' title='bbox 1082 2240 1206 2323; x_wconf 89' lang='lat' dir='ltr'><strong>justum</strong></span> <span class='ocrx_word' id='word_1_179' title='bbox 1229 2242 1288 2324; x_wconf 85' lang='lat' dir='ltr'><strong>est,</strong></span> <span class='ocrx_word' id='word_1_180' title='bbox 1313 2240 1369 2304; x_wconf 89' lang='lat' dir='ltr'><strong>sed</strong></span> <span class='ocrx_word' id='word_1_181' title='bbox 1386 2240 1515 2324; x_wconf 77' lang='lat' dir='ltr'><strong>potinus</strong></span> 
     </span>
     <span class='ocr_line' id='line_1_22' title="bbox 308 2342 890 2426; baseline 0.003 -22"><span class='ocrx_word' id='word_1_182' title='bbox 308 2363 445 2424; x_wconf 88' lang='lat' dir='ltr'><strong>movere,</strong></span> <span class='ocrx_word' id='word_1_183' title='bbox 469 2363 532 2426; x_wconf 91' lang='lat' dir='ltr'><strong>quo</strong></span> <span class='ocrx_word' id='word_1_184' title='bbox 555 2342 890 2425; x_wconf 81' lang='lat' dir='ltr'><strong>docerentminjusti.</strong></span> 
     </span>
    </p>

    <p class='ocr_par' dir='ltr' id='par_1_4' title="bbox 307 2442 1515 3246">
     <span class='ocr_line' id='line_1_23' title="bbox 395 2442 1515 2528; baseline 0.003 -21"><span class='ocrx_word' id='word_1_185' title='bbox 395 2444 443 2508; x_wconf 87' lang='grc'><strong>13.</strong></span> <span class='ocrx_word' id='word_1_186' title='bbox 481 2442 534 2507; x_wconf 84' lang='lat' dir='ltr'><strong>Sic</strong></span> <span class='ocrx_word' id='word_1_187' title='bbox 555 2444 630 2507; x_wconf 88' lang='lat' dir='ltr'><strong>inde</strong></span> <span class='ocrx_word' id='word_1_188' title='bbox 652 2443 785 2507; x_wconf 88' lang='lat' dir='ltr'><strong>recessit</strong></span> <span class='ocrx_word' id='word_1_189' title='bbox 806 2442 848 2506; x_wconf 90' lang='lat' dir='ltr'><strong>ab</strong></span> <span class='ocrx_word' id='word_1_190' title='bbox 876 2443 1025 2508; x_wconf 86' lang='lat' dir='ltr'><strong>humanis</strong></span> <span class='ocrx_word' id='word_1_191' title='bbox 1052 2444 1214 2508; x_wconf 91' lang='lat' dir='ltr'><strong>mentibus</strong></span> <span class='ocrx_word' id='word_1_192' title='bbox 1237 2442 1340 2528; x_wconf 89' lang='lat' dir='ltr'><strong>Deus,</strong></span> <span class='ocrx_word' id='word_1_193' title='bbox 1375 2447 1414 2509; x_wconf 90' lang='lat' dir='ltr'><strong>ut</strong></span> <span class='ocrx_word' id='word_1_194' title='bbox 1439 2444 1515 2510; x_wconf 84' lang='lat' dir='ltr'><strong>obsti</strong></span> 
     </span>
     <span class='ocr_line' id='line_1_24' title="bbox 308 2544 1514 2631; baseline -0.001 -20"><span class='ocrx_word' id='word_1_195' title='bbox 308 2549 361 2611; x_wconf 87' lang='lat' dir='ltr'><strong>tae</strong></span> <span class='ocrx_word' id='word_1_196' title='bbox 369 2545 410 2631; x_wconf 85' lang='lat'><strong>³⁰)</strong></span> <span class='ocrx_word' id='word_1_197' title='bbox 434 2547 546 2608; x_wconf 91' lang='lat' dir='ltr'><strong>contra</strong></span> <span class='ocrx_word' id='word_1_198' title='bbox 569 2544 637 2628; x_wconf 85' lang='lat' dir='ltr'><strong>ejus</strong></span> <span class='ocrx_word' id='word_1_199' title='bbox 660 2545 805 2609; x_wconf 89' lang='lat' dir='ltr'><strong>ordinem</strong></span> <span class='ocrx_word' id='word_1_200' title='bbox 826 2544 1009 2610; x_wconf 83' lang='lat' dir='ltr'><strong>voluntates</strong></span> <span class='ocrx_word' id='word_1_201' title='bbox 1031 2568 1098 2610; x_wconf 93' lang='lat' dir='ltr'><strong>non</strong></span> <span class='ocrx_word' id='word_1_202' title='bbox 1119 2545 1313 2631; x_wconf 74' lang='lat' dir='ltr'><strong>adspiciunt,</strong></span> <span class='ocrx_word' id='word_1_203' title='bbox 1336 2549 1370 2610; x_wconf 88' lang='lat' dir='ltr'><strong>et</strong></span> <span class='ocrx_word' id='word_1_204' title='bbox 1387 2546 1423 2611; x_wconf 87' lang='lat' dir='ltr'><strong>iu</strong></span> <span class='ocrx_word' id='word_1_205' title='bbox 1436 2546 1514 2612; x_wconf 70' lang='lat' dir='ltr'><strong>istor</strong></span> 
     </span>
     <span class='ocr_line' id='line_1_25' title="bbox 309 2646 1506 2733; baseline 0.002 -21"><span class='ocrx_word' id='word_1_206' title='bbox 309 2647 380 2712; x_wconf 92' lang='lat' dir='ltr'><strong>culo</strong></span> <span class='ocrx_word' id='word_1_207' title='bbox 402 2646 546 2712; x_wconf 89' lang='lat' dir='ltr'><strong>divinum</strong></span> <span class='ocrx_word' id='word_1_208' title='bbox 568 2669 633 2710; x_wconf 92' lang='lat' dir='ltr'><strong>non</strong></span> <span class='ocrx_word' id='word_1_209' title='bbox 655 2646 764 2711; x_wconf 85' lang='lat' dir='ltr'><strong>deesse</strong></span> <span class='ocrx_word' id='word_1_210' title='bbox 787 2669 880 2730; x_wconf 86' lang='lat' dir='ltr'><strong>posse</strong></span> <span class='ocrx_word' id='word_1_211' title='bbox 898 2647 1066 2731; x_wconf 90' lang='lat' dir='ltr'><strong>judicium,</strong></span> <span class='ocrx_word' id='word_1_212' title='bbox 1091 2651 1124 2713; x_wconf 90' lang='lat' dir='ltr'><strong>et</strong></span> <span class='ocrx_word' id='word_1_213' title='bbox 1144 2651 1219 2733; x_wconf 87' lang='lat' dir='ltr'><strong>post</strong></span> <span class='ocrx_word' id='word_1_214' title='bbox 1239 2646 1336 2732; x_wconf 86' lang='lat' dir='ltr'><strong>hujus</strong></span> <span class='ocrx_word' id='word_1_215' title='bbox 1351 2648 1439 2714; x_wconf 85' lang='lat' dir='ltr'><strong>vitae</strong></span> <span class='ocrx_word' id='word_1_216' title='bbox 1454 2669 1506 2714; x_wconf 87' lang='lat' dir='ltr'><strong>cur</strong></span> 
     </span>
     <span class='ocr_line' id='line_1_26' title="bbox 308 2748 1499 2835; baseline 0.003 -22"><span class='ocrx_word' id='word_1_217' title='bbox 308 2749 355 2813; x_wconf 94' lang='lat' dir='ltr'><strong>illi</strong></span> <span class='ocrx_word' id='word_1_218' title='bbox 377 2749 460 2834; x_wconf 81' lang='lat' dir='ltr'><strong>se³¹)</strong></span> <span class='ocrx_word' id='word_1_219' title='bbox 482 2748 648 2812; x_wconf 89' lang='lat' dir='ltr'><strong>tremendo</strong></span> <span class='ocrx_word' id='word_1_220' title='bbox 677 2771 743 2813; x_wconf 93' lang='lat' dir='ltr'><strong>non</strong></span> <span class='ocrx_word' id='word_1_221' title='bbox 771 2750 937 2814; x_wconf 86' lang='lat' dir='ltr'><strong>defuturos</strong></span> <span class='ocrx_word' id='word_1_222' title='bbox 960 2751 1115 2834; x_wconf 83' lang='lat' dir='ltr'><strong>examini,</strong></span> <span class='ocrx_word' id='word_1_223' title='bbox 1150 2751 1209 2814; x_wconf 89' lang='lat' dir='ltr'><strong>sub</strong></span> <span class='ocrx_word' id='word_1_224' title='bbox 1236 2772 1299 2835; x_wconf 91' lang='lat' dir='ltr'><strong>quc</strong></span> <span class='ocrx_word' id='word_1_225' title='bbox 1327 2750 1499 2834; x_wconf 81' lang='lat' dir='ltr'><strong>perniciose</strong></span> 
     </span>
     <span class='ocr_line' id='line_1_27' title="bbox 308 2850 1491 2936; baseline 0.002 -20"><span class='ocrx_word' id='word_1_226' title='bbox 308 2852 414 2916; x_wconf 90' lang='lat' dir='ltr'><strong>studia</strong></span> <span class='ocrx_word' id='word_1_227' title='bbox 435 2850 538 2915; x_wconf 86' lang='lat' dir='ltr'><strong>modia</strong></span> <span class='ocrx_word' id='word_1_228' title='bbox 562 2851 710 2915; x_wconf 90' lang='lat' dir='ltr'><strong>omnibus</strong></span> <span class='ocrx_word' id='word_1_229' title='bbox 733 2852 896 2916; x_wconf 92' lang='lat' dir='ltr'><strong>actionum</strong></span> <span class='ocrx_word' id='word_1_230' title='bbox 917 2853 1059 2916; x_wconf 87' lang='lat' dir='ltr'><strong>discussa</strong></span> <span class='ocrx_word' id='word_1_231' title='bbox 1080 2852 1254 2936; x_wconf 82' lang='lat' dir='ltr'><strong>patefiant,</strong></span> <span class='ocrx_word' id='word_1_232' title='bbox 1283 2855 1317 2916; x_wconf 86' lang='lat' dir='ltr'><strong>et</strong></span> <span class='ocrx_word' id='word_1_233' title='bbox 1337 2853 1491 2936; x_wconf 69' lang='lat' dir='ltr'><strong>patefacta</strong></span> 
     </span>
     <span class='ocr_line' id='line_1_28' title="bbox 308 2951 1483 3040; baseline 0.001 -22"><span class='ocrx_word' id='word_1_234' title='bbox 308 2954 456 3019; x_wconf 89' lang='lat' dir='ltr'><strong>niantur:</strong></span> <span class='ocrx_word' id='word_1_235' title='bbox 485 2953 548 3016; x_wconf 88' lang='lat' dir='ltr'><strong>nisi</strong></span> <span class='ocrx_word' id='word_1_236' title='bbox 556 2953 596 3038; x_wconf 84' lang='lat'><strong>³²)</strong></span> <span class='ocrx_word' id='word_1_237' title='bbox 619 2953 693 3037; x_wconf 89' lang='lat' dir='ltr'><strong>quia</strong></span> <span class='ocrx_word' id='word_1_238' title='bbox 715 2951 795 3017; x_wconf 91' lang='lat' dir='ltr'><strong>haec</strong></span> <span class='ocrx_word' id='word_1_239' title='bbox 817 2954 948 3018; x_wconf 89' lang='lat' dir='ltr'><strong>omnino</strong></span> <span class='ocrx_word' id='word_1_240' title='bbox 970 2976 1036 3019; x_wconf 92' lang='lat' dir='ltr'><strong>non</strong></span> <span class='ocrx_word' id='word_1_241' title='bbox 1059 2954 1209 3039; x_wconf 89' lang='lat' dir='ltr'><strong>credunt,</strong></span> <span class='ocrx_word' id='word_1_242' title='bbox 1238 2955 1294 3039; x_wconf 90' lang='lat' dir='ltr'><strong>qui</strong></span> <span class='ocrx_word' id='word_1_243' title='bbox 1322 2955 1381 3019; x_wconf 87' lang='lat' dir='ltr'><strong>illu</strong></span> <span class='ocrx_word' id='word_1_244' title='bbox 1407 2976 1442 3020; x_wconf 88' lang='lat' dir='ltr'><strong>se</strong></span> <span class='ocrx_word' id='word_1_245' title='bbox 1469 2978 1483 3040; x_wconf 75' lang='lat' dir='ltr'><strong>p</strong></span> 
     </span>
     <span class='ocr_line' id='line_1_29' title="bbox 307 3055 1475 3141; baseline 0.001 -22"><span class='ocrx_word' id='word_1_246' title='bbox 307 3060 410 3120; x_wconf 88' lang='lat' dir='ltr'><strong>trasse</strong></span> <span class='ocrx_word' id='word_1_247' title='bbox 431 3055 570 3140; x_wconf 85' lang='lat' dir='ltr'><strong>impune·</strong></span> <span class='ocrx_word' id='word_1_248' title='bbox 587 3055 762 3119; x_wconf 88' lang='lat' dir='ltr'><strong>confidunt.</strong></span> <span class='ocrx_word' id='word_1_249' title='bbox 812 3055 879 3120; x_wconf 88' lang='lat' dir='ltr'><strong>Nos</strong></span> <span class='ocrx_word' id='word_1_250' title='bbox 908 3059 1015 3120; x_wconf 89' lang='lat' dir='ltr'><strong>autem</strong></span> <span class='ocrx_word' id='word_1_251' title='bbox 1036 3055 1169 3121; x_wconf 90' lang='lat' dir='ltr'><strong>humani</strong></span> <span class='ocrx_word' id='word_1_252' title='bbox 1196 3056 1326 3141; x_wconf 89' lang='lat' dir='ltr'><strong>generis</strong></span> <span class='ocrx_word' id='word_1_253' title='bbox 1348 3057 1475 3124; x_wconf 89' lang='lat' dir='ltr'><strong>conscie</strong></span> 
     </span>
     <span class='ocr_line' id='line_1_30' title="bbox 309 3157 1468 3246; baseline 0.001 -24"><span class='ocrx_word' id='word_1_254' title='bbox 309 3157 485 3222; x_wconf 90' lang='lat' dir='ltr'><strong>contestari</strong></span> <span class='ocrx_word' id='word_1_255' title='bbox 512 3179 575 3242; x_wconf 93' lang='lat' dir='ltr'><strong>qua</strong></span> <span class='ocrx_word' id='word_1_256' title='bbox 603 3179 770 3241; x_wconf 84' lang='lat' dir='ltr'><strong>possumus</strong></span> <span class='ocrx_word' id='word_1_257' title='bbox 797 3157 983 3223; x_wconf 89' lang='lat' dir='ltr'><strong>nullatenus</strong></span> <span class='ocrx_word' id='word_1_258' title='bbox 1010 3180 1088 3223; x_wconf 84' lang='lat' dir='ltr'><strong>voce</strong></span> <span class='ocrx_word' id='word_1_259' title='bbox 1111 3180 1288 3244; x_wconf 87' lang='lat' dir='ltr'><strong>cessamus,</strong></span> <span class='ocrx_word' id='word_1_260' title='bbox 1325 3159 1468 3246; x_wconf 84' lang='lat' dir='ltr'><strong>omnipot</strong></span> 
     </span>
    </p>
   </div>
   <div class='ocr_carea' id='block_1_4' title="bbox 332 3292 452 3299">
    <p class='ocr_par' dir='ltr' id='par_1_5' title="bbox 332 3292 452 3299">
     <span class='ocr_line' id='line_1_31' title="bbox 332 3292 452 3299; baseline 0.008 -2"><span class='ocrx_word' id='word_1_261' title='bbox 332 3293 353 3298; x_wconf 83' lang='grc'><em>.,.,</em></span> <span class='ocrx_word' id='word_1_262' title='bbox 362 3292 400 3299; x_wconf 72' lang='grc'>...-</span> <span class='ocrx_word' id='word_1_263' title='bbox 422 3294 439 3298; x_wconf 62' lang='grc'><strong>.,.</strong></span> <span class='ocrx_word' id='word_1_264' title='bbox 448 3294 452 3298; x_wconf 39' lang='lat' dir='ltr'><strong>a</strong></span> 
     </span>
    </p>
   </div>
   <div class='ocr_carea' id='block_1_5' title="bbox 307 3342 1447 4779">
    <p class='ocr_par' dir='ltr' id='par_1_6' title="bbox 375 3342 1185 3415">
     <span class='ocr_line' id='line_1_32' title="bbox 375 3342 1185 3415; baseline -0.001 -16"><span class='ocrx_word' id='word_1_265' title='bbox 375 3348 408 3414; x_wconf 72' lang='lat'><strong>²⁶)</strong></span> <span class='ocrx_word' id='word_1_266' title='bbox 426 3344 472 3399; x_wconf 84' lang='lat' dir='ltr'><strong>Sic</strong></span> <span class='ocrx_word' id='word_1_267' title='bbox 489 3361 538 3398; x_wconf 85' lang='lat' dir='ltr'><strong>ms.</strong></span> <span class='ocrx_word' id='word_1_268' title='bbox 575 3346 613 3398; x_wconf 83' lang='lat' dir='ltr'><strong>At</strong></span> <span class='ocrx_word' id='word_1_269' title='bbox 630 3342 699 3398; x_wconf 81' lang='lat' dir='ltr'><strong>editi</strong></span> <span class='ocrx_word' id='word_1_270' title='bbox 719 3351 881 3401; x_wconf 77' lang='lat' dir='ltr'><strong>traditionem</strong></span> <span class='ocrx_word' id='word_1_271' title='bbox 898 3353 1056 3415; x_wconf 81' lang='lat' dir='ltr'><strong>apostolicae</strong></span> <span class='ocrx_word' id='word_1_272' title='bbox 1073 3353 1185 3415; x_wconf 74' lang='lat' dir='ltr'><strong>regulae.</strong></span> 
     </span>
    </p>

    <p class='ocr_par' dir='ltr' id='par_1_7' title="bbox 307 3429 1447 4094">
     <span class='ocr_line' id='line_1_33' title="bbox 376 3429 1447 3501; baseline 0.003 -17"><span class='ocrx_word' id='word_1_273' title='bbox 376 3433 409 3499; x_wconf 70' lang='lat'><strong>²²)</strong></span> <span class='ocrx_word' id='word_1_274' title='bbox 427 3429 500 3484; x_wconf 73' lang='lat' dir='ltr'><strong>Edit</strong></span> <span class='ocrx_word' id='word_1_275' title='bbox 518 3429 600 3483; x_wconf 83' lang='lat' dir='ltr'><strong>Basil.</strong></span> <span class='ocrx_word' id='word_1_276' title='bbox 620 3449 674 3482; x_wconf 81' lang='lat' dir='ltr'><strong>rum</strong></span> <span class='ocrx_word' id='word_1_277' title='bbox 691 3450 740 3483; x_wconf 83' lang='lat' dir='ltr'><strong>non</strong></span> <span class='ocrx_word' id='word_1_278' title='bbox 758 3437 829 3498; x_wconf 80' lang='lat' dir='ltr'><strong>licet,</strong></span> <span class='ocrx_word' id='word_1_279' title='bbox 849 3431 930 3499; x_wconf 77' lang='lat' dir='ltr'><strong>(eliac</strong></span> <span class='ocrx_word' id='word_1_280' title='bbox 950 3437 1018 3501; x_wconf 84' lang='lat' dir='ltr'><strong>quod</strong></span> <span class='ocrx_word' id='word_1_281' title='bbox 1034 3452 1084 3495; x_wconf 82' lang='lat' dir='ltr'><strong>non</strong></span> <span class='ocrx_word' id='word_1_282' title='bbox 1102 3433 1183 3499; x_wconf 62' lang='lat' dir='ltr'><strong>licet)</strong></span> <span class='ocrx_word' id='word_1_283' title='bbox 1202 3452 1256 3486; x_wconf 73' lang='lat' dir='ltr'><strong>mm</strong></span> <span class='ocrx_word' id='word_1_284' title='bbox 1273 3440 1376 3488; x_wconf 76' lang='lat' dir='ltr'><strong>ceteris.</strong></span> <span class='ocrx_word' id='word_1_285' title='bbox 1399 3431 1447 3487; x_wconf 60' lang='lat' dir='ltr'><strong>Her</strong></span> 
     </span>
     <span class='ocr_line' id='line_1_34' title="bbox 308 3513 1438 3586; baseline 0 -16"><span class='ocrx_word' id='word_1_286' title='bbox 308 3515 377 3570; x_wconf 86' lang='lat' dir='ltr'><strong>dant</strong></span> <span class='ocrx_word' id='word_1_287' title='bbox 393 3514 477 3569; x_wconf 86' lang='lat' dir='ltr'><strong>velim</strong></span> <span class='ocrx_word' id='word_1_288' title='bbox 498 3513 675 3581; x_wconf 82' lang='lat' dir='ltr'><strong>heterodoxi,</strong></span> <span class='ocrx_word' id='word_1_289' title='bbox 698 3514 745 3582; x_wconf 92' lang='lat' dir='ltr'><strong>qui</strong></span> <span class='ocrx_word' id='word_1_290' title='bbox 762 3532 848 3583; x_wconf 90' lang='lat' dir='ltr'><strong>quum</strong></span> <span class='ocrx_word' id='word_1_291' title='bbox 865 3517 972 3570; x_wconf 85' lang='lat' dir='ltr'><strong>ceteras</strong></span> <span class='ocrx_word' id='word_1_292' title='bbox 990 3517 1065 3586; x_wconf 90' lang='lat' dir='ltr'><strong>apud</strong></span> <span class='ocrx_word' id='word_1_293' title='bbox 1083 3533 1113 3570; x_wconf 91' lang='lat' dir='ltr'><strong>se</strong></span> <span class='ocrx_word' id='word_1_294' title='bbox 1125 3516 1247 3570; x_wconf 88' lang='lat' dir='ltr'><strong>tolerent</strong></span> <span class='ocrx_word' id='word_1_295' title='bbox 1258 3516 1402 3585; x_wconf 87' lang='lat' dir='ltr'><strong>haereses,</strong></span> <span class='ocrx_word' id='word_1_296' title='bbox 1419 3535 1438 3570; x_wconf 91' lang='lat' dir='ltr'><strong>n</strong></span> 
     </span>
     <span class='ocr_line' id='line_1_35' title="bbox 308 3598 1434 3671; baseline 0.002 -18"><span class='ocrx_word' id='word_1_297' title='bbox 308 3617 364 3655; x_wconf 91' lang='lat' dir='ltr'><strong>non</strong></span> <span class='ocrx_word' id='word_1_298' title='bbox 380 3601 499 3669; x_wconf 89' lang='lat' dir='ltr'><strong>possunt</strong></span> <span class='ocrx_word' id='word_1_299' title='bbox 517 3598 683 3654; x_wconf 90' lang='lat' dir='ltr'><strong>catholicam</strong></span> <span class='ocrx_word' id='word_1_300' title='bbox 700 3599 872 3668; x_wconf 87' lang='lat' dir='ltr'><strong>religionem.</strong></span> <span class='ocrx_word' id='word_1_301' title='bbox 907 3600 960 3655; x_wconf 89' lang='lat' dir='ltr'><strong>Vel</strong></span> <span class='ocrx_word' id='word_1_302' title='bbox 977 3618 1011 3655; x_wconf 86' lang='lat' dir='ltr'><strong>ex</strong></span> <span class='ocrx_word' id='word_1_303' title='bbox 1028 3601 1081 3654; x_wconf 90' lang='lat' dir='ltr'><strong>hac</strong></span> <span class='ocrx_word' id='word_1_304' title='bbox 1098 3602 1166 3656; x_wconf 87' lang='lat' dir='ltr'><strong>nota</strong></span> <span class='ocrx_word' id='word_1_305' title='bbox 1184 3600 1349 3671; x_wconf 86' lang='lat' dir='ltr'><strong>dignoscere</strong></span> <span class='ocrx_word' id='word_1_306' title='bbox 1368 3619 1434 3670; x_wconf 84' lang='lat' dir='ltr'><strong>quer</strong></span> 
     </span>
     <span class='ocr_line' id='line_1_36' title="bbox 308 3685 1421 3840; baseline 0.004 -18"><span class='ocrx_word' id='word_1_307' title='bbox 308 3685 543 3840; x_wconf 45' lang='lat' dir='ltr'><strong>pmdllnltldoddar.¹</strong></span> <span class='ocrx_word' id='word_1_308' title='bbox 550 3686 857 3824; x_wconf 50' lang='lat' dir='ltr'><strong>&#39;edhehldrdhllaehltnd&#39;</strong></span> <span class='ocrx_word' id='word_1_309' title='bbox 866 3687 1185 3826; x_wconf 51' lang='lat' dir='ltr'><strong>vdcrbrrcethbdhllddmdloc</strong></span> <span class='ocrx_word' id='word_1_310' title='bbox 1196 3773 1293 3827; x_wconf 87' lang='lat' dir='ltr'><strong>autem</strong></span> <span class='ocrx_word' id='word_1_311' title='bbox 1311 3771 1376 3828; x_wconf 90' lang='lat' dir='ltr'><strong>ideo</strong></span> <span class='ocrx_word' id='word_1_312' title='bbox 1388 3772 1421 3826; x_wconf 77' lang='lat' dir='ltr'><strong>di«</strong></span> 
     </span>
     <span class='ocr_line' id='line_1_37' title="bbox 307 3852 1412 3925; baseline 0.002 -15"><span class='ocrx_word' id='word_1_313' title='bbox 307 3852 471 3910; x_wconf 82' lang='lat' dir='ltr'><strong>Anastasius</strong></span> <span class='ocrx_word' id='word_1_314' title='bbox 488 3852 606 3910; x_wconf 87' lang='lat' dir='ltr'><strong>Zenonis</strong></span> <span class='ocrx_word' id='word_1_315' title='bbox 624 3853 798 3909; x_wconf 88' lang='lat' dir='ltr'><strong>adhaerebat</strong></span> <span class='ocrx_word' id='word_1_316' title='bbox 814 3854 957 3923; x_wconf 87' lang='lat' dir='ltr'><strong>henotico,</strong></span> <span class='ocrx_word' id='word_1_317' title='bbox 975 3872 1009 3910; x_wconf 86' lang='lat' dir='ltr'><strong>ex</strong></span> <span class='ocrx_word' id='word_1_318' title='bbox 1026 3872 1082 3925; x_wconf 92' lang='lat' dir='ltr'><strong>quo</strong></span> <span class='ocrx_word' id='word_1_319' title='bbox 1100 3855 1180 3910; x_wconf 91' lang='lat' dir='ltr'><strong>unius</strong></span> <span class='ocrx_word' id='word_1_320' title='bbox 1197 3869 1307 3912; x_wconf 69' lang='lat' dir='ltr'><strong>normae</strong></span> <span class='ocrx_word' id='word_1_321' title='bbox 1325 3875 1382 3913; x_wconf 90' lang='lat' dir='ltr'><strong>non</strong></span> <span class='ocrx_word' id='word_1_322' title='bbox 1399 3875 1412 3912; x_wconf 85' lang='lat' dir='ltr'><strong>s</strong></span> 
     </span>
     <span class='ocr_line' id='line_1_38' title="bbox 307 3933 1408 4010; baseline 0.002 -14"><span class='ocrx_word' id='word_1_323' title='bbox 307 3947 413 3996; x_wconf 81' lang='lat' dir='ltr'><strong>ducrum</strong></span> <span class='ocrx_word' id='word_1_324' title='bbox 431 3952 579 3994; x_wconf 79' lang='lat' dir='ltr'><strong>naturarum</strong></span> <span class='ocrx_word' id='word_1_325' title='bbox 596 3933 732 4010; x_wconf 80' lang='lat' dir='ltr'><strong>professio</strong></span> <span class='ocrx_word' id='word_1_326' title='bbox 751 3939 863 3995; x_wconf 84' lang='lat' dir='ltr'><strong>sublata</strong></span> <span class='ocrx_word' id='word_1_327' title='bbox 881 3943 950 4007; x_wconf 83' lang='lat' dir='ltr'><strong>crat,</strong></span> <span class='ocrx_word' id='word_1_328' title='bbox 967 3941 1021 3995; x_wconf 87' lang='lat' dir='ltr'><strong>hac</strong></span> <span class='ocrx_word' id='word_1_329' title='bbox 1039 3944 1134 3996; x_wconf 89' lang='lat' dir='ltr'><strong>autem</strong></span> <span class='ocrx_word' id='word_1_330' title='bbox 1146 3943 1207 3996; x_wconf 83' lang='lat' dir='ltr'><strong>arte</strong></span> <span class='ocrx_word' id='word_1_331' title='bbox 1220 3941 1251 3997; x_wconf 93' lang='lat' dir='ltr'><strong>id</strong></span> <span class='ocrx_word' id='word_1_332' title='bbox 1262 3943 1408 3998; x_wconf 81' lang='lat' dir='ltr'><strong>submotur</strong></span> 
     </span>
     <span class='ocr_line' id='line_1_39' title="bbox 308 4024 934 4094; baseline -0.003 -12"><span class='ocrx_word' id='word_1_333' title='bbox 308 4024 438 4081; x_wconf 90' lang='lat' dir='ltr'><strong>catholici</strong></span> <span class='ocrx_word' id='word_1_334' title='bbox 455 4025 491 4080; x_wconf 89' lang='lat' dir='ltr'><strong>ab</strong></span> <span class='ocrx_word' id='word_1_335' title='bbox 510 4025 692 4094; x_wconf 82' lang='lat' dir='ltr'><strong>Eutychianis</strong></span> <span class='ocrx_word' id='word_1_336' title='bbox 709 4026 934 4080; x_wconf 88' lang='lat' dir='ltr'><strong>secernebantur.</strong></span> 
     </span>
    </p>

    <p class='ocr_par' dir='ltr' id='par_1_8' title="bbox 375 4109 1395 4180">
     <span class='ocr_line' id='line_1_40' title="bbox 375 4109 1395 4180; baseline 0.003 -15"><span class='ocrx_word' id='word_1_337' title='bbox 375 4114 408 4180; x_wconf 75' lang='lat'><strong>²⁹)</strong></span> <span class='ocrx_word' id='word_1_338' title='bbox 427 4111 514 4166; x_wconf 89' lang='lat' dir='ltr'><strong>Grim.</strong></span> <span class='ocrx_word' id='word_1_339' title='bbox 534 4127 596 4164; x_wconf 86' lang='lat' dir='ltr'><strong>cum</strong></span> <span class='ocrx_word' id='word_1_340' title='bbox 614 4109 681 4164; x_wconf 85' lang='lat' dir='ltr'><strong>edit.</strong></span> <span class='ocrx_word' id='word_1_341' title='bbox 699 4110 781 4164; x_wconf 80' lang='lat' dir='ltr'><strong>Baail.</strong></span> <span class='ocrx_word' id='word_1_342' title='bbox 801 4115 938 4180; x_wconf 69' lang='lat' dir='ltr'><strong>affectare,</strong></span> <span class='ocrx_word' id='word_1_343' title='bbox 958 4111 1007 4166; x_wconf 85' lang='lat' dir='ltr'><strong>alii</strong></span> <span class='ocrx_word' id='word_1_344' title='bbox 1024 4117 1152 4167; x_wconf 76' lang='lat' dir='ltr'><strong>assectari</strong></span> <span class='ocrx_word' id='word_1_345' title='bbox 1168 4114 1197 4166; x_wconf 79' lang='lat' dir='ltr'><strong>et</strong></span> <span class='ocrx_word' id='word_1_346' title='bbox 1214 4129 1280 4167; x_wconf 81' lang='lat' dir='ltr'><strong>mox</strong></span> <span class='ocrx_word' id='word_1_347' title='bbox 1298 4113 1395 4169; x_wconf 72' lang='lat' dir='ltr'><strong>omitte</strong></span> 
     </span>
    </p>

    <p class='ocr_par' dir='ltr' id='par_1_9' title="bbox 308 4194 1387 4421">
     <span class='ocr_line' id='line_1_41' title="bbox 374 4194 1387 4266; baseline 0.003 -16"><span class='ocrx_word' id='word_1_348' title='bbox 374 4199 407 4266; x_wconf 84' lang='lat'><strong>³⁰)</strong></span> <span class='ocrx_word' id='word_1_349' title='bbox 424 4195 490 4250; x_wconf 82' lang='lat' dir='ltr'><strong>Edit</strong></span> <span class='ocrx_word' id='word_1_350' title='bbox 505 4194 589 4250; x_wconf 84' lang='lat' dir='ltr'><strong>Basil.</strong></span> <span class='ocrx_word' id='word_1_351' title='bbox 613 4201 642 4249; x_wconf 88' lang='lat' dir='ltr'><strong>et</strong></span> <span class='ocrx_word' id='word_1_352' title='bbox 662 4195 742 4250; x_wconf 86' lang='lat' dir='ltr'><strong>Rom.</strong></span> <span class='ocrx_word' id='word_1_353' title='bbox 767 4200 918 4254; x_wconf 75' lang='lat' dir='ltr'><strong>abstinente.</strong></span> <span class='ocrx_word' id='word_1_354' title='bbox 954 4198 1029 4251; x_wconf 90' lang='lat' dir='ltr'><strong>bec</strong></span> <span class='ocrx_word' id='word_1_355' title='bbox 1047 4202 1181 4253; x_wconf 78' lang='lat' dir='ltr'><strong>obstinate.</strong></span> <span class='ocrx_word' id='word_1_356' title='bbox 1215 4197 1325 4253; x_wconf 85' lang='lat' dir='ltr'><strong>Deinde</strong></span> <span class='ocrx_word' id='word_1_357' title='bbox 1346 4198 1387 4253; x_wconf 83' lang='lat' dir='ltr'><strong>ite</strong></span> 
     </span>
     <span class='ocr_line' id='line_1_42' title="bbox 308 4281 1381 4352; baseline 0.003 -17"><span class='ocrx_word' id='word_1_358' title='bbox 308 4281 585 4336; x_wconf 63' lang='lat' dir='ltr'><strong>erithestanus</strong></span> <span class='ocrx_word' id='word_1_359' title='bbox 607 4286 665 4349; x_wconf 80' lang='lat' dir='ltr'><strong>ejus</strong></span> <span class='ocrx_word' id='word_1_360' title='bbox 687 4286 786 4336; x_wconf 77' lang='lat' dir='ltr'><strong>ordinis</strong></span> <span class='ocrx_word' id='word_1_361' title='bbox 807 4288 969 4348; x_wconf 75' lang='lat' dir='ltr'><strong>cohortalem,</strong></span> <span class='ocrx_word' id='word_1_362' title='bbox 992 4282 1062 4337; x_wconf 88' lang='lat' dir='ltr'><strong>editi</strong></span> <span class='ocrx_word' id='word_1_363' title='bbox 1082 4300 1148 4338; x_wconf 88' lang='lat' dir='ltr'><strong>vero</strong></span> <span class='ocrx_word' id='word_1_364' title='bbox 1172 4282 1220 4337; x_wconf 88' lang='lat' dir='ltr'><strong>alii</strong></span> <span class='ocrx_word' id='word_1_365' title='bbox 1243 4294 1335 4338; x_wconf 77' lang='lat' dir='ltr'><strong>contra</strong></span> <span class='ocrx_word' id='word_1_366' title='bbox 1350 4289 1381 4352; x_wconf 74' lang='lat' dir='ltr'><strong>jc</strong></span> 
     </span>
     <span class='ocr_line' id='line_1_43' title="bbox 308 4364 650 4421; baseline 0 -1"><span class='ocrx_word' id='word_1_367' title='bbox 308 4366 495 4421; x_wconf 82' lang='lat' dir='ltr'><strong>resarcimrtur</strong></span> <span class='ocrx_word' id='word_1_368' title='bbox 512 4383 546 4420; x_wconf 89' lang='lat' dir='ltr'><strong>ex</strong></span> <span class='ocrx_word' id='word_1_369' title='bbox 564 4364 650 4421; x_wconf 83' lang='lat' dir='ltr'><strong>Grim.</strong></span> 
     </span>
    </p>

    <p class='ocr_par' dir='ltr' id='par_1_10' title="bbox 308 4451 1369 4604">
     <span class='ocr_line' id='line_1_44' title="bbox 375 4451 1369 4522; baseline 0.004 -17"><span class='ocrx_word' id='word_1_370' title='bbox 375 4454 407 4522; x_wconf 79' lang='lat'><strong>⁸¹)</strong></span> <span class='ocrx_word' id='word_1_371' title='bbox 425 4451 470 4506; x_wconf 90' lang='lat' dir='ltr'><strong>Ita</strong></span> <span class='ocrx_word' id='word_1_372' title='bbox 486 4451 587 4506; x_wconf 85' lang='lat' dir='ltr'><strong>Barca.</strong></span> <span class='ocrx_word' id='word_1_373' title='bbox 607 4451 779 4518; x_wconf 81' lang='lat' dir='ltr'><strong>emendavit,</strong></span> <span class='ocrx_word' id='word_1_374' title='bbox 800 4452 876 4520; x_wconf 91' lang='lat' dir='ltr'><strong>quod</strong></span> <span class='ocrx_word' id='word_1_375' title='bbox 898 4451 927 4506; x_wconf 92' lang='lat' dir='ltr'><strong>in</strong></span> <span class='ocrx_word' id='word_1_376' title='bbox 949 4451 1011 4506; x_wconf 86' lang='lat' dir='ltr'><strong>aliis</strong></span> <span class='ocrx_word' id='word_1_377' title='bbox 1032 4453 1112 4508; x_wconf 90' lang='lat' dir='ltr'><strong>libris</strong></span> <span class='ocrx_word' id='word_1_378' title='bbox 1129 4453 1324 4509; x_wconf 85' lang='lat' dir='ltr'><strong>circumfertur</strong></span> <span class='ocrx_word' id='word_1_379' title='bbox 1345 4459 1369 4509; x_wconf 71' lang='lat' dir='ltr'><strong>a&#39;t‘</strong></span> 
     </span>
     <span class='ocr_line' id='line_1_45' title="bbox 308 4536 871 4604; baseline 0.007 -15"><span class='ocrx_word' id='word_1_380' title='bbox 308 4556 358 4590; x_wconf 84' lang='lat' dir='ltr'><strong>non</strong></span> <span class='ocrx_word' id='word_1_381' title='bbox 375 4541 519 4604; x_wconf 68' lang='lat' dir='ltr'><strong>deficimus.</strong></span> <span class='ocrx_word' id='word_1_382' title='bbox 556 4536 642 4591; x_wconf 85' lang='lat' dir='ltr'><strong>Grim.</strong></span> <span class='ocrx_word' id='word_1_383' title='bbox 661 4558 690 4592; x_wconf 82' lang='lat' dir='ltr'><strong>sc</strong></span> <span class='ocrx_word' id='word_1_384' title='bbox 761 4540 871 4602; x_wconf 61' lang='lat' dir='ltr'><strong>arctoos.</strong></span> 
     </span>
    </p>

    <p class='ocr_par' dir='ltr' id='par_1_11' title="bbox 307 4621 1356 4779">
     <span class='ocr_line' id='line_1_46' title="bbox 375 4621 1356 4695; baseline 0.008 -21"><span class='ocrx_word' id='word_1_385' title='bbox 375 4623 408 4688; x_wconf 78' lang='lat'><strong>⁸²)</strong></span> <span class='ocrx_word' id='word_1_386' title='bbox 426 4621 458 4675; x_wconf 87' lang='lat' dir='ltr'><strong>Iu</strong></span> <span class='ocrx_word' id='word_1_387' title='bbox 475 4621 597 4691; x_wconf 83' lang='lat' dir='ltr'><strong>vulgatis</strong></span> <span class='ocrx_word' id='word_1_388' title='bbox 615 4628 666 4676; x_wconf 78' lang='lat' dir='ltr'><strong>nisi</strong></span> <span class='ocrx_word' id='word_1_389' title='bbox 682 4627 726 4693; x_wconf 80' lang='lat' dir='ltr'><strong>qui</strong></span> <span class='ocrx_word' id='word_1_390' title='bbox 741 4627 805 4676; x_wconf 77' lang='lat' dir='ltr'><strong>doec</strong></span> <span class='ocrx_word' id='word_1_391' title='bbox 823 4629 921 4678; x_wconf 84' lang='lat' dir='ltr'><strong>omnino</strong></span> <span class='ocrx_word' id='word_1_392' title='bbox 940 4644 991 4678; x_wconf 87' lang='lat' dir='ltr'><strong>non</strong></span> <span class='ocrx_word' id='word_1_393' title='bbox 1002 4630 1123 4688; x_wconf 63' lang='lat' dir='ltr'><strong>medani,</strong></span> <span class='ocrx_word' id='word_1_394' title='bbox 1143 4633 1225 4695; x_wconf 74' lang='lat' dir='ltr'><strong>qrrioe.</strong></span> <span class='ocrx_word' id='word_1_395' title='bbox 1256 4625 1356 4681; x_wconf 76' lang='lat' dir='ltr'><strong>Tanta</strong></span> 
     </span>
     <span class='ocr_line' id='line_1_47' title="bbox 307 4705 1081 4779; baseline 0.006 -21"><span class='ocrx_word' id='word_1_396' title='bbox 307 4711 379 4774; x_wconf 79' lang='lat' dir='ltr'><strong>quiue</strong></span> <span class='ocrx_word' id='word_1_397' title='bbox 396 4705 426 4758; x_wconf 90' lang='lat' dir='ltr'><strong>in</strong></span> <span class='ocrx_word' id='word_1_398' title='bbox 443 4723 531 4775; x_wconf 88' lang='lat' dir='ltr'><strong>marg.</strong></span> <span class='ocrx_word' id='word_1_399' title='bbox 551 4706 661 4773; x_wconf 86' lang='lat' dir='ltr'><strong>rejecit,</strong></span> <span class='ocrx_word' id='word_1_400' title='bbox 679 4707 794 4776; x_wconf 85' lang='lat' dir='ltr'><strong>ejusque</strong></span> <span class='ocrx_word' id='word_1_401' title='bbox 812 4707 873 4764; x_wconf 89' lang='lat' dir='ltr'><strong>loco</strong></span> <span class='ocrx_word' id='word_1_402' title='bbox 891 4709 1014 4763; x_wconf 86' lang='lat' dir='ltr'><strong>restituit</strong></span> <span class='ocrx_word' id='word_1_403' title='bbox 1031 4719 1081 4779; x_wconf 73' lang='lat' dir='ltr'><strong>qut.</strong></span> 
     </span>
    </p>
   </div>
   <div class='ocr_carea' id='block_1_6' title="bbox 0 0 1618 5506">
    <p class='ocr_par' dir='ltr' id='par_1_12' title="bbox 0 0 1618 5506">
     <span class='ocr_line' id='line_1_48' title="bbox 0 0 1618 5506; baseline 0 0"><span class='ocrx_word' id='word_1_404' title='bbox 0 0 1618 5506; x_wconf 95' lang='lat' dir='ltr'><strong> </strong></span> 
     </span>
    </p>
   </div>
  </div>
 </body>
</html>
