3204 5506
168 103 233 168 294
642 120 669 167 s.
687 119 829 168 cannen
851 118 965 165 aaran

53 281 149 344 (¹14⁸ss
252 276 302 338 12.
326 274 435 359 Sedw)
463 281 652 351 necessitate,
684 273 799 357 inquit,
823 278 978 353 imperiali
997 279 1226 339 communicavit
1247 278 1337 339 Petro
1357 227 1476 338 Ast

65 377 81 384 “
165 385 240 442 cias.
274 376 344 441 Hoc
367 376 472 460 ipsum
494 375 624 459 sufficit,
648 375 723 459 quia
744 377 828 459 qnod
851 376 1042 440 necessitate
1064 374 1184 440 dicitur
1203 323 1500 459 perpetratrst’,

166 502 299 564 pravum
321 500 389 542 esse
411 479 625 541 monstratum
648 481 705 541 est.
745 470 871 541 Viderit
892 477 1033 542 Aeacius
1061 476 1112 541 vel
1134 476 1189 561 qui
1211 422 1490 561 istaproumae

165 582 238 663 tint,
263 584 369 644 ntrnm
398 581 622 663 imperatorem
652 579 845 643 catholicum
866 580 1055 664 profiteatur
1075 579 1172 662 hujus
1193 579 1361 664 pravitatis
1379 524 1500 642 us

169 687 299 748 ctorem.
346 681 413 746 Nos
443 682 505 745 ista
544 682 582 745 de
612 682 770 746 catholico
798 682 989 765 imperatore
1022 703 1088 745 non
1123 680 1296 764 credimus,
1330 652 1500 766 utpots

168 786 258 869 cujus
286 785 425 870 sacram)
453 786 637 865 retinemus,
666 784 836 868 inquibus
860 783 1052 848 catholicam
1079 784 1175 848 fidem
1203 787 1238 849 et
1266 766 1500 851 Calchedes

49 347 153 409 aa.)

167 888 276 953 nensis
299 886 412 970 synodi
434 887 651 951 definitionem
675 908 708 949 se
731 890 841 951 tenere
863 889 1010 949 testatur.
1049 889 1156 970 Atque
1179 885 1251 951 ideo
1278 884 1436 950 etiamst
1492 874 1500 893 ⁴

167 990 277 1054 eodem
299 990 506 1072 postulamus,
531 988 707 1052 haereticos
730 989 845 1052 dehere
866 988 998 1071 depelli3
1026 988 1225 1072 pessimeque
1255 989 1296 1053 de
1318 1010 1356 1053 ee
1377 1009 1441 1052 ma·

168 1092 219 1177 gis
241 1091 295 1155 ille
317 1092 426 1173 sentit,
450 1091 503 1174 qni
526 1091 558 1154 id
581 1113 652 1154 enm
676 1094 732 1154 aut
753 1091 838 1154 nelle
861 1094 916 1153 erit
932 1113 997 1154 nou
1011 1091 1118 1154 facere
1134 1112 1227 1174 posse
1241 1089 1443 1175 praetendit:

169 1217 265 1278 quum
288 1214 347 1256 uec
370 1192 543 1256 Divinitati
567 1193 610 1256 sit
632 1193 750 1277 aliquid
774 1193 1030 1277 praeferendum,
1061 1196 1093 1256 et
1115 1192 1249 1277 impium
1271 1192 1336 1276 sit,
1366 1213 1448 1278 quac

169 1297 209 1360 ad
232 1294 335 1359 Deum
357 1296 531 1379 pertinent,
562 1299 710 1379 prompta
733 1317 798 1358 non
821 1296 949 1380 exsequi
973 1296 1148 1360 voluntate.
1191 1294 1272 1378 Nos,
1301 1295 1448 1381 inquam,

170 1399 232 1462 ista
255 1397 293 1460 de
314 1398 506 1480 imperatore
529 1420 595 1462 non
618 1397 790 1480 credimus,
820 1398 906 1461 absit
928 1398 1025 1480 enim,
1056 1401 1227 1462 utcontra
1255 1398 1331 1481 hoc,
1365 1397 1452 1482 quod

169 1499 277 1585 palam
301 1500 478 1583 profitetur,
503 1504 616 1563 centra
638 1500 733 1564 decus
757 1500 882 1584 imperii
912 1499 1104 1564 catholicam
1132 1499 1229 1564 fidem
1250 1499 1453 1584 impugnare

170 1602 303 1666 dicatur.
349 1601 524 1686 impugnat
547 1605 663 1683 antem,
693 1601 776 1684 qnod
800 1602 900 1686 absit,
924 1602 951 1664 si
978 1623 1169 1686 quemquam
1196 1600 1232 1665 in
1258 1600 1336 1684 hoe,
1367 1601 1454 1686 quod

171 1705 337 1767 inimicum
359 1707 408 1767 est
430 1702 607 1767 catholicae
629 1702 805 1785 Ecclesiae,
829 1703 1022 1767 necessitate
1046 1703 1228 1788 compellat.
1274 1702 1350 1769 Hoc
1383 1704 1456 1790 ipso

171 1810 287 1889 irritem,
312 1806 395 1870 sicut
417 1806 538 1870 dictum
561 1810 620 1887 est,
645 1807 772 1870 constat
794 1828 862 1869 esse
884 1827 1079 1890 perversum,
1095 1805 1180 1890 quod
1202 1804 1327 1870 dicitur
1341 1827 1455 1871 neees-

171 1909 266 1972 sitate
290 1908 457 1972 committi.
497 1907 558 1972 Sed
581 1907 661 1971 haec
684 1907 722 1970 de
745 1908 937 1991 imperatore
960 1908 1110 1990 viderint,
1135 1907 1189 1992 qui
1211 1907 1277 1972 ista
1300 1913 1457 1993 praeten-

170 2009 266 2092 dunt,
290 2032 347 2073 nos
370 2014 476 2073 autem
499 2009 596 2073 etiaim
618 2010 652 2073 in
674 2008 736 2073 hnc
759 2013 850 2093 parte
873 2009 1123 2094 imperatoriae)
1146 2031 1239 2074 sacra
1260 2011 1455 2095 recitamus,

170 2111 284 2197 quibus
307 2113 414 2176 omnia
443 2136 476 2175 se
504 2112 677 2196 imperator
706 2134 778 2175 eum
807 2112 918 2176 Aeacii
948 2111 1080 2176 consilio
1108 2112 1225 2177 fecisse
1252 2112 1394 2197 promit,
1424 2116 1458 2179 et

171 2214 248 2278 item
272 2215 382 2279 ,teacii
405 2215 526 2298 scripta
548 2214 773 2298 depromimus,
803 2235 884 2298 quae
907 2213 1041 2278 laudant
1064 2213 1294 2298 imperatorem
1317 2215 1387 2280 ista
1409 2216 1457 2281 fa·

174 2317 321 2380 cientem.
366 2316 470 2381 Nemo
491 2317 573 2400 qued
596 2318 719 2401 patitur
742 2317 944 2399 necessitate,
969 2315 1139 2400 collaudat,
1168 2339 1264 2381 nemo
1295 2341 1356 2383 suc
1381 2339 1457 2383 con·

172 2419 244 2482 silio
272 2419 497 2481 necessitatem
526 2419 587 2482 sihi
614 2419 718 2502 poscit
744 2418 869 2482 inferri.
915 2417 948 2483 Si
977 2418 1168 2483 necessitate
1194 2418 1293 2503 fecit,
1328 2420 1457 2486 fatetur

173 2521 293 2584 malum
322 2542 389 2583 esse
418 2520 499 2604 qnod
528 2521 620 2603 feeit,
649 2522 762 2585 nolens
790 2521 875 2585 enim
903 2543 969 2585 non
996 2520 1106 2585 volens
1137 2520 1232 2604 feeit3
1265 2543 1336 2586 non
1368 2523 1459 2589 enim

122 2674 125 2678 .
174 2623 339 2685 uoluntate
360 2622 451 2705 facit,
481 2622 562 2706 quod
592 2624 784 2687 necessitate
807 2623 901 2705 facit,
924 2623 1043 2686 malum
1066 2626 1174 2687 antem
1200 2624 1338 2707 fatetur,
1371 2623 1457 2709 quod

174 2724 274 2788 nollet
295 2723 375 2808 fieri,
400 2726 426 2788 si
450 2725 640 2789 necessitate
663 2748 729 2789 nou
751 2728 959 2809 premeretur.
998 2724 1031 2790 Si
1054 2725 1175 2789 malum
1197 2728 1257 2808 eat,
1288 2724 1380 2810 quod
1401 2748 1458 2791 ne

175 2826 323 2890 cessitate
345 2826 436 2910 facit,
466 2850 521 2891 cur
543 2827 575 2890 id
598 2827 691 2891 laude
718 2828 943 2911 prosequitur?
978 2849 1034 2891 cur
1061 2827 1101 2891 ad
1133 2826 1270 2891 aliorum
1298 2827 1458 2912 perditio·

174 2951 247 2993 nem
270 2930 473 3012 praedicatu
499 2930 546 2993 rei
574 2930 641 3012 ejus
671 2930 811 3011 exsistit,
842 2952 937 3014 quam
967 2929 1139 2994 committit
1166 2918 1329 2993 invitrmt‘
1359 2929 1459 2997 Unde

175 3035 319 3115 apparet,
344 3054 409 3096 non
425 3032 626 3096 necessitatis
642 3032 696 3096 sed
714 3032 888 3096 voluntatis
905 3054 983 3114 esse,
1008 3031 1090 3115 quod
1105 3031 1195 3114 facit,
1220 3053 1320 3115 quum
1343 3032 1460 3118 utique

175 3135 290 3217 placet,
316 3157 412 3218 quum
437 3133 558 3216 laudat,
588 3156 685 3217 quum
707 3156 784 3218 prae
808 3134 922 3198 ceteris
944 3137 1030 3197 retro
1051 3133 1258 3217 pontificibus
1287 3155 1363 3199 esse
1385 3156 1460 3219 prc-

174 3235 317 3319 mnlgat:
346 3237 463 3319 quippe
486 3236 540 3329 qni
562 3235 651 3319 dicit,
679 3258 760 3300 rranc
783 3243 1024 3323 Alexandrinum
1047 3241 1204 3300 ecclesiam
1226 3242 1403 3316 respirem,
1430 3248 1463 3301 ei

117 3355 125 3361 ·
174 3342 323 3416 spiritalis
346 3344 509 3401 alimoniae
531 3343 669 3402 abertate
690 3345 815 3420 satiari,
837 3337 876 3401 dc
898 3359 961 3421 quo
984 3341 1059 3402 aute
1075 3336 1258 3422 dixerat²²)‚
1283 3359 1389 3422 quum
1405 3360 1459 3405 ex·

174 3437 285 3520 pulsus
308 3441 401 3520 esset,
425 3445 539 3504 lecturi
558 3462 625 3505 cani
636 3454 738 3522 patre,
762 3439 794 3503 id
818 3444 867 3503 est
888 3462 960 3503 cum
975 3438 1142 3504 Timotheo
1158 3437 1331 3521 catholico,
1357 3446 1460 3507 corda

172 3545 315 3622 fideliam,
346 3540 379 3603 id
405 3544 454 3604 est
476 3542 578 3623 plebis
601 3564 686 3606 snae.
733 3541 897 3606 Postremo
924 3541 993 3626 ipse
1023 3540 1139 3624 videat,
1167 3541 1195 3605 ai
1221 3541 1462 3625 imperatorem

232 3713 395 3721 ..—-.-
411 3717 427 3721 .-
443 3719 455 3722 ,.
1183 3701 1202 3730 χ

245 3830 275 3887 ¹⁹]
293 3827 385 3881 Etiam
403 3826 483 3894 illud,
502 3829 633 3883 Acacium
652 3830 824 3884 solunnnodo
843 3830 879 3883 ah
897 3828 1067 3898 imperatore
1086 3830 1213 3884 coactum
1224 3829 1312 3884 Petro
1332 3847 1462 3887 commu-

175 3912 292 3978 nicasse,
311 3929 445 3981 persaepe
459 3914 558 3967 Graeci
577 3913 769 3968 obtendebant
781 3923 810 3968 et
821 3915 984 3968 refutabant
999 3913 1156 3984 pontificem
1175 3914 1246 3968 conf.
1261 3914 1361 3971 Gelas.
1375 3917 1460 3988 epist

175 4004 228 4050 an.
244 4002 258 4049 7
272 3998 301 4050 et
315 4004 358 4062 ra,
371 4002 403 4050 aa
416 4015 441 4049 n.
455 4004 479 4063 s,
495 4005 532 4063 rr,
548 4005 578 4053 13
591 3999 625 4051 aa.
1112 4012 1117 4019 “

242 4084 273 4149 ²⁰)
292 4081 403 4135 Scilicet
427 4085 475 4136 aad
497 4081 545 4137 illa
569 4083 605 4137 ad
623 4081 795 4152 Simplicium
813 4085 847 4138 de
866 4084 1029 4153 recuperate
1053 4082 1172 4153 imperio
1191 4100 1273 4138 sacra
1290 4085 1383 4153 (conf.
1400 4088 1462 4143 not.

176 4166 255 4235 epist.
270 4166 365 4235 Simpl.
380 4184 437 4220 non
450 4168 568 4221 exstant.
584 4167 661 4235 nV),
680 4169 730 4221 aut
747 4168 803 4222 aha
821 4168 856 4222 ad
868 4167 1023 4237 Aegyptios
1041 4166 1121 4235 data,
1139 4167 1174 4223 de
1192 4167 1296 4237 quibus
1313 4174 1464 4229 memorat

175 4251 252 4304 Felix
271 4254 296 4305 ΙΙ
315 4251 394 4320 epist.
417 4259 428 4304 l
449 4270 475 4304 n.
494 4259 518 4317 8,
537 4258 552 4305 2
570 4270 597 4305 n.
617 4258 641 4304 4.
665 4282 698 4289 -
716 4252 779 4305 Mox
799 4252 866 4306 editi
890 4259 934 4323 qui
950 4259 988 4306 aii
1005 4274 1058 4306 eam
1076 4263 1120 4306 ant
1138 4259 1205 4307 acite
1289 4276 1376 4325 posce
1394 4279 1463 4330 quae

175 4342 260 4389 scuni.

244 4422 278 4487 ²¹)
296 4420 337 4474 De
356 4420 398 4473 his
416 4420 529 4489 quidem
548 4422 665 4476 Zenonis
683 4423 713 4477 et
730 4422 824 4478 Aeacii
841 4423 943 4477 litteris
961 4424 1120 4478 conferatur
1131 4422 1238 4478 Gelasii
1255 4424 1341 4496 epist
1356 4433 1394 4483 26
1404 4433 1464 4484 aa

177 4507 206 4559 a
223 4504 324 4558 nouae
342 4504 421 4575 epae.
442 4505 539 4560 renas
559 4508 583 4560 11
601 4525 658 4561 non
676 4510 796 4562 exenni
815 4527 840 4562 n.
860 4508 925 4562 vm
943 4494 975 4561 ei
989 4508 1035 4561 rx.
1144 4558 1147 4563 ,

245 4592 277 4656 ²²)
297 4589 409 4644 Scilicet
425 4591 453 4644 in
471 4590 572 4645 litteris
590 4591 644 4645 illis
662 4593 825 4662 deperditis,
844 4592 879 4647 de
897 4592 998 4661 quibus
1016 4594 1110 4662 agitur
1127 4592 1157 4647 in
1173 4595 1233 4650 not.
1253 4597 1341 4687 epist.
1360 4597 1464 4671 Sinpl.

177 4689 233 4730 non
251 4676 368 4730 exstant.
389 4693 415 4729 u.
428 4675 474 4731 Vl.
495 4706 527 4714 -
545 4676 621 4731 Editi
639 4684 671 4730 de
689 4700 739 4748 pac
758 4680 787 4731 et
803 4678 876 4734 mira
894 4685 1049 4734 ‹Iemoinirai
1122 4682 1244 4750 apponii.
