3204 5506
609 120 803 170 nersrouaa
828 110 877 167 14.
903 109 953 167 15.
1039 126 1042 133 ¹
1353 103 1413 166 771

141 274 332 340 mansiones
353 277 499 363 evocato,
524 274 724 356 curatione,
747 295 809 358 qua
831 273 900 356 ipse
923 271 1103 357 cognoscit,
1136 271 1192 356 qui
1214 274 1264 337 est
1284 271 1417 357 possiti·
1430 280 1465 348 (a.
1477 281 1546 345 516.)

141 375 227 441 lium
250 376 411 461 dominus,
444 377 513 460 in⁴)
536 398 587 440 me
609 379 722 441 sancta
744 376 884 460 synodus
916 375 1072 439 bonorum
1101 377 1231 438 actuum
1253 395 1291 439 ac
1313 374 1445 439 clerus'

143 481 314 563 pastorum
340 477 508 542 transtulit
534 480 661 542 sortem.
706 476 777 562 Ego
807 479 913 541 autem
936 478 1052 541 cuncta
1079 475 1222 540 referens
1245 475 1344 559 Deo,.
1364 477 1418 560 qui

143 579 398 645 balbutientium
424 581 554 665 linguas
581 579 698 644 liberas
726 580 822 661 facit,
856 580 1006 643 decenter
1039 576 1080 641 ad
1107 580 1230 642 vestras
1258 578 1418 642 orationes

146 703 315 765 concurro,
339 686 376 745 ut
393 682 487 766 juxta
510 681 772 746 consuetudinem
795 680 989 764 apostolieae
1012 679 1096 744 sedis
1110 679 1270 765 vestrae⁶l
1287 683 1419 744 cuncta·

145 806 220 848 rum
243 784 448 848 ecclesiarum
470 805 578 849 curam
601 786 633 847 et
647 782 947 867 Nicopolitanorum
968 781 1086 847 habere
1107 781 1284 866 dignemini
1307 803 1419 846 secun·

146 888 225 950 dum
248 885 413 970 antiquam
440 886 639 970 spiritualem
666 884 1084 968 dispositionem‘vestram.
1139 883 1266 948 Petenti
1296 884 1415 947 etenim

146 986 229 1051 mihi
252 987 321 1051 dari
343 1009 529 1072 responsum
538 988 563 1073 ⁰)
587 987 627 1050 ad
649 986 847 1070 apertionem
870 986 944 1071 oris,
976 986 1059 1051 sicut
1080 985 1189 1050 docuit
1211 985 1323 1049 beatus
1345 990 1564 1070 apollphene.

147 1090 250 1153 stilus
278 1093 374 1174 atque
400 1090 470 1173 ipse
498 1089 595 1154 etiarn
623 1087 779 1153 Dominus
806 1088 987 1174 praecepit,
1023 1110 1147 1152 mecum
1180 1087 1280 1172 petite
1307 1086 1421 1151 horum

147 1191 311 1274 datorem,
335 1195 368 1255 et
391 1213 462 1255 cum
484 1194 657 1276 quaerente
679 1191 800 1274 pariter
823 1191 977 1275 quaerite,
1004 1194 1036 1254 et
1057 1189 1239 1274 pulsantem
1261 1189 1421 1274 spirituali

148 1315 249 1358 manu
271 1296 377 1358 vestra
399 1294 564 1377 suscipite.
601 1291 672 1358 Hoc
696 1293 782 1358 enim
803 1293 893 1357 vobis
914 1291 1118 1375 facientibus,
1142 1294 1264 1376 potere,
1287 1291 1422 1355 sanctis·

148 1397 247 1479 sime,
272 1398 305 1459 et
326 1395 471 1478 accipere
494 1397 527 1459 et
548 1395 693 1459 invenire
707 1382 748 1459 'et
772 1395 937 1478 aperiente
952 1393 1080 1459 Christo
1102 1396 1189 1458 recte
1211 1393 1421 1478 perverbum

148 1497 297 1561 veritatis
318 1497 477 1561 incedere.

236 1600 266 1662 2.
304 1597 461 1673 Quoniam
482 1621 557 1662 vero
580 1599 708 1684 quidam
730 1598 969 1663 dissimulantes
991 1597 1159 1661 nobiscum
1175 1597 1303 1661 credere
1326 1600 1422 1681 atque

147 1700 268 1766 sectari
291 1704 420 1765 sanctas
443 1700 591 1785 synodos,
615 1723 696 1785 quae
711 1700 862 1783 Nicaeae,
887 1699 1167 1784 Constantinopoli
1190 1703 1285 1783 atque
1300 1697 1422 1782 Ephesi

147 1805 369 1888 congregatae
385 1805 475 1885 sunt,
500 1803 534 1866 in
552 1803 700 1889 quibus⁷)
716 1803 879 1888 principes
902 1802 1094 1866 exstiterunt
1115 1801 1336 1865 sanctissimae
1358 1822 1422 1864 me·

144 1905 272 1969 moriae
305 1904 444 1990 episcopi
473 1903 673 1969 Caelestinus
710 1905 904 1989 apostolicae
944 1903 1027 1967 sedis
1061 1906 1184 1967 vestrae
1222 1905 1255 1966 et
1284 1901 1422 1986 Cyrillus

144 2005 408 2090 Alexandrinae3
436 2006 567 2091 insuper
591 2007 689 2070 etiarn
711 2029 792 2090 quae
815 2005 1015 2072 Calchedone
1038 2005 1188 2069 adversus
1210 2002 1422 2087 Eutychetem

141 2109 287 2193 impium
311 2111 525 2194 congregrata
553 2112 618 2192 est,
654 2131 735 2193 quae
762 2130 872 2172 omnes
900 2107 1081 2192 praedictas
1109 2107 1261 2170 veritates
1289 2107 1422 2192 aequel)

141 2210 359 2276 orthodoxiae
386 2210 421 2273 in
449 2232 483 2274 se
509 2210 636 2274 ratione
664 2211 819 2274 firmavit:
853 2212 963 2273 tamen
992 2209 1113 2272 audent
1145 2229 1204 2271 nos
1231 2208 1423 2293 impugnare

136 2317 317 2396 tamquam
339 2311 501 2375 vinculum
524 2313 712 2376 concordiae
734 2313 804 2376 sine
827 2312 951 2375 ratione
973 2311 1123 2374 vitantes.
1168 2308 1288 2373 Votum
1316 2313 1424 2374 autem

137 2415 233 2481 mihi
256 2417 315 2497 cst,
339 2417 477 2478 vestram
500 2414 590 2498 sequi
606 2415 800 2498 doctrinam,
825 2414 908 2478 sicut
922 2414 1007 2477 inter
1023 2411 1184 2497 sanctosl)
1200 2411 1425 2495 praedecessor

136 2539 243 2584 meus
272 2517 414 2600 Alcyson
441 2516 624 2599 exstiterat3
661 2520 694 2580 et
721 2515 958 2580 anathematizo
986 2514 1190 2597 Dioscorum,
1220 2513 1424 2578 Timotheum

136 2617 371 2704 appellatione
394 2617 548 2681 Aelurum
571 2622 603 2682 et
625 2617 756 2682 Petrum
777 2617 891 2682 horum
919 2637 1147 2699 successorem3
1175 2619 1208 2678 ct
1229 2614 1318 2679 Petri
1342 2637 1424 2680 com-

135 2721 306 2789 munione
329 2719 473 2784 cumbis
495 2720 689 2803 permixtum
711 2721 876 2803 Acacium,
901 2722 933 2783 et
954 2717 1086 2782 Petrum
1108 2717 1162 2801 qui
1185 2716 1424 2780 Antiochenam

135 2823 356 2912 perturbavit
383 2822 567 2906 ecclesiam,
600 2844 736 2906 sequens
764 2823 797 2886 in
820 2821 969 2885 omnibus
992 2818 1160 2904 synodicas
1188 2839 1225 2881 ac
1237 2819 1275 2904 ¹⁰)
1298 2818 1425 2902 proprie
1504 2885 1509 2894 ,

135 2924 348 3013 apostolicas
381 2924 532 3008 epistolas
565 2924 702 3008 scriptas
738 2946 757 2988 a
789 2945 863 2987 vero
895 2923 1041 3005 praesule
1076 2921 1240 2985 Romanae
1273 2920 1426 2984 ecclesiae

136 3030 273 3095 Leone.

140 3169 245 3179 ,ἐμ-
257 3166 461 3173 ——0-0—

136 3236 360 3300 arcluepacopo.
395 3230 438 3284 Ad
456 3230 529 3284 hunc
547 3230 712 3299 Alcysonem
729 3229 805 3298 apud
823 3228 974 3298 Evagrium
991 3226 1039 3281 lib.
1059 3234 1075 3281 3
1094 3243 1116 3282 e.
1135 3233 1166 3281 31
1187 3226 1279 3280 exstat
1295 3223 1427 3280 Palaesti-

136 3333 257 3375 norum
274 3315 472 3370 monachorum
490 3315 616 3385 epistola.
647 3315 673 3368 ls
693 3314 843 3369 secrmdum
854 3313 1008 3368 Marcellini
1025 3311 1173 3367 chronicon
1186 3327 1259 3365 anno
1272 3316 1321 3364 516
1333 3325 1427 3379 supre-

138 3419 233 3460 mum
253 3399 327 3455 diem
345 3399 585 3469 Constantinopoli
604 3399 687 3466 obiit,
710 3399 870 3468 etquidem
888 3417 973 3467 quum
992 3412 1038 3459 eo,
1056 3396 1214 3467 Nicephoro
1233 3394 1339 3449 Callisti
1356 3393 1428 3460 XVI,

137 3495 182 3545 38
211 3486 298 3552 teste,
321 3501 376 3538 una
398 3502 461 3539 curn
483 3485 545 3539 aliis
567 3484 728 3539 orthodoxis
756 3483 860 3553 lllyrici
882 3482 1018 3554 episcopis
1040 3483 1171 3537 evocatus
1194 3482 1230 3535 ab
1259 3481 1428 3551 imperatore

138 3571 264 3630 finisset.

225 3658 248 3723 ⁴)
266 3655 329 3709 Bar.
348 3654 436 3709 movit
452 3655 516 3710 hinc
533 3655 700 3726 particulam
717 3661 743 3708 in
761 3671 878 3725 eamque
896 3654 970 3709 infra
987 3653 1048 3709 voci
1065 3664 1195 3723 partorum
1212 3649 1382 3722 praeposuit.

226 3743 250 3807 ⁵)
269 3740 312 3794 lta
330 3738 373 3793 G¹.
409 3740 476 3794 bec
493 3752 594 3795 vestrae
612 3761 676 3810 qaue
694 3748 840 3794 cunctarum
858 3761 880 3795 e.
900 3760 921 3794 c.
940 3744 1027 3801 tabet,
1047 3750 1072 3793 et
1090 3743 1332 3806 Nicopolitunoranr.

226 3828 249 3894 ⁶)
267 3824 299 3877 In
316 3840 418 3893 graeco
437 3824 557 3895 apostoli
580 3827 657 3879 textu
677 3824 756 3896 (Eph.
777 3831 805 3892 6,
825 3829 866 3894 19)
888 3825 991 3895 legitur
1010 3819 1091 3894 λόγος
1111 3824 1139 3877 et
1160 3822 1190 3875 in
1207 3821 1323 3890 vulgata
1339 3840 1431 3878 sermo.

140 3913 199 3970 Ab
213 3911 334 3978 utroque
352 3925 418 3964 vero
435 3909 551 3979 propius
568 3910 675 3964 recedit
691 3931 840 3979 responsum
858 3910 940 3977 (utin
953 3909 1012 3978 G1),
1031 3925 1116 3978 quarn
1134 3907 1209 3977 quod
1220 3905 1357 3961 Batonius
1368 3904 1431 3958 sub·

141 3997 254 4057 stituit
267 4001 391 4065 spiritura.

226 4085 249 4149 ⁷)
268 4081 336 4135 bcc
353 4080 389 4134 ad
407 4097 495 4150 marg.
515 4102 577 4150 qua,
596 4080 713 4150 optime,
733 4080 869 4148 siquidem
882 4081 956 4148 quod
974 4080 1109 4149 sequitur,
1128 4078 1165 4132 ad
1176 4094 1260 4132 unam
1272 4075 1374 4130 attinet
1390 4093 1432 4144 sy·

142 4166 266 4226 nodum
282 4164 462 4234 Ephesinam,
482 4165 526 4218 cui
543 4165 660 4235 Cyrillus
678 4169 709 4219 ut
726 4165 895 4235 apostolicae
914 4164 986 4219 sedis
1007 4165 1116 4234 legatus
1139 4165 1168 4218 et
1186 4158 1355 4217 Coelestinue
1372 4161 1432 4214 tum

114 4270 126 4292 ·
143 4272 209 4329 per
227 4252 321 4322 iprum
339 4249 472 4319 Cyrillum
489 4253 549 4305 tum
567 4268 618 4321 per
635 4251 704 4305 alios
722 4251 830 4320 legatos
848 4251 1037 4320 praefuerunt.

228 4338 251 4406 ⁸)
269 4335 313 4389 Ita
330 4336 510 4404 mutavimus,
530 4336 605 4404 quod
622 4335 652 4390 in
671 4337 705 4391 G¹
724 4348 808 4407 atque.
845 4335 912 4389 hcc
928 4352 1041 4405 prorsus
1060 4333 1219 4387 omisenmt.

227 4425 251 4491 ⁹)
270 4420 374 4491 Supple
390 4426 489 4489 factm,
508 4421 686 4490 quodetiam
704 4420 733 4474 in
751 4419 869 4490 epistola
885 4419 1013 4486 sequenti
1030 4418 1201 4489 exprimitur.
1237 4416 1302 4471 Mox
1319 4434 1370 4486 pro
1388 4436 1433 4471 ea·

131 4516 264 4570 alienat
283 4505 373 4575 magis
389 4506 513 4576 placeret
530 4518 630 4561 secutus
648 4519 713 4561 erut.

228 4595 262 4661 ¹⁰)
281 4592 349 4645 bcc
366 4613 397 4646 ac
414 4599 581 4662 apostolicas,
597 4608 743 4661 suppresso
756 4598 875 4662 proprie:
895 4607 949 4659 quo
962 4591 1048 4646 verbo
1061 4589 1161 4644 Leonis
1174 4589 1309 4659 epistolae
1321 4592 1431 4658 aposto·

146 4685 251 4740 lorum
272 4693 430 4731 successore
448 4677 550 4747 dignae
568 4678 733 4733 indicantur.

1166 4765 1233 4828 49*
