3204 5506
659 392 831 441 urrsronn
856 384 882 438 1.
1342 380 1405 444 227

198 541 239 625 qui
255 540 327 608 falsus
348 549 377 610 et
394 566 561 630 perversus
589 546 740 628 edicitur,
770 546 811 608 ab
834 547 976 628 ejusdcm
999 547 1111 630 synodi
1135 549 1264 612 tramite
1287 549 1404 614 discre—
1416 576 1440 614 a.
1451 566 1511 615 483.

194 642 276 726 pabit.
423 709 428 717 ,

252 745 275 810 8.
305 749 439 835 Denique
461 754 592 816 cunctos
615 751 780 836 episcopos
802 751 947 837 Aegypti
974 752 1200 836 universosque
1224 726 1355 818 clericos
1363 754 1404 840 ²⁴)

184 848 323 934 increpata,
342 855 456 917 restris
477 853 672 938 generaliter
694 853 837 937 apicibus
860 854 1054 936 sancientes,
1079 857 1116 917 ut
1137 855 1202 918 nisi
1223 857 1310 919 intra
1325 856 1404 920 duos

175 973 275 1017 menses
291 955 324 1020 ab
341 955 401 1038 his,
427 978 508 1039 quac
523 979 542 1019 a
556 957 716 1041 principio
732 960 844 1021 contra
861 980 1013 1040 canones,
1039 962 1150 1022 contra
1166 958 1316 1021 ecclesias
1333 957 1413 1040 Dei„

173 1058 264 1118 corba
279 1056 475 1122 orthodoxam
496 1059 592 1123 fidem
607 1059 889 1145 cogitaverant25),
914 1060 1126 1142 abstinerent,
1151 1063 1246 1143 atque
1262 1060 1302 1123 ad
1318 1060 1404 1123 beati

164 1156 297 1224 Timothei
311 1161 573 1243 communionem,
596 1182 693 1245 quam
708 1161 805 1245 impie
820 1161 1027 1245 reliquerant,
1053 1162 1171 1246 dignae
1186 1162 1406 1244 poenitentiae

155 1259 353 1326 satisfactione
378 1266 577 1345 remearent,
612 1284 678 1328 non
706 1263 808 1327 solum
837 1263 1060 1347 despoliandos
1088 1262 1262 1355 honoribus
1296 1285 1405 1327 verum
1514 1268 1517 1279 '

80 1412 82 1417 .
148 1362 243 1427 etiam
265 1367 295 1427 et
313 1363 535 1430 Alexandrina
562 1366 640 1430 urhe
669 1369 702 1430 et
729 1365 818 1429 omni
840 1365 1044 1449 Aegyptiace
1074 1365 1206 1450 regione
1230 1366 1405 1429 carituros:

140 1466 290 1548 injustum
308 1466 392 1531 enim
413 1467 526 1549 videri,
555 1469 638 1532 sicut
660 1466 862 1532 Christianus
890 1469 1065 1551 imperator
1088 1468 1266 1549 affirmans,
1293 1470 1330 1530 ut
1351 1468 1406 1551 qui

136 1590 172 1632 sa
193 1566 281 1652 aba)
301 1567 456 1652 Ecclesia,
485 1591 567 1654 quae
589 1570 707 1653 ubique
728 1573 887 1634 terrarum
909 1573 969 1653 est,
998 1573 1218 1654 segregarent,
1249 1569 1407 1632 haberent

131 1670 313 1734 sacerdotes
338 1671 533 1756 dignitatem
561 1674 618 1735 aut
639 1671 704 1736 ullo
732 1672 816 1736 sacri
838 1672 1011 1736 ministerii
1033 1671 1163 1735 nomine
1188 1675 1404 1734 censerentur.

130 1771 199 1836 Vos
222 1772 354 1857 indigne
375 1773 517 1838 ferentes
540 1774 581 1836 ab
603 1773 833 1837 Alexandrinis
856 1773 1028 1837 seditiones
1051 1773 1215 1857 surana)
1239 1774 1405 1854 concitari,

126 1897 184 1939 eos
207 1875 264 1958 qui
286 1878 413 1959 practer
435 1876 580 1940 ordinem
603 1875 783 1940 clericalem
799 1875 895 1939 simili
910 1877 1098 1959 deceptione
1113 1875 1319 1957 tenebantur,
1343 1856 1407 1937 hisi

124 1977 328 2041 salutaribus
348 1978 479 2042 monitis
502 1977 680 2059 obedirent,
704 1978 763 2041 tali
785 1978 1026 2062 poenadignos
1042 1977 1256 2059 arbitramini,
1280 1976 1407 2059 qualem

125 2102 197 2144 non
222 2080 421 2144 mrstinerent
442 2101 502 2144 nec
523 2080 597 2143 ullis
620 2080 806 2144 criminibus
829 2080 977 2144 involuti.
1462 2072 1468 2085 ”

216 2182 248 2246 9.
294 2181 358 2246 Vos
379 2181 512 2247 Petrum
540 2182 672 2266 speciali
700 2185 850 2246 notantes
880 2182 994 2265 elogio,
1024 2182 1108 2265 quod
1135 2182 1247 2245 illicite
1276 2202 1309 2244 so
1332 2182 1407 2244 Ale·

124 2284 312 2349 xandrinae
334 2285 499 2368 injecisset
521 2285 684 2367 ecclesiae,
708 2305 819 2348 omnes
841 2284 896 2368 qui
918 2288 985 2347 tam
1008 2284 1049 2347 ab
1072 2304 1108 2347 eo
1131 2305 1227 2366 quarn
1244 2282 1407 2346 haeretico

124 2386 303 2451 'timotheo
320 2387 388 2470 jam
410 2387 563 2451 defuncto
584 2387 716 2451 fuerant
737 2386 888 2468 ordinati,
912 2388 937 2448 si
961 2387 1048 2449 infra
1063 2386 1258 2471 tempora²⁸)
1274 2385 1407 2448 definita

124 2490 369 2574 resipiscerent,
398 2489 440 2553 ad
466 2490 721 2553 communionem
749 2487 900 2551 catholici
927 2486 1086 2550 Timothei
1116 2487 1278 2550 mandatis
1307 2486 1407 2569 recipi

125 2593 214 2674 (non
236 2591 336 2655 ctiam
357 2591 398 2655 ad
420 2590 504 2655 male
519 2592 717 2675 praesumpti
735 2590 854 2676 gradus
869 2590 1039 2674 privilegia
1055 2589 1233 2653 debuerant
1249 2588 1407 2672 admitti):

126 2697 366 2778 consequenter
387 2693 552 2775 addenteS,
578 2697 699 2758 ceteros
722 2692 879 2756 deteriora
902 2692 1073 2774 subituros,
1098 2691 1126 2755 si
1141 2692 1259 2775 eligere
1275 2691 1407 2754 meliora

126 2797 324 2862 noluissent.
367 2794 434 2858 Vos
464 2795 634 2877 cujuslibet
661 2797 734 2879 post
761 2793 820 2858 has
848 2793 997 2879 vanas²⁹)
1026 2793 1265 2857 satisfactiones
1295 2814 1408 2856 causas

127 2898 259 2964 cunctis
283 2897 410 2981 penitus
426 2896 614 2978 abstulistis,
639 2896 713 2980 quia
728 2896 814 2979 ipsos
830 2897 871 2959 ab
885 2896 1021 2959 unitatis
1039 2895 1198 2959 consortio
1210 2895 1408 2958 discedentes

127 2999 340 3066 recensuistis
360 2998 473 3063 tulisse
492 2998 658 3082 judicium.
697 2997 762 3061 Vos
785 2998 824 3061 de
846 2998 946 3081 ipsius
969 3019 1106 3081 persona
1123 2996 1211 3060 Petri
1236 2997 1407 3080 quidquam

125 3103 236 3168 denuo
266 3100 535 3186 defricandum³⁰)
557 3100 697 3183 sapienti
721 3100 975 3164 consideratione
995 3098 1158 3164 tacuistis:
1181 3099 1298 3181 quippe
1314 3119 1408 3181 quem

196 3342 231 3407 “J
252 3340 298 3393 Ita
315 3339 347 3392 E*
360 3339 407 3405 E'3
426 3338 494 3394 editi
513 3356 575 3393 cum
593 3337 626 3394 F'
638 3336 675 3391 H,
693 3345 776 3391 cleros
853 3343 1019 3406 increpastis,
1040 3339 1068 3389 ct
1080 3337 1153 3390 infra
1165 3340 1358 3389 arbitrabamini

123 3431 282 3481 marim.
312 3424 458 3480 Praesenti
476 3427 570 3479 autem
588 3423 675 3476 ulitur
693 3424 820 3492 tempore
838 3423 936 3490 utpote
955 3438 988 3475 ex
1005 3424 1102 3476 tenore
1126 3423 1249 3490 ipsarum
1267 3437 1408 3474 sacrarum

123 3512 256 3582 loquens.

194 3598 230 3663 ¹⁵)
250 3592 459 3649 1111111111.
499 3594 576 3648 Editi
594 3600 770 3664 suffecerunt
852 3604 928 3663 atquc
952 3597 1021 3647 beati
1102 3599 1269 3648 communione
1349 3599 1409 3646 reii-

123 3693 249 3755 penne.

194 3769 229 3836 ²⁸)
248 3767 296 3820 lta
312 3764 346 3819 ΕΙ
359 3765 405 3832 E',
423 3766 499 3835 quod
511 3768 540 3820 et
557 3782 653 3819 sensus
670 3764 802 3835 postulat.
834 3763 908 3817 Edit·
922 3781 984 3817 cum
997 3764 1029 3816 F²
1041 3769 1078 3816 ad
1089 3771 1218 3817 ecclesiam
1281 3762 1323 3830 (ΡΞ
1335 3775 1407 3817 tene·

120 3855 243 3920 marn)
319 3857 469 3906 sacerdotes
487 3862 530 3904 aut
549 3850 593 3918 (F¹
609 3853 648 3919 nt)
665 3857 715 3905 atto
733 3869 819 3904 sacra

194 3940 229 4006 η)
248 3935 330 3989 Editi
347 3936 458 4003 (omisso
471 3940 570 4005 iterrrm)
590 3943 733 3992 concitatas
802 3948 914 4004 propter
926 3940 1039 3989 ordinem
1099 3938 1304 3995 arbitrabamini,
1324 3935 1353 3986 et
1365 3933 1410 3987 dc-

121 4024 186 4077 lent
203 4029 310 4093 quatem
329 4041 379 4076 nan
394 4027 549 4076 emiinerent
567 4033 615 4075 etc.
651 4020 800 4090 Sequimur
816 4019 849 4073 ΕΙ
863 4020 897 4071 E²
910 4020 951 4081 F',
970 4019 1023 4072 nisi
1042 4020 1116 4087 quod
1134 4019 1166 4071 ΕΙ
1186 4027 1359 4080 concitarant,
1377 4018 1411 4069 F*

121 4115 312 4178 mpreananr
331 4147 350 4160 ..
368 4113 493 4162 innatatis.

192 4195 229 4261 ¹⁸)
250 4190 454 4255 1111111111,
472 4191 525 4246 nisi
547 4193 623 4260 quod
646 4196 793 4246 debueratis
810 4197 917 4246 admitti.
958 4189 1034 4242 Editi
1057 4194 1128 4256 infra
1146 4196 1221 4256 finita
1243 4200 1356 4256 tempora

119 4283 272 4333 wamiis
347 4281 520 4332 decreveratis
540 4283 649 4334 admitti.
683 4277 760 4330 Haec
778 4276 896 4330 Zenonis
915 4274 1075 4328 constitutio
1094 4273 1197 4341 regulis
1216 4272 1410 4326 ecclesiasticis

120 4364 326 4419 consentanea
348 4365 421 4427 erat,
443 4361 544 4431 quibus
566 4362 724 4431 generatim
741 4361 876 4426 sancitur,
900 4362 930 4413 ut
949 4359 997 4428 qui
1014 4361 1129 4427 praeter
1147 4360 1187 4412 ias
1206 4357 1327 4411 ordinati
1346 4359 1410 4410 sunt

119 4449 346 4512 removeantur3
368 4447 402 4500 cf.
422 4446 512 4500 Siricii
530 4448 610 4518 epist.
633 4454 664 4503 10
682 4466 708 4501 n.
729 4452 774 4511 18,
793 4447 886 4498 lunoc.
908 4445 987 4513 epist.
1008 4452 1023 4498 3
1041 4463 1068 4496 n.
1088 4450 1116 4508 7,
1137 4442 1286 4497 Caelestini
1304 4443 1410 4511 epistt

118 4556 146 4591 n
160 4542 178 4590 8
192 4536 233 4590 al.
273 4531 348 4586 Hinc
364 4531 450 4586 etiarn
469 4531 625 4601 Simplicius
644 4533 724 4601 epist.
740 4539 810 4587 1811.
825 4539 840 4585 3
859 4530 893 4583 de
906 4530 990 4583 Petro
1003 4530 1106 4599 Mongo
1125 4527 1261 4593 decrevit,
1280 4528 1333 4597 ipsi
1345 4543 1410 4596 poe-

118 4620 227 4676 nitenti
250 4616 479 4673 communionem
495 4616 635 4685 indulgeri
652 4631 747 4686 posse,
765 4633 821 4670 non
837 4621 967 4683 sastipr’nn
985 4620 1155 4668 caracteratis
1173 4619 1314 4682 dipnitntis.

188 4711 227 4776 ”j
250 4705 297 4757 lta
316 4702 348 4755 E¹
367 4701 402 4755 E'
418 4701 458 4756 1¹³².
494 4701 571 4755 Editi
593 4710 679 4756 carias
700 4707 886 4769 satisfactionis
909 4720 1002 4754 causas
1078 4703 1165 4769 quibus
1187 4705 1267 4766 ipsos.
1302 4701 1331 4751 ai
1352 4709 1410 4766 port

115 4799 186 4848 irnee
204 4795 304 4860 spatia
321 4792 510 4855 ratr'esactionis
526 4786 675 4841 lectionem
694 4787 836 4855 vulgatam
856 4786 890 4838 de
908 4801 957 4839 suo
977 4784 1172 4854 corrigendam
1191 4783 1276 4836 duxit.

188 4881 228 4943 ⁸¹)
249 4871 451 4929 1111111111.
487 4871 563 4924 Editi
585 4877 734 4939 defricandi
805 4878 901 4926 bonore
926 4877 1044 4924 nudatam
1119 4881 1162 4922 arrt
1180 4891 1196 4922 a
1219 4875 1292 4922 nuliis
1314 4880 1358 4920 aret
1380 4871 1411 4919 ab

116 4966 269 5018 haereticis
348 4963 488 5013 insidiosas
504 4965 622 5016 intraret.

1142 5042 1207 5104 15*
