3204 5506
630 394 658 442 S.
674 391 881 442 HORMISDAE
904 392 1018 440 Pasas

679 580 862 683 Epistola
892 580 961 663 100

798 732 847 770 seu

37 804 188 928 tggssffvd
235 826 415 897 suggestio
437 826 597 882 Germani
619 826 784 895 episcopi,
816 825 941 882 Felicis
963 829 998 881 et
1019 825 1177 882 Dioscuri
1197 824 1414 883 diaconorum

37 940 176 1074 (dathotd).
397 932 431 984 et
452 928 576 984 Blandi
596 928 790 996 presbyteri
812 929 856 985 ad
877 928 1096 985 Hormisdam
1116 941 1252 996 papam.

58 1016 91 1064 00
126 1026 160 1061 c.

225 1060 290 1122 Quid
315 1061 508 1110 Thessalonicae
531 1067 612 1109 aelam
634 1061 679 1117 sit,
711 1077 761 1124 qao
783 1060 883 1110 racione
907 1059 1051 1109 Dorotheus
1070 1061 1191 1123 populum
1218 1059 1257 1108 od
1279 1032 1422 1110 ieonum
1457 1069 1496 1127 pl

221 1149 402 1211 praepararit,
420 1146 549 1194 Jobannes
567 1147 664 1209 tepulae
681 1145 785 1209 qusque
803 1144 896 1208 hospes
913 1146 983 1194 caesi
993 1149 1053 1202 stat,
1072 1151 1205 1208 exponunt
1217 1141 1255 1207 (a.
1266 1145 1364 1206 1-a);
1381 1146 1422 1194 ad·

248 1233 321 1287 dant,
341 1232 462 1296 quomodo
480 1231 532 1293 ipsi
548 1231 725 1293 imperatorem
742 1231 884 1287 contestati,
904 1235 929 1277 et
946 1228 986 1278 bic
1002 1230 1137 1279 uindictam
1154 1231 1304 1294 promiserit
1322 1228 1357 1294 (r.
1369 1228 1405 1295 b).

276 1384 304 1443 1.
342 1380 464 1464 Magna
486 1379 702 1443 misericordia
724 1378 784 1442 Dei
814 1381 863 1442 est
890 1382 922 1442 et
949 1378 1199 1444 inaestimabilia
1233 1380 1302 1463 ejus
1328 1379 1452 1464 judicis,

189 1482 244 1566 qui
265 1480 348 1545 nibil
370 1482 530 1545 occultum
551 1481 700 1563 dimittit,
734 1483 771 1543 ut
798 1481 951 1563 probetur
977 1481 1228 1565 uniuscujusque
1252 1482 1452 1547 conscientia.

190 1582 370 1648 Dorotheus
392 1583 686 1647 Thessalonicensis
695 1581 719 1666 ¹)
747 1602 814 1645 non
841 1604 942 1647 novus
971 1582 1120 1667 apparuit
1150 1603 1211 1647 nec
1240 1583 1281 1646 ad
1309 1604 1454 1668 praesens

189 1685 311 1767 factus,
346 1684 402 1748 sed
431 1707 464 1749 se
493 1683 738 1767 demonstravit,
776 1706 869 1768 quem
897 1684 973 1748 olim
1001 1706 1075 1748 vera
1103 1683 1316 1768 praedicabat
1344 1676 1476 1770 opinio'

190 1787 255 1851 lste
278 1808 402 1870 semper
424 1786 458 1850 in
474 1787 566 1850 malis
581 1786 745 1850 desideriis
761 1785 826 1849 suis
840 1786 1013 1869 involutus,
1037 1786 1113 1850 data
1124 1787 1296 1851 occasione
1311 1787 1454 1869 exseruit,

190 1890 274 1973 quod
302 1891 414 1953 contra
442 1889 536 1953 fidem
565 1887 755 1953 catholicam
785 1908 909 1970 semper
936 1888 1137 1972 parturiebat
1164 1887 1278 1954 scelus.
1324 1888 1364 1953 In
1391 1889 1456 1952 aliis

84 2012 127 2065 ep.
137 1999 178 2049 65.
190 1991 308 2055 litteris
340 1990 592 2073 significavimus
620 1989 812 2054 beatitudini
841 1993 980 2073 vestrae,
1018 2011 1079 2074 quo
1111 1991 1224 2055 ordine
1255 1993 1457 2055 transeuntes

190 2092 419 2157 Thessalonica
441 2092 564 2155 libellos
586 2113 652 2156 non
673 2093 833 2176 potuimus
855 2091 1025 2175 suscipere.
1070 2090 1151 2155 Erat
1172 2095 1285 2157 tamen
1310 2093 1457 2157 consutu-

190 2199 259 2258 tum
281 2198 354 2279 post
375 2193 608 2257 ordinationem
631 2196 763 2257 sanctae
781 2192 932 2257 ecclesiae
948 2192 1340 2277 Constantinopolitanae,
1363 2216 1457 2257 unum

191 2318 230 2360 ex
251 2296 344 2360 nobis
367 2296 406 2358 ad
429 2295 533 2378 ipsum
555 2294 709 2379 dirigere,
738 2293 895 2379 quiahoc
917 2295 1068 2377 sperabat
1089 2296 1292 2379 praedictus,
1322 2298 1360 2360 ut
1380 2317 1456 2359 unus

191 2419 230 2461 ex
256 2397 348 2461 nobis
376 2399 450 2481 post
477 2400 640 2480 susceptos
668 2397 792 2461 libellos
820 2419 892 2461 cum
920 2397 990 2480 ipso
1015 2396 1130 2461 missas
1156 2397 1333 2482 teneret2),
1371 2395 1458 2481 quasi

189 2499 373 2562 testimonio
395 2497 518 2561 habens
547 2498 581 2561 in
603 2498 817 2582 generalitate
845 2519 878 2561 se
906 2498 945 2561 ad
972 2498 1131 2562 unitatem
1158 2499 1457 2583 sedisapostolicae

190 2621 258 2664 esse
282 2600 498 2683 conjunctum.
543 2599 614 2663 Etsi
637 2600 727 2663 tarde
735 2600 778 2683 ³),
806 2600 928 2663 factum
956 2603 1152 2683 esttamen,
1186 2606 1223 2664 ut
1244 2600 1457 2665 venerabilem

189 2701 373 2766 Johannem
395 2702 578 2785 episcopum
601 2701 641 2764 ad
662 2702 768 2785 ipsum
790 2701 1007 2785 dirigeremus.
1052 2700 1202 2767 Directus
1224 2704 1276 2767 est
1299 2724 1372 2767 cum
1393 2704 1457 2786 ipso

190 2826 229 2867 ex
252 2803 411 2867 communi
434 2802 588 2867 electione
603 2801 806 2887 Epiphanius
821 2802 997 2886 presbyter.
1038 2803 1253 2887 Germanus⁴)
1270 2803 1457 2869 venerabilis

191 2910 224 2969 et
251 2905 384 2968 illustris
413 2905 579 2988 episcopus
607 2906 676 2968 erat
708 2925 779 2968 cum
800 2904 879 2987 ipsis
907 2908 939 2968 et
960 2902 1103 2968 Licinius
1132 2926 1238 2970 comes
1266 2906 1396 2971 scholae
1421 2927 1456 2969 ex

191 3006 392 3071 ordinatione
416 3007 653 3071 clementissimi
676 3006 886 3089 imperatoris.

274 3109 305 3172 2.
337 3107 399 3183 Qui
420 3109 561 3173 Licinius
583 3112 692 3173 tamen
714 3130 810 3192 quum
832 3108 920 3191 prius
942 3130 1000 3192 pro
1022 3108 1086 3172 alia
1107 3131 1204 3173 causa
1226 3115 1313 3176 esset
1328 3111 1454 3176 Thessa·

190 3211 328 3274 tonicam
351 3210 505 3292 directus,
531 3214 728 3294 congregata
750 3211 870 3293 synodo
892 3209 931 3273 de
952 3210 1100 3292 paroecia
1122 3212 1278 3277 ecclesiae
1294 3212 1452 3278 Thessalo

190 3313 341 3394 nicensiS,
365 3313 411 3376 ibi
434 3317 483 3377 est
504 3314 665 3395 inventus,
690 3315 878 3396 exspectans
901 3311 1074 3376 secundum
1096 3314 1344 3397 promissionem
1363 3337 1451 3380 mum

191 3437 229 3477 ex
251 3415 354 3478 nobis.
400 3413 581 3479 Voluerunt
608 3414 677 3497 ipso
705 3416 872 3498 praesente
901 3413 1024 3478 libellos
1051 3414 1159 3479 facere
1189 3419 1222 3479 et
1249 3416 1447 3481 subscribere.

190 3516 280 3590 oneo
300 3516 424 3580 factum
446 3520 509 3579 est:
537 3516 680 3600 signavit
701 3516 787 3598 ipsos
814 3515 938 3579 libellos
965 3515 1147 3598 praedictus
1169 3517 1235 3600 vir,
1269 3521 1302 3581 et
1329 3518 1446 3583 veniens

191 3616 503 3702 Constantinopolim
524 3617 646 3681 factum
668 3617 841 3681 nimtiavit.
879 3616 1052 3681 Dicebatur
1074 3618 1167 3682 nobis
1190 3618 1231 3681 ab
1255 3618 1445 3703 apocrisiario

190 3717 358 3783 Dorothei:
395 3725 500 3784 Jaaeoeo
522 3726 668 3798 diripere,
698 3727 750 3798 qui
771 3725 886 3783 libellos
907 3725 1061 3799 saascipioi.
1105 3719 1374 3806 Denuntiatum)
1394 3723 1441 3799 est,

191 3819 273 3882 sicut
294 3821 522 3905 praediximus,
552 3821 768 3885 venerabilem
788 3820 971 3885 Juliannem
999 3821 1185 3906 episcopum
1214 3822 1389 3905 ambulare,
1413 3823 1442 3882 ut

190 3917 324 3985 haberet
334 3923 553 3987 testimonium
570 3923 813 4007 subscriptionis
828 3922 965 3986 illorum.
997 3922 1193 4006 Rogavimus
1209 3924 1383 4009 piissimum
1394 3923 1440 3986 im·

191 4026 379 4107 perstarem,
396 4029 432 4089 ut
447 4029 479 4089 et
495 4047 598 4089 eomes
610 4025 752 4088 Licinius
768 4025 948 4088 ambularet
960 4047 1031 4089 cum
1042 4046 1094 4089 eo:
1117 4025 1201 4109 quod
1217 4028 1250 4089 et
1261 4027 1377 4091 factum
1390 4027 1438 4087 est.

189 4177 492 4190 ——-—---—--—.

192 4262 239 4311 100
275 4261 294 4326 ¹)
314 4277 347 4313 oc
366 4261 428 4313 add.
449 4269 591 4330 episcopus.

256 4344 400 4408 ²)1taG1.
437 4345 486 4400 Ed.
507 4352 656 4403 celebraret.

256 4429 276 4493 ³)
294 4428 327 4480 H.
347 4445 370 4481 e.
391 4430 515 4495 quamvis
537 4431 624 4486 scrius
648 4449 732 4501 quam
750 4435 933 4502 speraverunt
954 4433 1007 4503 ipsi
1023 4434 1123 4503 legati,
1148 4434 1215 4504 quia
1238 4435 1312 4504 quod
1327 4432 1432 4505 proxime

188 4512 252 4579 post
274 4511 337 4565 dies
354 4516 463 4566 sanctos
482 4515 604 4569 Paschae
622 4516 779 4571 faciendum
797 4519 995 4588 praefixerant,
1018 4521 1049 4572 ut
1070 4519 1217 4588 exponitur
1235 4520 1314 4590 epist
1333 4525 1363 4573 tt
1376 4535 1398 4571 a
1415 4522 1431 4577 ¹¹

188 4595 261 4649 eirca
279 4596 471 4667 Septembrem
490 4600 606 4654 dilatum
625 4603 676 4656 est.
717 4602 787 4655 Tum
811 4602 879 4656 editi
897 4604 994 4657 contra
1012 4603 1046 4657 G¹
1062 4608 1158 4670 saetam
1177 4615 1215 4658 est
1238 4614 1431 4659 ementiare

187 4684 290 4733 rabilem
362 4689 511 4750 diripentes.

254 4767 275 4833 ⁴)
294 4767 319 4820 Is
338 4767 484 4838 episcopus
503 4787 520 4823 a
538 4770 676 4825 Germano
695 4771 789 4841 legato
808 4775 851 4827 est
869 4772 1088 4842 distinguendus.

255 4853 274 4917 ⁵)
293 4851 344 4904 Ed.
361 4857 534 4908 Deliberatum
552 4868 597 4909 est.
628 4856 692 4911 Mox
706 4856 885 4924 correximus,
904 4859 979 4927 quod
991 4858 1019 4912 in
1032 4859 1066 4913 G*
1081 4859 1116 4912 G³
1129 4865 1265 4914 associatam
1277 4870 1314 4913 est
1365 4872 1427 4925 prae

185 4939 269 4986 seatio
287 4948 437 4991 raostrorum.
473 4939 491 4992 b
506 4957 541 4993 oc
560 4946 697 4994 ruurtiotum
765 4949 937 5011 praesentiam
955 4950 1046 4999 adesse
1064 4954 1212 4999 nostrorum.
