<?xml version="1.0" encoding="UTF-8"?>
<!DOCTYPE html PUBLIC "-//W3C//DTD XHTML 1.0 Transitional//EN"
    "http://www.w3.org/TR/xhtml1/DTD/xhtml1-transitional.dtd">
<html xmlns="http://www.w3.org/1999/xhtml" xml:lang="en" lang="en">
 <head>
  <title>
</title>
<meta http-equiv="Content-Type" content="text/html;charset=utf-8" />
  <meta name='ocr-system' content='tesseract 3.04.00' />
  <meta name='ocr-capabilities' content='ocr_page ocr_carea ocr_par ocr_line ocrx_word'/>
</head>
<body>
  <div class='ocr_page' id='page_1' title='image "./epistolaeromano00thiegoog/epistolaeromano00thiegoog_0545.png"; bbox 0 0 3204 5506; ppageno 0'>
   <div class='ocr_carea' id='block_1_1' title="bbox 269 344 1065 407">
    <p class='ocr_par' dir='ltr' id='par_1_1' title="bbox 269 344 1065 407">
     <span class='ocr_line' id='line_1_1' title="bbox 269 344 1065 407; baseline -0.004 0"><span class='ocrx_word' id='word_1_1' title='bbox 269 344 332 407; x_wconf 84' lang='grc'>496</span> <span class='ocrx_word' id='word_1_2' title='bbox 744 357 928 406; x_wconf 70' lang='lat' dir='ltr'>serisso</span> <span class='ocrx_word' id='word_1_3' title='bbox 951 357 1065 404; x_wconf 77' lang='lat' dir='ltr'>uaeas</span> 
     </span>
    </p>
   </div>
   <div class='ocr_carea' id='block_1_2' title="bbox 267 510 1493 1516">
    <p class='ocr_par' dir='ltr' id='par_1_2' title="bbox 267 510 1493 1516">
     <span class='ocr_line' id='line_1_2' title="bbox 268 510 1492 596; baseline 0.002 -20"><span class='ocrx_word' id='word_1_4' title='bbox 268 511 488 596; x_wconf 71' lang='lat' dir='ltr'>suspenderas,</span> <span class='ocrx_word' id='word_1_5' title='bbox 512 532 667 594; x_wconf 88' lang='lat' dir='ltr'>asserens,</span> <span class='ocrx_word' id='word_1_6' title='bbox 691 512 900 595; x_wconf 81' lang='lat' dir='ltr'>possessionis</span> <span class='ocrx_word' id='word_1_7' title='bbox 915 512 1078 576; x_wconf 88' lang='lat' dir='ltr'>dominum</span> <span class='ocrx_word' id='word_1_8' title='bbox 1093 511 1213 594; x_wconf 88' lang='lat' dir='ltr'>omnia,</span> <span class='ocrx_word' id='word_1_9' title='bbox 1232 531 1315 596; x_wconf 87' lang='lat' dir='ltr'>quae</span> <span class='ocrx_word' id='word_1_10' title='bbox 1329 510 1374 576; x_wconf 92' lang='lat' dir='ltr'>illi</span> <span class='ocrx_word' id='word_1_11' title='bbox 1390 513 1492 578; x_wconf 80' lang='lat' dir='ltr'>mutere</span> 
     </span>
     <span class='ocr_line' id='line_1_3' title="bbox 268 613 1493 699; baseline 0.001 -20"><span class='ocrx_word' id='word_1_12' title='bbox 268 616 396 699; x_wconf 88' lang='lat' dir='ltr'>bantur,</span> <span class='ocrx_word' id='word_1_13' title='bbox 420 614 564 697; x_wconf 87' lang='lat' dir='ltr'>accipere</span> <span class='ocrx_word' id='word_1_14' title='bbox 581 617 614 677; x_wconf 89' lang='lat' dir='ltr'>et</span> <span class='ocrx_word' id='word_1_15' title='bbox 629 614 693 676; x_wconf 90' lang='lat' dir='ltr'>suis</span> <span class='ocrx_word' id='word_1_16' title='bbox 717 614 825 678; x_wconf 91' lang='lat' dir='ltr'>usibus</span> <span class='ocrx_word' id='word_1_17' title='bbox 848 614 1020 698; x_wconf 89' lang='lat' dir='ltr'>applicare,</span> <span class='ocrx_word' id='word_1_18' title='bbox 1043 634 1103 677; x_wconf 89' lang='lat' dir='ltr'>nec</span> <span class='ocrx_word' id='word_1_19' title='bbox 1124 613 1193 678; x_wconf 92' lang='lat' dir='ltr'>illic</span> <span class='ocrx_word' id='word_1_20' title='bbox 1212 635 1306 698; x_wconf 91' lang='lat' dir='ltr'>posse</span> <span class='ocrx_word' id='word_1_21' title='bbox 1320 613 1493 680; x_wconf 82' lang='lat' dir='ltr'>ministrorum</span> 
     </span>
     <span class='ocr_line' id='line_1_4' title="bbox 268 714 1493 802; baseline 0.001 -21"><span class='ocrx_word' id='word_1_22' title='bbox 268 718 328 781; x_wconf 89' lang='lat' dir='ltr'>Dei</span> <span class='ocrx_word' id='word_1_23' title='bbox 351 716 471 802; x_wconf 88' lang='lat' dir='ltr'>aliquos</span> <span class='ocrx_word' id='word_1_24' title='bbox 494 716 533 779; x_wconf 86' lang='lat' dir='ltr'>sd</span> <span class='ocrx_word' id='word_1_25' title='bbox 557 717 792 799; x_wconf 84' lang='lat' dir='ltr'>processionem</span> <span class='ocrx_word' id='word_1_26' title='bbox 814 717 932 799; x_wconf 89' lang='lat' dir='ltr'>venire,</span> <span class='ocrx_word' id='word_1_27' title='bbox 957 738 1053 802; x_wconf 91' lang='lat' dir='ltr'>quum</span> <span class='ocrx_word' id='word_1_28' title='bbox 1069 714 1158 780; x_wconf 76' lang='lat' dir='ltr'>trulla</span> <span class='ocrx_word' id='word_1_29' title='bbox 1177 715 1246 780; x_wconf 94' lang='lat' dir='ltr'>illic</span> <span class='ocrx_word' id='word_1_30' title='bbox 1262 715 1407 780; x_wconf 76' lang='lat' dir='ltr'>abnuente</span> <span class='ocrx_word' id='word_1_31' title='bbox 1422 718 1493 783; x_wconf 81' lang='lat' dir='ltr'>susci·</span> 
     </span>
     <span class='ocr_line' id='line_1_5' title="bbox 267 818 1493 903; baseline 0.002 -23"><span class='ocrx_word' id='word_1_32' title='bbox 267 822 391 903; x_wconf 88' lang='lat' dir='ltr'>perent.</span> <span class='ocrx_word' id='word_1_33' title='bbox 437 818 498 883; x_wconf 87' lang='lat' dir='ltr'>Sed</span> <span class='ocrx_word' id='word_1_34' title='bbox 521 840 623 902; x_wconf 85' lang='lat' dir='ltr'>nuper</span> <span class='ocrx_word' id='word_1_35' title='bbox 645 818 694 882; x_wconf 92' lang='lat' dir='ltr'>vir</span> <span class='ocrx_word' id='word_1_36' title='bbox 716 819 901 902; x_wconf 89' lang='lat' dir='ltr'>spectabilis</span> <span class='ocrx_word' id='word_1_37' title='bbox 916 818 1032 883; x_wconf 90' lang='lat' dir='ltr'>Petrus</span> <span class='ocrx_word' id='word_1_38' title='bbox 1054 821 1164 882; x_wconf 90' lang='lat' dir='ltr'>noster</span> <span class='ocrx_word' id='word_1_39' title='bbox 1186 819 1280 883; x_wconf 88' lang='lat' dir='ltr'>nobis</span> <span class='ocrx_word' id='word_1_40' title='bbox 1302 818 1493 883; x_wconf 72' lang='lat' dir='ltr'>rationabiliter</span> 
     </span>
     <span class='ocr_line' id='line_1_6' title="bbox 269 920 1492 1006; baseline 0.001 -21"><span class='ocrx_word' id='word_1_41' title='bbox 269 921 445 1005; x_wconf 72' lang='lat' dir='ltr'>intimavit,</span> <span class='ocrx_word' id='word_1_42' title='bbox 469 920 528 984; x_wconf 91' lang='lat' dir='ltr'>hoc</span> <span class='ocrx_word' id='word_1_43' title='bbox 551 921 633 1005; x_wconf 90' lang='lat' dir='ltr'>quod</span> <span class='ocrx_word' id='word_1_44' title='bbox 656 921 690 984; x_wconf 86' lang='lat' dir='ltr'>iu</span> <span class='ocrx_word' id='word_1_45' title='bbox 714 922 840 1005; x_wconf 84' lang='lat' dir='ltr'>eulpam</span> <span class='ocrx_word' id='word_1_46' title='bbox 863 925 995 985; x_wconf 89' lang='lat' dir='ltr'>venerat</span> <span class='ocrx_word' id='word_1_47' title='bbox 1016 943 1050 985; x_wconf 92' lang='lat' dir='ltr'>se</span> <span class='ocrx_word' id='word_1_48' title='bbox 1071 920 1181 985; x_wconf 86' lang='lat' dir='ltr'>taliter</span> <span class='ocrx_word' id='word_1_49' title='bbox 1202 920 1380 1006; x_wconf 74' lang='lat' dir='ltr'>ordinasse,</span> <span class='ocrx_word' id='word_1_50' title='bbox 1402 924 1430 986; x_wconf 91' lang='lat' dir='ltr'>ut</span> <span class='ocrx_word' id='word_1_51' title='bbox 1445 923 1492 986; x_wconf 92' lang='lat' dir='ltr'>uni·</span> 
     </span>
     <span class='ocr_line' id='line_1_7' title="bbox 269 1022 1491 1108; baseline -0.001 -21"><span class='ocrx_word' id='word_1_52' title='bbox 269 1045 376 1107; x_wconf 87' lang='lat' dir='ltr'>versa,</span> <span class='ocrx_word' id='word_1_53' title='bbox 400 1044 480 1108; x_wconf 78' lang='lat' dir='ltr'>quiae</span> <span class='ocrx_word' id='word_1_54' title='bbox 503 1023 537 1086; x_wconf 92' lang='lat' dir='ltr'>in</span> <span class='ocrx_word' id='word_1_55' title='bbox 561 1023 694 1086; x_wconf 88' lang='lat' dir='ltr'>eeclesia</span> <span class='ocrx_word' id='word_1_56' title='bbox 716 1023 901 1106; x_wconf 88' lang='lat' dir='ltr'>supradicta</span> <span class='ocrx_word' id='word_1_57' title='bbox 928 1025 1125 1088; x_wconf 89' lang='lat' dir='ltr'>diversomm</span> <span class='ocrx_word' id='word_1_58' title='bbox 1148 1022 1271 1088; x_wconf 87' lang='lat' dir='ltr'>fuerint</span> <span class='ocrx_word' id='word_1_59' title='bbox 1292 1023 1434 1088; x_wconf 87' lang='lat' dir='ltr'>oblatione</span> <span class='ocrx_word' id='word_1_60' title='bbox 1449 1023 1491 1088; x_wconf 89' lang='lat' dir='ltr'>ool·</span> 
     </span>
     <span class='ocr_line' id='line_1_8' title="bbox 268 1125 1491 1210; baseline 0.001 -21"><span class='ocrx_word' id='word_1_61' title='bbox 268 1127 345 1209; x_wconf 88' lang='lat' dir='ltr'>lata,</span> <span class='ocrx_word' id='word_1_62' title='bbox 369 1126 408 1189; x_wconf 86' lang='lat' dir='ltr'>ad</span> <span class='ocrx_word' id='word_1_63' title='bbox 432 1126 615 1209; x_wconf 88' lang='lat' dir='ltr'>episcopum</span> <span class='ocrx_word' id='word_1_64' title='bbox 639 1125 748 1188; x_wconf 87' lang='lat' dir='ltr'>autad</span> <span class='ocrx_word' id='word_1_65' title='bbox 764 1148 846 1208; x_wconf 83' lang='lat' dir='ltr'>errrn,</span> <span class='ocrx_word' id='word_1_66' title='bbox 871 1126 920 1190; x_wconf 89' lang='lat' dir='ltr'>cui</span> <span class='ocrx_word' id='word_1_67' title='bbox 936 1126 1102 1190; x_wconf 83' lang='lat' dir='ltr'>basilicam</span> <span class='ocrx_word' id='word_1_68' title='bbox 1118 1125 1330 1210; x_wconf 78' lang='lat' dir='ltr'>deputaverit,</span> <span class='ocrx_word' id='word_1_69' title='bbox 1352 1126 1491 1210; x_wconf 59' lang='lat' dir='ltr'>universal</span> 
     </span>
     <span class='ocr_line' id='line_1_9' title="bbox 269 1227 1491 1312; baseline 0.001 -23"><span class='ocrx_word' id='word_1_70' title='bbox 269 1227 468 1312; x_wconf 89' lang='lat' dir='ltr'>pertineant,</span> <span class='ocrx_word' id='word_1_71' title='bbox 493 1227 539 1291; x_wconf 89' lang='lat' dir='ltr'>ita</span> <span class='ocrx_word' id='word_1_72' title='bbox 560 1232 598 1291; x_wconf 89' lang='lat' dir='ltr'>ut</span> <span class='ocrx_word' id='word_1_73' title='bbox 620 1250 658 1291; x_wconf 87' lang='lat' dir='ltr'>ex</span> <span class='ocrx_word' id='word_1_74' title='bbox 680 1228 741 1292; x_wconf 91' lang='lat' dir='ltr'>hoc</span> <span class='ocrx_word' id='word_1_75' title='bbox 763 1228 951 1312; x_wconf 90' lang='lat' dir='ltr'>compendio</span> <span class='ocrx_word' id='word_1_76' title='bbox 973 1232 1061 1292; x_wconf 85' lang='lat' dir='ltr'>sarta</span> <span class='ocrx_word' id='word_1_77' title='bbox 1083 1231 1171 1292; x_wconf 86' lang='lat' dir='ltr'>tecta</span> <span class='ocrx_word' id='word_1_78' title='bbox 1194 1228 1346 1292; x_wconf 87' lang='lat' dir='ltr'>ecclesiae</span> <span class='ocrx_word' id='word_1_79' title='bbox 1365 1247 1491 1312; x_wconf 82' lang='lat' dir='ltr'>procursu</span> 
     </span>
     <span class='ocr_line' id='line_1_10' title="bbox 268 1329 1490 1414; baseline -0.003 -20"><span class='ocrx_word' id='word_1_80' title='bbox 268 1335 329 1395; x_wconf 89' lang='lat' dir='ltr'>tur.</span> <span class='ocrx_word' id='word_1_81' title='bbox 367 1329 413 1392; x_wconf 83' lang='lat' dir='ltr'>Et</span> <span class='ocrx_word' id='word_1_82' title='bbox 433 1329 514 1414; x_wconf 92' lang='lat' dir='ltr'>idco,</span> <span class='ocrx_word' id='word_1_83' title='bbox 538 1330 650 1413; x_wconf 82' lang='lat' dir='ltr'>irater,</span> <span class='ocrx_word' id='word_1_84' title='bbox 673 1329 900 1394; x_wconf 82' lang='lat' dir='ltr'>saluberrimae</span> <span class='ocrx_word' id='word_1_85' title='bbox 922 1330 1141 1414; x_wconf 83' lang='lat' dir='ltr'>dispositionis</span> <span class='ocrx_word' id='word_1_86' title='bbox 1164 1330 1361 1414; x_wconf 84' lang='lat' dir='ltr'>professione</span> <span class='ocrx_word' id='word_1_87' title='bbox 1373 1331 1490 1413; x_wconf 84' lang='lat' dir='ltr'>suscepta,</span> 
     </span>
     <span class='ocr_line' id='line_1_11' title="bbox 269 1431 1312 1516; baseline 0.005 -23"><span class='ocrx_word' id='word_1_88' title='bbox 269 1431 503 1515; x_wconf 83' lang='lat' dir='ltr'>processionem</span> <span class='ocrx_word' id='word_1_89' title='bbox 525 1432 726 1516; x_wconf 88' lang='lat' dir='ltr'>supradictae</span> <span class='ocrx_word' id='word_1_90' title='bbox 749 1433 902 1497; x_wconf 88' lang='lat' dir='ltr'>ecclesiae</span> <span class='ocrx_word' id='word_1_91' title='bbox 925 1437 957 1496; x_wconf 89' lang='lat' dir='ltr'>te</span> <span class='ocrx_word' id='word_1_92' title='bbox 979 1433 1131 1498; x_wconf 87' lang='lat' dir='ltr'>convenit</span> <span class='ocrx_word' id='word_1_93' title='bbox 1152 1433 1312 1498; x_wconf 89' lang='lat' dir='ltr'>ordinare.</span> 
     </span>
    </p>
   </div>
   <div class='ocr_carea' id='block_1_3' title="bbox 716 1605 1080 1709">
    <p class='ocr_par' dir='ltr' id='par_1_3' title="bbox 716 1605 1080 1709">
     <span class='ocr_line' id='line_1_12' title="bbox 716 1605 1080 1709; baseline 0 -23"><span class='ocrx_word' id='word_1_94' title='bbox 716 1605 997 1709; x_wconf 82' lang='lat' dir='ltr'>Fragmentum</span> <span class='ocrx_word' id='word_1_95' title='bbox 1025 1605 1080 1686; x_wconf 91' lang='lat'>22.</span> 
     </span>
    </p>
   </div>
   <div class='ocr_carea' id='block_1_4' title="bbox 319 1736 1530 1892">
    <p class='ocr_par' dir='ltr' id='par_1_4' title="bbox 319 1736 1530 1892">
     <span class='ocr_line' id='line_1_13' title="bbox 319 1736 1530 1810; baseline -0.002 -17"><span class='ocrx_word' id='word_1_96' title='bbox 319 1744 358 1793; x_wconf 73' lang='lat' dir='ltr'>He</span> <span class='ocrx_word' id='word_1_97' title='bbox 376 1747 510 1810; x_wconf 84' lang='lat' dir='ltr'>episcopo,</span> <span class='ocrx_word' id='word_1_98' title='bbox 538 1746 581 1810; x_wconf 82' lang='lat' dir='ltr'>pai</span> <span class='ocrx_word' id='word_1_99' title='bbox 595 1744 734 1807; x_wconf 71' lang='lat' dir='ltr'>securitates</span> <span class='ocrx_word' id='word_1_100' title='bbox 751 1747 874 1794; x_wconf 82' lang='lat' dir='ltr'>eeclesiae</span> <span class='ocrx_word' id='word_1_101' title='bbox 892 1745 1102 1810; x_wconf 80' lang='lat' dir='ltr'>depraedabatur</span> <span class='ocrx_word' id='word_1_102' title='bbox 1119 1751 1196 1809; x_wconf 81' lang='lat' dir='ltr'>atque</span> <span class='ocrx_word' id='word_1_103' title='bbox 1213 1745 1272 1807; x_wconf 79' lang='lat' dir='ltr'>ejus</span> <span class='ocrx_word' id='word_1_104' title='bbox 1289 1741 1460 1810; x_wconf 82' lang='lat' dir='ltr'>depraedatiou&#39;</span> <span class='ocrx_word' id='word_1_105' title='bbox 1495 1736 1530 1803; x_wconf 76' lang='lat' dir='ltr'>pil</span> 
     </span>
     <span class='ocr_line' id='line_1_14' title="bbox 684 1829 1121 1892; baseline -0.002 -14"><span class='ocrx_word' id='word_1_106' title='bbox 684 1831 833 1879; x_wconf 79' lang='lat' dir='ltr'>resistentes</span> <span class='ocrx_word' id='word_1_107' title='bbox 850 1831 957 1880; x_wconf 82' lang='lat' dir='ltr'>ciericos</span> <span class='ocrx_word' id='word_1_108' title='bbox 975 1829 1121 1892; x_wconf 77' lang='lat' dir='ltr'>dejiciebat.</span> 
     </span>
    </p>
   </div>
   <div class='ocr_carea' id='block_1_5' title="bbox 420 1944 1318 2030">
    <p class='ocr_par' dir='ltr' id='par_1_5' title="bbox 420 1944 1318 2030">
     <span class='ocr_line' id='line_1_15' title="bbox 420 1944 1318 2030; baseline -0.001 -20"><span class='ocrx_word' id='word_1_109' title='bbox 420 1945 605 2010; x_wconf 80' lang='lat' dir='ltr'>Gelasius</span> <span class='ocrx_word' id='word_1_110' title='bbox 628 1944 825 2029; x_wconf 84' lang='lat' dir='ltr'>ltespecto</span> <span class='ocrx_word' id='word_1_111' title='bbox 847 1948 884 2008; x_wconf 90' lang='lat' dir='ltr'>et</span> <span class='ocrx_word' id='word_1_112' title='bbox 906 1944 1084 2009; x_wconf 86' lang='lat' dir='ltr'>Leonino</span> <span class='ocrx_word' id='word_1_113' title='bbox 1106 1945 1318 2030; x_wconf 89' lang='lat' dir='ltr'>episcopis.</span> 
     </span>
    </p>
   </div>
   <div class='ocr_carea' id='block_1_6' title="bbox 267 2058 1530 2783">
    <p class='ocr_par' dir='ltr' id='par_1_6' title="bbox 267 2058 1530 2783">
     <span class='ocr_line' id='line_1_16' title="bbox 351 2058 1492 2130; baseline -0.005 0"><span class='ocrx_word' id='word_1_114' title='bbox 351 2066 517 2130; x_wconf 78' lang='lat' dir='ltr'>iohannes</span> <span class='ocrx_word' id='word_1_115' title='bbox 540 2065 782 2130; x_wconf 88' lang='lat' dir='ltr'>archidiaconus</span> <span class='ocrx_word' id='word_1_116' title='bbox 799 2064 1033 2129; x_wconf 77' lang='lat' dir='ltr'>Falerionensis</span> <span class='ocrx_word' id='word_1_117' title='bbox 1054 2064 1143 2128; x_wconf 91' lang='lat' dir='ltr'>urbis</span> <span class='ocrx_word' id='word_1_118' title='bbox 1165 2064 1361 2129; x_wconf 76' lang='lat' dir='ltr'>eversionem</span> <span class='ocrx_word' id='word_1_119' title='bbox 1379 2058 1492 2128; x_wconf 71' lang='lat' dir='ltr'>arlais</span> 
     </span>
     <span class='ocr_line' id='line_1_17' title="bbox 267 2154 1493 2252; baseline -0.004 -20"><span class='ocrx_word' id='word_1_120' title='bbox 267 2170 308 2233; x_wconf 91' lang='lat' dir='ltr'>ab</span> <span class='ocrx_word' id='word_1_121' title='bbox 331 2191 378 2252; x_wconf 86' lang='lat' dir='ltr'>es,</span> <span class='ocrx_word' id='word_1_122' title='bbox 402 2169 456 2252; x_wconf 91' lang='lat' dir='ltr'>qui</span> <span class='ocrx_word' id='word_1_123' title='bbox 479 2167 634 2252; x_wconf 88' lang='lat' dir='ltr'>praesulis</span> <span class='ocrx_word' id='word_1_124' title='bbox 656 2169 785 2232; x_wconf 85' lang='lat' dir='ltr'>nonrine</span> <span class='ocrx_word' id='word_1_125' title='bbox 809 2171 966 2251; x_wconf 87' lang='lat' dir='ltr'>censetur,</span> <span class='ocrx_word' id='word_1_126' title='bbox 995 2167 1142 2231; x_wconf 85' lang='lat' dir='ltr'>effectam</span> <span class='ocrx_word' id='word_1_127' title='bbox 1164 2167 1282 2252; x_wconf 82' lang='lat' dir='ltr'>grandi</span> <span class='ocrx_word' id='word_1_128' title='bbox 1304 2166 1391 2232; x_wconf 88' lang='lat' dir='ltr'>nobis</span> <span class='ocrx_word' id='word_1_129' title='bbox 1408 2154 1493 2247; x_wconf 72' lang='lat' dir='ltr'>suppli·</span> 
     </span>
     <span class='ocr_line' id='line_1_18' title="bbox 268 2264 1498 2356; baseline -0.005 -22"><span class='ocrx_word' id='word_1_130' title='bbox 268 2272 394 2334; x_wconf 87' lang='lat' dir='ltr'>catione</span> <span class='ocrx_word' id='word_1_131' title='bbox 417 2274 608 2356; x_wconf 87' lang='lat' dir='ltr'>conquestus</span> <span class='ocrx_word' id='word_1_132' title='bbox 631 2273 694 2353; x_wconf 89' lang='lat' dir='ltr'>est,</span> <span class='ocrx_word' id='word_1_133' title='bbox 719 2271 764 2334; x_wconf 89' lang='lat' dir='ltr'>ita</span> <span class='ocrx_word' id='word_1_134' title='bbox 786 2274 821 2334; x_wconf 90' lang='lat' dir='ltr'>ut</span> <span class='ocrx_word' id='word_1_135' title='bbox 843 2292 877 2334; x_wconf 92' lang='lat' dir='ltr'>se</span> <span class='ocrx_word' id='word_1_136' title='bbox 899 2269 1048 2334; x_wconf 88' lang='lat' dir='ltr'>videlicet</span> <span class='ocrx_word' id='word_1_137' title='bbox 1064 2269 1102 2333; x_wconf 89' lang='lat' dir='ltr'>de</span> <span class='ocrx_word' id='word_1_138' title='bbox 1118 2268 1179 2333; x_wconf 90' lang='lat' dir='ltr'>loci</span> <span class='ocrx_word' id='word_1_139' title='bbox 1194 2269 1244 2334; x_wconf 89' lang='lat' dir='ltr'>sui</span> <span class='ocrx_word' id='word_1_140' title='bbox 1259 2264 1498 2333; x_wconf 71' lang='lat' dir='ltr'>administratiosst</span> 
     </span>
     <span class='ocr_line' id='line_1_19' title="bbox 267 2356 1503 2457; baseline -0.002 -21"><span class='ocrx_word' id='word_1_141' title='bbox 267 2374 401 2456; x_wconf 86' lang='lat' dir='ltr'>dejecto,</span> <span class='ocrx_word' id='word_1_142' title='bbox 430 2373 492 2437; x_wconf 91' lang='lat' dir='ltr'>iter</span> <span class='ocrx_word' id='word_1_143' title='bbox 513 2373 574 2437; x_wconf 92' lang='lat' dir='ltr'>sibi</span> <span class='ocrx_word' id='word_1_144' title='bbox 597 2372 732 2436; x_wconf 92' lang='lat' dir='ltr'>liberum</span> <span class='ocrx_word' id='word_1_145' title='bbox 755 2373 794 2436; x_wconf 87' lang='lat' dir='ltr'>ad</span> <span class='ocrx_word' id='word_1_146' title='bbox 817 2372 1055 2456; x_wconf 85' lang='lat' dir='ltr'>depopulandas</span> <span class='ocrx_word' id='word_1_147' title='bbox 1077 2371 1250 2436; x_wconf 85' lang='lat' dir='ltr'>facultates</span> <span class='ocrx_word' id='word_1_148' title='bbox 1275 2371 1408 2457; x_wconf 87' lang='lat' dir='ltr'>aperiret</span> <span class='ocrx_word' id='word_1_149' title='bbox 1423 2356 1503 2432; x_wconf 64' lang='lat' dir='ltr'>eool‘</span> 
     </span>
     <span class='ocr_line' id='line_1_20' title="bbox 267 2470 1512 2558; baseline -0.004 -20"><span class='ocrx_word' id='word_1_150' title='bbox 267 2476 343 2539; x_wconf 89' lang='lat' dir='ltr'>siae.</span> <span class='ocrx_word' id='word_1_151' title='bbox 389 2474 473 2539; x_wconf 91' lang='lat' dir='ltr'>Nam</span> <span class='ocrx_word' id='word_1_152' title='bbox 495 2475 682 2539; x_wconf 90' lang='lat' dir='ltr'>ministeriis</span> <span class='ocrx_word' id='word_1_153' title='bbox 706 2479 739 2539; x_wconf 90' lang='lat' dir='ltr'>et</span> <span class='ocrx_word' id='word_1_154' title='bbox 760 2478 875 2539; x_wconf 88' lang='lat' dir='ltr'>ornatu</span> <span class='ocrx_word' id='word_1_155' title='bbox 898 2495 956 2558; x_wconf 89' lang='lat' dir='ltr'>pro</span> <span class='ocrx_word' id='word_1_156' title='bbox 978 2495 1035 2539; x_wconf 86' lang='lat' dir='ltr'>sue</span> <span class='ocrx_word' id='word_1_157' title='bbox 1058 2474 1224 2539; x_wconf 85' lang='lat' dir='ltr'>voluntate</span> <span class='ocrx_word' id='word_1_158' title='bbox 1245 2473 1410 2558; x_wconf 73' lang='lat' dir='ltr'>distrado,</span> <span class='ocrx_word' id='word_1_159' title='bbox 1432 2470 1512 2556; x_wconf 56' lang='lat' dir='ltr'>prb*</span> 
     </span>
     <span class='ocr_line' id='line_1_21' title="bbox 267 2558 1524 2662; baseline -0.002 -22"><span class='ocrx_word' id='word_1_160' title='bbox 267 2578 353 2641; x_wconf 90' lang='lat' dir='ltr'>dium</span> <span class='ocrx_word' id='word_1_161' title='bbox 376 2578 473 2641; x_wconf 89' lang='lat' dir='ltr'>ctiam</span> <span class='ocrx_word' id='word_1_162' title='bbox 494 2581 681 2661; x_wconf 89' lang='lat' dir='ltr'>paternum,</span> <span class='ocrx_word' id='word_1_163' title='bbox 710 2578 793 2662; x_wconf 87' lang='lat' dir='ltr'>quod</span> <span class='ocrx_word' id='word_1_164' title='bbox 821 2577 856 2640; x_wconf 90' lang='lat' dir='ltr'>in</span> <span class='ocrx_word' id='word_1_165' title='bbox 883 2577 1067 2641; x_wconf 88' lang='lat' dir='ltr'>alimoniam</span> <span class='ocrx_word' id='word_1_166' title='bbox 1090 2576 1277 2641; x_wconf 83' lang='lat' dir='ltr'>elericorum</span> <span class='ocrx_word' id='word_1_167' title='bbox 1299 2576 1433 2641; x_wconf 86' lang='lat' dir='ltr'>decessor</span> <span class='ocrx_word' id='word_1_168' title='bbox 1448 2558 1524 2650; x_wconf 44' lang='lat' dir='ltr'>ej&amp;</span> 
     </span>
     <span class='ocr_line' id='line_1_22' title="bbox 268 2663 1530 2783; baseline 0.001 -41"><span class='ocrx_word' id='word_1_169' title='bbox 268 2681 454 2764; x_wconf 88' lang='lat' dir='ltr'>reliquerat,</span> <span class='ocrx_word' id='word_1_170' title='bbox 478 2680 565 2743; x_wconf 93' lang='lat' dir='ltr'>velut</span> <span class='ocrx_word' id='word_1_171' title='bbox 587 2681 750 2764; x_wconf 86' lang='lat' dir='ltr'>proprium</span> <span class='ocrx_word' id='word_1_172' title='bbox 772 2680 838 2743; x_wconf 91' lang='lat' dir='ltr'>suis</span> <span class='ocrx_word' id='word_1_173' title='bbox 859 2680 1052 2744; x_wconf 87' lang='lat' dir='ltr'>utilitatibus</span> <span class='ocrx_word' id='word_1_174' title='bbox 1074 2679 1267 2763; x_wconf 86' lang='lat' dir='ltr'>vindicavit,</span> <span class='ocrx_word' id='word_1_175' title='bbox 1291 2663 1530 2783; x_wconf 54' lang='lat' dir='ltr'>obviansufflf</span> 
     </span>
    </p>
   </div>
   <div class='ocr_carea' id='block_1_7' title="bbox 266 2750 1530 3378">
    <p class='ocr_par' dir='ltr' id='par_1_7' title="bbox 266 2750 1530 3378">
     <span class='ocr_line' id='line_1_23' title="bbox 267 2750 1530 2867; baseline -0.002 -23"><span class='ocrx_word' id='word_1_176' title='bbox 267 2781 765 2865; x_wconf 86' lang='lat' dir='ltr'>supradictumarchidiaconum</span> <span class='ocrx_word' id='word_1_177' title='bbox 789 2786 972 2866; x_wconf 89' lang='lat' dir='ltr'>ceterosque</span> <span class='ocrx_word' id='word_1_178' title='bbox 995 2781 1189 2867; x_wconf 89' lang='lat' dir='ltr'>complures,</span> <span class='ocrx_word' id='word_1_179' title='bbox 1219 2782 1273 2867; x_wconf 92' lang='lat' dir='ltr'>qui</span> <span class='ocrx_word' id='word_1_180' title='bbox 1295 2782 1412 2866; x_wconf 88' lang='lat' dir='ltr'>pariter</span> <span class='ocrx_word' id='word_1_181' title='bbox 1428 2750 1530 2842; x_wconf 59' lang='lat' dir='ltr'>reo,</span> 
     </span>
     <span class='ocr_line' id='line_1_24' title="bbox 267 2869 1530 2969; baseline -0.002 -23"><span class='ocrx_word' id='word_1_182' title='bbox 267 2885 416 2969; x_wconf 76' lang='lat' dir='ltr'>iurabant,</span> <span class='ocrx_word' id='word_1_183' title='bbox 447 2885 487 2948; x_wconf 87' lang='lat' dir='ltr'>ab</span> <span class='ocrx_word' id='word_1_184' title='bbox 515 2885 679 2948; x_wconf 88' lang='lat' dir='ltr'>ordinibus</span> <span class='ocrx_word' id='word_1_185' title='bbox 706 2885 771 2947; x_wconf 87' lang='lat' dir='ltr'>suis</span> <span class='ocrx_word' id='word_1_186' title='bbox 800 2883 935 2947; x_wconf 88' lang='lat' dir='ltr'>eredidit</span> <span class='ocrx_word' id='word_1_187' title='bbox 956 2883 1178 2948; x_wconf 83' lang='lat' dir='ltr'>excludendos.</span> <span class='ocrx_word' id='word_1_188' title='bbox 1230 2883 1275 2948; x_wconf 86' lang='lat' dir='ltr'>Et</span> <span class='ocrx_word' id='word_1_189' title='bbox 1297 2883 1382 2967; x_wconf 90' lang='lat' dir='ltr'>idco,</span> <span class='ocrx_word' id='word_1_190' title='bbox 1413 2869 1530 2946; x_wconf 55' lang='lat' dir='ltr'>lratss</span> 
     </span>
     <span class='ocr_line' id='line_1_25' title="bbox 270 2982 1509 3069; baseline -0.002 -20"><span class='ocrx_word' id='word_1_191' title='bbox 270 2986 442 3069; x_wconf 80' lang='lat' dir='ltr'>carissimi,</span> <span class='ocrx_word' id='word_1_192' title='bbox 480 2985 669 3050; x_wconf 87' lang='lat' dir='ltr'>Divinitatis</span> <span class='ocrx_word' id='word_1_193' title='bbox 696 2986 816 3050; x_wconf 87' lang='lat' dir='ltr'>intuitu</span> <span class='ocrx_word' id='word_1_194' title='bbox 844 2985 1009 3050; x_wconf 84' lang='lat' dir='ltr'>Ecclesiae</span> <span class='ocrx_word' id='word_1_195' title='bbox 1043 3007 1171 3049; x_wconf 88' lang='lat' dir='ltr'>causam</span> <span class='ocrx_word' id='word_1_196' title='bbox 1204 3007 1328 3049; x_wconf 87' lang='lat' dir='ltr'>summa</span> <span class='ocrx_word' id='word_1_197' title='bbox 1354 2982 1509 3049; x_wconf 70' lang='lat' dir='ltr'>amator</span> 
     </span>
     <span class='ocr_line' id='line_1_26' title="bbox 266 3080 1530 3173; baseline -0.002 -22"><span class='ocrx_word' id='word_1_198' title='bbox 266 3090 472 3171; x_wconf 67' lang='lat' dir='ltr'>trutinantes</span> <span class='ocrx_word' id='word_1_199' title='bbox 496 3088 582 3152; x_wconf 70' lang='lat' dir='ltr'>tamiri</span> <span class='ocrx_word' id='word_1_200' title='bbox 606 3088 740 3152; x_wconf 88' lang='lat' dir='ltr'>veritate</span> <span class='ocrx_word' id='word_1_201' title='bbox 762 3088 913 3172; x_wconf 89' lang='lat' dir='ltr'>discussa,</span> <span class='ocrx_word' id='word_1_202' title='bbox 938 3089 976 3151; x_wconf 89' lang='lat' dir='ltr'>de</span> <span class='ocrx_word' id='word_1_203' title='bbox 1000 3088 1170 3173; x_wconf 89' lang='lat' dir='ltr'>compertis</span> <span class='ocrx_word' id='word_1_204' title='bbox 1191 3088 1256 3152; x_wconf 88' lang='lat' dir='ltr'>cita</span> <span class='ocrx_word' id='word_1_205' title='bbox 1272 3086 1390 3152; x_wconf 87' lang='lat' dir='ltr'>nostris</span> <span class='ocrx_word' id='word_1_206' title='bbox 1404 3080 1530 3151; x_wconf 44' lang='lat' dir='ltr'>auri?</span> 
     </span>
     <span class='ocr_line' id='line_1_27' title="bbox 266 3182 1530 3275; baseline -0.004 -21"><span class='ocrx_word' id='word_1_207' title='bbox 266 3191 421 3255; x_wconf 88' lang='lat' dir='ltr'>relatione</span> <span class='ocrx_word' id='word_1_208' title='bbox 444 3191 588 3275; x_wconf 86' lang='lat' dir='ltr'>signate,</span> <span class='ocrx_word' id='word_1_209' title='bbox 612 3194 648 3254; x_wconf 90' lang='lat' dir='ltr'>ut</span> <span class='ocrx_word' id='word_1_210' title='bbox 669 3193 837 3275; x_wconf 88' lang='lat' dir='ltr'>perspecta</span> <span class='ocrx_word' id='word_1_211' title='bbox 860 3191 1071 3255; x_wconf 90' lang='lat' dir='ltr'>instructione</span> <span class='ocrx_word' id='word_1_212' title='bbox 1086 3191 1275 3275; x_wconf 87' lang='lat' dir='ltr'>diligentiae</span> <span class='ocrx_word' id='word_1_213' title='bbox 1292 3192 1431 3272; x_wconf 84' lang='lat' dir='ltr'>vestrae,</span> <span class='ocrx_word' id='word_1_214' title='bbox 1450 3182 1530 3271; x_wconf 55' lang='lat' dir='ltr'>(pf</span> 
     </span>
     <span class='ocr_line' id='line_1_28' title="bbox 266 3293 708 3378; baseline 0.005 -23"><span class='ocrx_word' id='word_1_215' title='bbox 266 3293 335 3356; x_wconf 89' lang='lat' dir='ltr'>fieri</span> <span class='ocrx_word' id='word_1_216' title='bbox 357 3293 487 3378; x_wconf 88' lang='lat' dir='ltr'>debeat,</span> <span class='ocrx_word' id='word_1_217' title='bbox 512 3315 708 3358; x_wconf 86' lang='lat' dir='ltr'>censeamus.</span> 
     </span>
    </p>
   </div>
   <div class='ocr_carea' id='block_1_8' title="bbox 716 3464 1080 3569">
    <p class='ocr_par' dir='ltr' id='par_1_8' title="bbox 716 3464 1080 3569">
     <span class='ocr_line' id='line_1_29' title="bbox 716 3464 1080 3569; baseline 0 -22"><span class='ocrx_word' id='word_1_218' title='bbox 716 3464 996 3569; x_wconf 80' lang='lat' dir='ltr'>Fragmentum</span> <span class='ocrx_word' id='word_1_219' title='bbox 1024 3465 1080 3548; x_wconf 83' lang='lat'>23.</span> 
     </span>
    </p>
   </div>
   <div class='ocr_carea' id='block_1_9' title="bbox 370 3604 1425 3656">
    <p class='ocr_par' dir='ltr' id='par_1_9' title="bbox 370 3604 1425 3656">
     <span class='ocr_line' id='line_1_30' title="bbox 370 3604 1425 3656; baseline -0.003 -2"><span class='ocrx_word' id='word_1_220' title='bbox 370 3604 534 3656; x_wconf 83' lang='lat' dir='ltr'>Prouerrtaura</span> <span class='ocrx_word' id='word_1_221' title='bbox 552 3607 674 3655; x_wconf 81' lang='lat' dir='ltr'>ecelesiae</span> <span class='ocrx_word' id='word_1_222' title='bbox 696 3606 884 3656; x_wconf 77' lang='lat' dir='ltr'>Volaterranos</span> <span class='ocrx_word' id='word_1_223' title='bbox 902 3623 964 3655; x_wconf 80' lang='lat' dir='ltr'>cara</span> <span class='ocrx_word' id='word_1_224' title='bbox 981 3606 1082 3655; x_wconf 79' lang='lat' dir='ltr'>destino</span> <span class='ocrx_word' id='word_1_225' title='bbox 1100 3610 1124 3653; x_wconf 88' lang='lat' dir='ltr'>ct</span> <span class='ocrx_word' id='word_1_226' title='bbox 1144 3604 1239 3652; x_wconf 72' lang='lat' dir='ltr'>lamro</span> <span class='ocrx_word' id='word_1_227' title='bbox 1256 3604 1425 3652; x_wconf 72' lang='lat' dir='ltr'>committitur.</span> 
     </span>
    </p>
   </div>
   <div class='ocr_carea' id='block_1_10' title="bbox 350 3717 1530 3928">
    <p class='ocr_par' dir='ltr' id='par_1_10' title="bbox 350 3717 1530 3928">
     <span class='ocr_line' id='line_1_31' title="bbox 418 3717 1521 3786; baseline -0.004 -1"><span class='ocrx_word' id='word_1_228' title='bbox 418 3722 602 3786; x_wconf 81' lang='lat' dir='ltr'>Gelasius</span> <span class='ocrx_word' id='word_1_229' title='bbox 617 3722 782 3786; x_wconf 78' lang='lat' dir='ltr'>brustino</span> <span class='ocrx_word' id='word_1_230' title='bbox 798 3720 1083 3786; x_wconf 88' lang='lat' dir='ltr'>archidiacono</span> <span class='ocrx_word' id='word_1_231' title='bbox 1105 3722 1143 3782; x_wconf 89' lang='lat' dir='ltr'>et</span> <span class='ocrx_word' id='word_1_232' title='bbox 1158 3718 1302 3782; x_wconf 78' lang='lat' dir='ltr'>oausto</span> <span class='ocrx_word' id='word_1_233' title='bbox 1317 3717 1521 3783; x_wconf 67' lang='lat' dir='ltr'>defenset</span> 
     </span>
     <span class='ocr_line' id='line_1_32' title="bbox 350 3837 1530 3928; baseline -0.005 -21"><span class='ocrx_word' id='word_1_234' title='bbox 350 3842 581 3907; x_wconf 86' lang='lat' dir='ltr'>Volaterranae</span> <span class='ocrx_word' id='word_1_235' title='bbox 591 3843 615 3928; x_wconf 87' lang='lat'>¹)</span> <span class='ocrx_word' id='word_1_236' title='bbox 639 3842 791 3906; x_wconf 87' lang='lat' dir='ltr'>eeclesiae</span> <span class='ocrx_word' id='word_1_237' title='bbox 814 3846 904 3905; x_wconf 87' lang='lat' dir='ltr'>actus</span> <span class='ocrx_word' id='word_1_238' title='bbox 926 3841 976 3905; x_wconf 90' lang='lat' dir='ltr'>vel</span> <span class='ocrx_word' id='word_1_239' title='bbox 998 3837 1242 3924; x_wconf 89' lang='lat' dir='ltr'>patrimonium,</span> <span class='ocrx_word' id='word_1_240' title='bbox 1272 3837 1358 3922; x_wconf 88' lang='lat' dir='ltr'>quod</span> <span class='ocrx_word' id='word_1_241' title='bbox 1379 3837 1530 3903; x_wconf 64' lang='lat' dir='ltr'>bacterss</span> 
     </span>
    </p>
   </div>
   <div class='ocr_carea' id='block_1_11' title="bbox 121 4066 1530 5003">
    <p class='ocr_par' dir='ltr' id='par_1_11' title="bbox 263 4066 1530 4322">
     <span class='ocr_line' id='line_1_33' title="bbox 263 4066 1530 4151; baseline -0.006 -15"><span class='ocrx_word' id='word_1_242' title='bbox 263 4090 292 4136; x_wconf 88' lang='lat' dir='ltr'>et</span> <span class='ocrx_word' id='word_1_243' title='bbox 309 4083 363 4135; x_wconf 85' lang='lat' dir='ltr'>iste</span> <span class='ocrx_word' id='word_1_244' title='bbox 381 4081 516 4151; x_wconf 86' lang='lat' dir='ltr'>epistolae</span> <span class='ocrx_word' id='word_1_245' title='bbox 535 4089 580 4137; x_wconf 84' lang='lat'>25:</span> <span class='ocrx_word' id='word_1_246' title='bbox 607 4092 632 4135; x_wconf 89' lang='lat' dir='ltr'>te</span> <span class='ocrx_word' id='word_1_247' title='bbox 650 4085 750 4135; x_wconf 75' lang='lat' dir='ltr'>eabae</span> <span class='ocrx_word' id='word_1_248' title='bbox 768 4085 885 4142; x_wconf 81' lang='lat' dir='ltr'>basilica,</span> <span class='ocrx_word' id='word_1_249' title='bbox 904 4100 967 4148; x_wconf 78' lang='lat' dir='ltr'>pirae</span> <span class='ocrx_word' id='word_1_250' title='bbox 985 4083 1072 4132; x_wconf 85' lang='lat' dir='ltr'>taliter</span> <span class='ocrx_word' id='word_1_251' title='bbox 1090 4081 1126 4130; x_wconf 89' lang='lat' dir='ltr'>ad</span> <span class='ocrx_word' id='word_1_252' title='bbox 1141 4082 1231 4130; x_wconf 72' lang='lat' dir='ltr'>ruitae</span> <span class='ocrx_word' id='word_1_253' title='bbox 1250 4080 1343 4143; x_wconf 78' lang='lat' dir='ltr'>[uerat</span> <span class='ocrx_word' id='word_1_254' title='bbox 1363 4066 1530 4145; x_wconf 64' lang='lat' dir='ltr'>processi-3</span> 
     </span>
     <span class='ocr_line' id='line_1_34' title="bbox 263 4170 1054 4236; baseline -0.004 -14"><span class='ocrx_word' id='word_1_255' title='bbox 263 4174 386 4229; x_wconf 82' lang='lat' dir='ltr'>adducta,</span> <span class='ocrx_word' id='word_1_256' title='bbox 404 4174 568 4236; x_wconf 80' lang='lat' dir='ltr'>suspendisse</span> <span class='ocrx_word' id='word_1_257' title='bbox 586 4174 675 4220; x_wconf 84' lang='lat' dir='ltr'>missas</span> <span class='ocrx_word' id='word_1_258' title='bbox 691 4170 861 4235; x_wconf 78' lang='lat' dir='ltr'>probabiliter</span> <span class='ocrx_word' id='word_1_259' title='bbox 877 4175 1054 4234; x_wconf 84' lang='lat' dir='ltr'>computamus.</span> 
     </span>
     <span class='ocr_line' id='line_1_35' title="bbox 330 4251 1098 4322; baseline -0.008 -15"><span class='ocrx_word' id='word_1_260' title='bbox 330 4257 351 4322; x_wconf 77' lang='lat'>²)</span> <span class='ocrx_word' id='word_1_261' title='bbox 369 4252 511 4322; x_wconf 83' lang='lat' dir='ltr'>Repetitio</span> <span class='ocrx_word' id='word_1_262' title='bbox 530 4251 604 4305; x_wconf 86' lang='lat' dir='ltr'>vocis</span> <span class='ocrx_word' id='word_1_263' title='bbox 623 4258 741 4306; x_wconf 78' lang='lat' dir='ltr'>reaiversa</span> <span class='ocrx_word' id='word_1_264' title='bbox 758 4251 868 4306; x_wconf 82' lang='lat' dir='ltr'>videtur</span> <span class='ocrx_word' id='word_1_265' title='bbox 885 4263 1098 4320; x_wconf 80' lang='lat' dir='ltr'>supervacanea.</span> 
     </span>
    </p>

    <p class='ocr_par' dir='ltr' id='par_1_12' title="bbox 121 4330 1530 4818">
     <span class='ocr_line' id='line_1_36' title="bbox 121 4330 1530 4411; baseline -0.006 -20"><span class='ocrx_word' id='word_1_266' title='bbox 121 4337 170 4408; x_wconf 67' lang='lat' dir='ltr'>[al.</span> <span class='ocrx_word' id='word_1_267' title='bbox 185 4341 248 4411; x_wconf 80' lang='lat' dir='ltr'>Ed}</span> <span class='ocrx_word' id='word_1_268' title='bbox 262 4346 294 4394; x_wconf 84' lang='grc'>23</span> <span class='ocrx_word' id='word_1_269' title='bbox 332 4343 351 4408; x_wconf 89' lang='lat'>¹)</span> <span class='ocrx_word' id='word_1_270' title='bbox 374 4339 393 4392; x_wconf 83' lang='lat' dir='ltr'>Z</span> <span class='ocrx_word' id='word_1_271' title='bbox 422 4343 579 4392; x_wconf 85' lang='lat' dir='ltr'>Valteranae</span> <span class='ocrx_word' id='word_1_272' title='bbox 602 4337 625 4389; x_wconf 85' lang='grc' dir='ltr'>Τ</span> <span class='ocrx_word' id='word_1_273' title='bbox 647 4342 828 4395; x_wconf 80' lang='lat' dir='ltr'>i‘&#39;olater·anae.</span> <span class='ocrx_word' id='word_1_274' title='bbox 869 4333 993 4404; x_wconf 75' lang='lat' dir='ltr'>Elpidius</span> <span class='ocrx_word' id='word_1_275' title='bbox 1014 4332 1216 4387; x_wconf 80' lang='lat' dir='ltr'>Volaterranos</span> <span class='ocrx_word' id='word_1_276' title='bbox 1238 4331 1385 4403; x_wconf 75' lang='lat' dir='ltr'>episcopus</span> <span class='ocrx_word' id='word_1_277' title='bbox 1406 4330 1530 4386; x_wconf 66' lang='lat' dir='ltr'>Rom</span> 
     </span>
     <span class='ocr_line' id='line_1_37' title="bbox 263 4404 1530 4491; baseline -0.006 -15"><span class='ocrx_word' id='word_1_278' title='bbox 263 4423 379 4478; x_wconf 88' lang='lat' dir='ltr'>concilio</span> <span class='ocrx_word' id='word_1_279' title='bbox 398 4439 471 4478; x_wconf 86' lang='lat' dir='ltr'>uano</span> <span class='ocrx_word' id='word_1_280' title='bbox 490 4429 537 4478; x_wconf 80' lang='lat'>601</span> <span class='ocrx_word' id='word_1_281' title='bbox 557 4422 698 4476; x_wconf 87' lang='lat' dir='ltr'>celebrato</span> <span class='ocrx_word' id='word_1_282' title='bbox 721 4420 893 4491; x_wconf 86' lang='lat' dir='ltr'>subscripsit.</span> <span class='ocrx_word' id='word_1_283' title='bbox 929 4418 1021 4488; x_wconf 84' lang='lat' dir='ltr'>Supra</span> <span class='ocrx_word' id='word_1_284' title='bbox 1038 4419 1132 4472; x_wconf 87' lang='lat' dir='ltr'>autern</span> <span class='ocrx_word' id='word_1_285' title='bbox 1149 4418 1310 4488; x_wconf 58' lang='lat' dir='ltr'>maseato</span> <span class='ocrx_word' id='word_1_286' title='bbox 1328 4422 1344 4471; x_wconf 83' lang='lat' dir='ltr'>t</span> <span class='ocrx_word' id='word_1_287' title='bbox 1361 4416 1400 4470; x_wconf 85' lang='lat' dir='ltr'>sic</span> <span class='ocrx_word' id='word_1_288' title='bbox 1414 4430 1432 4469; x_wconf 85' lang='lat' dir='ltr'>a</span> <span class='ocrx_word' id='word_1_289' title='bbox 1445 4404 1530 4466; x_wconf 69' lang='lat' dir='ltr'><em>OE</em></span> 
     </span>
     <span class='ocr_line' id='line_1_38' title="bbox 262 4491 1530 4578; baseline -0.005 -16"><span class='ocrx_word' id='word_1_290' title='bbox 262 4509 301 4563; x_wconf 89' lang='lat' dir='ltr'>sio</span> <span class='ocrx_word' id='word_1_291' title='bbox 324 4509 473 4578; x_wconf 88' lang='lat' dir='ltr'>corripitur</span> <span class='ocrx_word' id='word_1_292' title='bbox 496 4508 641 4577; x_wconf 89' lang='lat' dir='ltr'>episcopus</span> <span class='ocrx_word' id='word_1_293' title='bbox 658 4506 796 4576; x_wconf 86' lang='lat' dir='ltr'>Elpidius‚</span> <span class='ocrx_word' id='word_1_294' title='bbox 822 4509 853 4560; x_wconf 88' lang='lat' dir='ltr'>ut</span> <span class='ocrx_word' id='word_1_295' title='bbox 875 4505 934 4573; x_wconf 88' lang='lat' dir='ltr'>ejus</span> <span class='ocrx_word' id='word_1_296' title='bbox 951 4507 1015 4558; x_wconf 85' lang='lat' dir='ltr'>acta</span> <span class='ocrx_word' id='word_1_297' title='bbox 1032 4503 1086 4574; x_wconf 88' lang='lat' dir='ltr'>ipsi</span> <span class='ocrx_word' id='word_1_298' title='bbox 1102 4501 1216 4556; x_wconf 87' lang='lat' dir='ltr'>minime</span> <span class='ocrx_word' id='word_1_299' title='bbox 1237 4500 1352 4572; x_wconf 83' lang='lat' dir='ltr'>probari</span> <span class='ocrx_word' id='word_1_300' title='bbox 1373 4499 1474 4571; x_wconf 73' lang='lat' dir='ltr'>palm</span> <span class='ocrx_word' id='word_1_301' title='bbox 1501 4491 1530 4543; x_wconf 67' lang='lat'>¹²¹</span> 
     </span>
     <span class='ocr_line' id='line_1_39' title="bbox 264 4584 1528 4662; baseline -0.006 -16"><span class='ocrx_word' id='word_1_302' title='bbox 264 4593 298 4646; x_wconf 75' lang='lat' dir='ltr'>ldt</span> <span class='ocrx_word' id='word_1_303' title='bbox 314 4594 384 4648; x_wconf 86' lang='lat' dir='ltr'>haee</span> <span class='ocrx_word' id='word_1_304' title='bbox 402 4593 514 4662; x_wconf 89' lang='lat' dir='ltr'>quidem</span> <span class='ocrx_word' id='word_1_305' title='bbox 532 4610 616 4647; x_wconf 84' lang='lat' dir='ltr'>carisa</span> <span class='ocrx_word' id='word_1_306' title='bbox 633 4591 749 4647; x_wconf 86' lang='lat' dir='ltr'>forsitan</span> <span class='ocrx_word' id='word_1_307' title='bbox 768 4592 833 4657; x_wconf 86' lang='lat' dir='ltr'>fuit,</span> <span class='ocrx_word' id='word_1_308' title='bbox 853 4609 900 4644; x_wconf 91' lang='lat' dir='ltr'>cur</span> <span class='ocrx_word' id='word_1_309' title='bbox 918 4590 1102 4659; x_wconf 88' lang='lat' dir='ltr'>proventuum</span> <span class='ocrx_word' id='word_1_310' title='bbox 1116 4586 1319 4642; x_wconf 73' lang='lat' dir='ltr'>Volaterranos</span> <span class='ocrx_word' id='word_1_311' title='bbox 1336 4584 1477 4640; x_wconf 61' lang='lat' dir='ltr'>eeclesiae</span> <span class='ocrx_word' id='word_1_312' title='bbox 1491 4588 1528 4629; x_wconf 59' lang='grc' dir='ltr'><em>θ</em></span> 
     </span>
     <span class='ocr_line' id='line_1_40' title="bbox 263 4660 1517 4747; baseline -0.008 -17"><span class='ocrx_word' id='word_1_313' title='bbox 263 4693 335 4744; x_wconf 90' lang='lat' dir='ltr'>ram,</span> <span class='ocrx_word' id='word_1_314' title='bbox 354 4694 437 4746; x_wconf 85' lang='lat' dir='ltr'>quam</span> <span class='ocrx_word' id='word_1_315' title='bbox 450 4678 486 4731; x_wconf 87' lang='lat' dir='ltr'>ad</span> <span class='ocrx_word' id='word_1_316' title='bbox 502 4678 646 4747; x_wconf 89' lang='lat' dir='ltr'>proprium</span> <span class='ocrx_word' id='word_1_317' title='bbox 659 4677 818 4746; x_wconf 87' lang='lat' dir='ltr'>episcopum</span> <span class='ocrx_word' id='word_1_318' title='bbox 830 4675 970 4745; x_wconf 88' lang='lat' dir='ltr'>pertinere</span> <span class='ocrx_word' id='word_1_319' title='bbox 983 4672 1108 4729; x_wconf 83' lang='lat' dir='ltr'>Gelasius</span> <span class='ocrx_word' id='word_1_320' title='bbox 1120 4672 1180 4743; x_wconf 90' lang='lat' dir='ltr'>ipse</span> <span class='ocrx_word' id='word_1_321' title='bbox 1192 4671 1274 4742; x_wconf 82' lang='lat' dir='ltr'>epist</span> <span class='ocrx_word' id='word_1_322' title='bbox 1289 4676 1320 4725; x_wconf 84' lang='lat' dir='ltr'>l&#39;i</span> <span class='ocrx_word' id='word_1_323' title='bbox 1332 4670 1417 4735; x_wconf 83' lang='lat' dir='ltr'>docet,</span> <span class='ocrx_word' id='word_1_324' title='bbox 1431 4660 1517 4720; x_wconf 73' lang='lat' dir='ltr'>eidfl</span> 
     </span>
     <span class='ocr_line' id='line_1_41' title="bbox 263 4744 1508 4818; baseline -0.007 -3"><span class='ocrx_word' id='word_1_325' title='bbox 263 4777 334 4815; x_wconf 84' lang='lat' dir='ltr'>nrrnc</span> <span class='ocrx_word' id='word_1_326' title='bbox 356 4763 494 4816; x_wconf 77' lang='lat' dir='ltr'>sulilatam</span> <span class='ocrx_word' id='word_1_327' title='bbox 517 4763 711 4818; x_wconf 84' lang='lat' dir='ltr'>archidiacono</span> <span class='ocrx_word' id='word_1_328' title='bbox 735 4765 764 4816; x_wconf 82' lang='lat' dir='ltr'>ct</span> <span class='ocrx_word' id='word_1_329' title='bbox 785 4760 923 4815; x_wconf 79' lang='lat' dir='ltr'>‹leiensori</span> <span class='ocrx_word' id='word_1_330' title='bbox 945 4758 1103 4813; x_wconf 86' lang='lat' dir='ltr'>demandet.</span> <span class='ocrx_word' id='word_1_331' title='bbox 1140 4756 1222 4811; x_wconf 81' lang='lat' dir='ltr'>Certe</span> <span class='ocrx_word' id='word_1_332' title='bbox 1240 4754 1395 4811; x_wconf 82' lang='lat' dir='ltr'>Gaudentio</span> <span class='ocrx_word' id='word_1_333' title='bbox 1413 4744 1508 4806; x_wconf 68' lang='lat' dir='ltr'>saion</span> 
     </span>
    </p>

    <p class='ocr_par' dir='ltr' id='par_1_13' title="bbox 247 4836 1501 5003">
     <span class='ocr_line' id='line_1_42' title="bbox 247 4836 1501 4914; baseline -0.006 -14"><span class='ocrx_word' id='word_1_334' title='bbox 247 4861 354 4902; x_wconf 89' lang='lat' dir='ltr'>·rerum</span> <span class='ocrx_word' id='word_1_335' title='bbox 377 4848 508 4901; x_wconf 85' lang='lat' dir='ltr'>ecclesiae</span> <span class='ocrx_word' id='word_1_336' title='bbox 530 4864 596 4901; x_wconf 91' lang='lat' dir='ltr'>suac</span> <span class='ocrx_word' id='word_1_337' title='bbox 619 4847 898 4911; x_wconf 85' lang='lat' dir='ltr'>administrationem,</span> <span class='ocrx_word' id='word_1_338' title='bbox 922 4861 977 4914; x_wconf 87' lang='lat' dir='ltr'>qus</span> <span class='ocrx_word' id='word_1_339' title='bbox 999 4845 1101 4898; x_wconf 88' lang='lat' dir='ltr'>abusus</span> <span class='ocrx_word' id='word_1_340' title='bbox 1123 4844 1228 4909; x_wconf 87' lang='lat' dir='ltr'>fuerat,</span> <span class='ocrx_word' id='word_1_341' title='bbox 1254 4858 1273 4896; x_wconf 88' lang='lat' dir='ltr'>s</span> <span class='ocrx_word' id='word_1_342' title='bbox 1292 4836 1425 4911; x_wconf 80' lang='lat' dir='ltr'>Simplicio</span> <span class='ocrx_word' id='word_1_343' title='bbox 1440 4838 1501 4902; x_wconf 66' lang='lat' dir='ltr'>ott*</span> 
     </span>
     <span class='ocr_line' id='line_1_43' title="bbox 263 4912 1496 5003; baseline -0.006 -17"><span class='ocrx_word' id='word_1_344' title='bbox 263 4932 341 5003; x_wconf 81' lang='lat' dir='ltr'>epist.</span> <span class='ocrx_word' id='word_1_345' title='bbox 359 4941 370 4986; x_wconf 91' lang='lat' dir='ltr'>t</span> <span class='ocrx_word' id='word_1_346' title='bbox 390 4939 446 4986; x_wconf 86' lang='lat' dir='ltr'>u.2</span> <span class='ocrx_word' id='word_1_347' title='bbox 468 4934 640 4987; x_wconf 87' lang='lat' dir='ltr'>subtractam</span> <span class='ocrx_word' id='word_1_348' title='bbox 663 4935 692 4986; x_wconf 89' lang='lat' dir='ltr'>et</span> <span class='ocrx_word' id='word_1_349' title='bbox 715 4932 750 4986; x_wconf 90' lang='lat' dir='ltr'>ad</span> <span class='ocrx_word' id='word_1_350' title='bbox 773 4932 967 5001; x_wconf 79' lang='lat' dir='ltr'>presbyterum</span> <span class='ocrx_word' id='word_1_351' title='bbox 989 4928 1153 4984; x_wconf 76' lang='lat' dir='ltr'>tumulatum</span> <span class='ocrx_word' id='word_1_352' title='bbox 1175 4926 1303 4983; x_wconf 83' lang='lat' dir='ltr'>vidimus.</span> <span class='ocrx_word' id='word_1_353' title='bbox 1341 4920 1416 4993; x_wconf 76' lang='lat' dir='ltr'>Quod</span> <span class='ocrx_word' id='word_1_354' title='bbox 1431 4916 1449 4971; x_wconf 64' lang='grc' dir='ltr'>θ’</span> <span class='ocrx_word' id='word_1_355' title='bbox 1463 4912 1496 4965; x_wconf 73' lang='lat'>¹¹⁸</span> 
     </span>
    </p>
   </div>
   <div class='ocr_carea' id='block_1_12' title="bbox 0 0 1606 5506">
    <p class='ocr_par' dir='ltr' id='par_1_14' title="bbox 0 0 1606 5506">
     <span class='ocr_line' id='line_1_44' title="bbox 0 0 1606 5506; baseline 0 0"><span class='ocrx_word' id='word_1_356' title='bbox 0 0 1606 5506; x_wconf 95' lang='lat' dir='ltr'> </span> 
     </span>
    </p>
   </div>
  </div>
 </body>
</html>
