3224 5506
643 121 844 172 raxcuauus
867 124 919 172 111.
1000 194 1003 199 Ι
1351 107 1415 173 539

170 277 299 344 dicatm?
332 275 416 343 Nam
444 297 569 341 remove
591 279 741 340 naturam
765 275 935 359 cujuslibet
956 276 1165 360 substantiae,
1194 275 1288 343 tolles
1316 277 1413 342 etiam

168 381 230 446 sine
247 379 439 445 dubitatione
460 378 691 443 substantiam:
720 378 847 442 sublata
874 378 1071 462 substantia,
1101 380 1222 464 pariter
1242 400 1294 443 res
1321 401 1414 463 quae-

168 480 236 546 libet
262 481 313 546 illa
346 479 480 545 tollitur.
525 479 766 565 Dedignatur,
801 481 946 564 inquam,
982 481 1036 545 isti
1069 502 1186 545 nomen
1219 492 1412 564 naturarum,

168 605 251 667 quum
269 582 352 647 Deus
380 583 449 666 ipse
477 605 542 646 non
570 583 760 667 dedignatus
787 583 830 646 sit
857 587 990 646 naturae
1018 605 1093 646 suae
1119 584 1273 647 vocabulo
1301 607 1320 646 a
1348 584 1413 647 suis

167 685 420 770 praedicatoribus
442 685 632 768 nuncupari,
661 684 745 748 sicut
767 684 878 748 beatus
900 685 1014 749 Petrus
1037 685 1199 769 apostolus
1221 686 1254 749 in
1279 684 1414 768 epistola

167 809 217 850 sua
236 787 318 869 dixit,
343 808 440 870 quum
463 785 582 850 Christi
604 785 735 850 Domini
757 787 944 870 mysterium
966 788 1180 870 praedicaret:
1207 794 1244 853 Ut
1254 809 1313 867 per
1327 793 1410 864 leuce,
1427 778 1473 898 '211'
1471 779 1525 900 pls·

168 887 266 972 iuquit,
285 893 468 966 efficiamini
494 894 615 952 (liciace
642 900 798 953 consortes
819 901 959 952 naturae.
1006 888 1087 964 Quid
1116 889 1198 973 quod
1224 889 1287 972 ipsi
1317 889 1414 953 etiam
1459 889 1465 911 ’
1491 889 1496 899 ’

168 1011 246 1054 uuum
270 989 401 1054 dicendo
424 1001 567 1055 acturum
595 990 629 1053 in
651 989 789 1053 Domino
811 988 888 1053 Jesu
911 989 1054 1072 Christo,
1079 1003 1208 1054 uutarcc
1229 994 1338 1054 tamen
1360 1013 1415 1054 no-

168 1111 231 1154 men
250 1091 480 1156 convincuntur
501 1091 665 1156 asserere?
704 1092 758 1154 An
780 1114 877 1154 unam
899 1091 995 1155 liceat
1017 1092 1183 1156 nominare
1206 1105 1357 1169 aestiuum,
1383 1095 1416 1157 et

167 1190 234 1256 duas
252 1194 297 1258 vel
319 1193 427 1277 plures
457 1215 562 1257 rerum
585 1195 762 1257 ceterarum
785 1193 947 1277 appellare
969 1194 1019 1257 fas
1042 1215 1107 1257 non
1131 1194 1219 1257 erit?
1254 1193 1331 1269 (luis
1353 1195 1416 1257 ista

166 1313 225 1358 non
243 1296 340 1360 rideat
354 1299 387 1360 et
407 1299 571 1379 tamquam
585 1295 727 1378 ‘puerilia
744 1295 953 1359 deliramenta
968 1296 1148 1380 despiciat?
1169 1295 1253 1360 Nam
1269 1299 1302 1360 et
1319 1318 1416 1381 quum

165 1391 272 1481 dicunt,
299 1419 392 1463 arcum
419 1398 519 1461 fuisse
541 1408 684 1461 nullarum
714 1405 923 1480 incarnatum,
953 1399 1095 1462 volentes
1122 1398 1182 1461 hoc
1210 1398 1302 1462 modo
1332 1398 1417 1462 velut

164 1497 314 1564 ostendere
342 1499 555 1584 singularem,
589 1498 772 1562 nullatenus
801 1500 941 1563 evadunt
968 1500 1237 1584 significationem
1271 1500 1414 1564 dirarum.

77 1680 79 1689 ¹
162 1591 237 1661 Duru
257 1601 341 1666 enim
363 1600 481 1665 dicitur
503 1622 599 1664 unam
621 1599 801 1665 divinitatis
829 1605 978 1666 naturam
1000 1602 1098 1665 fuisse
1126 1601 1338 1680 incarnatam,
1370 1624 1416 1665 re-

77 1696 79 1715 *
159 1699 246 1764 motis
261 1702 534 1787 ambiguitatibus,
557 1702 658 1766 altera
674 1703 744 1786 erit,
769 1725 849 1787 quae
872 1703 1040 1767 incarnata
1063 1705 1121 1785 est,
1147 1702 1259 1784 altera,
1285 1726 1347 1787 qua
1369 1704 1416 1766 in-

157 1807 283 1868 carnata
304 1803 502 1889 perhibetur.
547 1803 704 1880 Quoniam
726 1827 792 1868 non
815 1805 926 1868 eadem
949 1805 1010 1868 erit
1031 1807 1148 1868 natura
1171 1804 1311 1887 deitatis,
1336 1827 1416 1889 quae

152 1891 316 1971 incarnata
339 1910 397 1989 est,
428 1906 557 1991 quaem)
586 1909 634 1969 est
657 1911 772 1970 natura
796 1907 916 1990 carnis3
942 1906 1017 1991 quia
1040 1914 1204 1971 incuruata
1226 1907 1415 1990 affirmatur,

149 2014 305 2085 1ltquese
333 2007 404 2091 ipsa
432 2011 549 2071 natura
578 2008 707 2071 deitatis
737 2009 906 2073 incarnata
929 2013 987 2092 est,
1017 2009 1071 2072 sed
1094 2011 1211 2071 natura
1234 2009 1339 2072 earnis
1369 2009 1416 2072 in-

147 2112 282 2174 carnaea
305 2109 520 2194 cognoscitur,
549 2109 632 2173 sicut
654 2132 756 2195 neque
782 2133 815 2175 se
843 2113 914 2194 ipsa
936 2115 1052 2175 natura
1076 2110 1181 2173 carnis
1208 2111 1332 2175 exstitit
1354 2112 1417 2175 dei-

142 2197 213 2267 tate
239 2211 398 2294 sublimis3
426 2212 501 2296 quia
529 2214 562 2275 et
583 2234 648 2275 non
672 2211 800 2276 aliunde
823 2213 986 2296 divinitae,
1018 2235 1114 2297 quam
1137 2211 1176 2275 de
1198 2216 1288 2276 utero
1309 2212 1417 2298 Virgi-

138 2299 191 2365 nis
216 2314 333 2378 aratris
355 2314 525 2377 incarnata
548 2315 713 2397 processit,
744 2318 776 2379 et
806 2337 878 2379 caro
901 2314 1030 2379 nonnisi
1052 2315 1087 2378 in
1110 2314 1222 2378 iisdem
1243 2314 1418 2380 visceribus

136 2415 261 2480 saneto
287 2415 410 2500 Spiritu
443 2417 687 2500 superveniente
720 2419 752 2481 et
780 2416 939 2481 Altissimi
973 2417 1184 2481 obumbrante
1219 2416 1337 2482 virtute
1371 2422 1420 2481 est

133 2507 238 2579 lnlita
262 2518 385 2583 deitati.

233 2623 284 2695 lt.
330 2619 423 2686 Certe
456 2643 552 2705 quum
586 2621 719 2684 dicimus
754 2621 792 2684 de
823 2643 887 2685 uno
921 2622 1092 2705 eodemque
1125 2621 1263 2685 Domino
1296 2623 1416 2704 nostro,

128 2711 219 2785 ‘luid
247 2723 422 2788 secundum
449 2723 563 2805 Deum,
593 2723 667 2808 quid
696 2724 870 2787 secundum
898 2723 1059 2787 hominem
1088 2723 1205 2786 dixerit
1230 2723 1415 2808 feceritque,

128 2811 186 2874 lel
215 2825 320 2889 etiam
347 2824 375 2888 si
402 2824 562 2888 dicamus:
590 2830 647 2890 boc
675 2837 706 2890 ut
733 2832 816 2890 Deus
843 2831 930 2889 luomo
952 2832 1032 2889 dicit
1060 2828 1222 2902 sutfecit,
1251 2837 1280 2889 et
1306 2831 1364 2890 boc
1387 2838 1419 2890 ut

126 2909 233 3021 dflmo
257 2932 338 2992 Deus
353 2933 434 2991 dixit
454 2939 484 2991 et
502 2931 596 3004 secia
620 2949 747 3011 quaero,
771 2931 877 2991 utrum
899 2926 950 2990 vel
972 2949 1069 3011 quum
1090 2933 1253 2991 secandum
1270 2931 1417 2991 bonuaem

126 3005 283 3092 ducimus
306 3028 428 3092 dictum
449 3028 633 3112 factumque
656 3029 785 3114 aliquid,
809 3029 859 3092 vel
882 3035 964 3093 Deus
984 3035 1072 3094 bomo
1090 3033 1169 3105 lecit
1189 3040 1243 3092 aut
1265 3035 1344 3093 dicit
1362 3036 1416 3094 uli·

126 3127 231 3210 (Ιῑῑῖά,
258 3135 406 3195 utrumne
427 3130 461 3194 iu
478 3152 514 3194 eo
529 3130 623 3194 homo
646 3131 688 3194 sit
703 3152 794 3194 verus
811 3153 853 3193 an
866 3130 991 3195 falsus?
1014 3130 1173 3213 sitalcus,
1197 3129 1416 3214 Manichacus,

128 3209 357 3316 Apollinaris,
391 3231 617 3297 Marcionistae
646 3236 740 3316 atque
767 3233 947 3316 hujusmodi
975 3235 1081 3316 pestes
1110 3235 1341 3316 consequenter
1368 3256 1419 3296 ex·

127 3318 284 3419 sultant,
313 3356 395 3421 quae
425 3334 461 3398 in
484 3334 611 3399 Christo
633 3333 771 3398 Domino
799 3335 966 3398 veritatem
995 3335 1135 3418 corporis
1165 3326 1417 3418 abnegaverumt,

130 3427 200 3489 Μή
226 3438 410 3520 putativum
439 3458 507 3500 esse
536 3437 695 3518 dixerunt,
724 3440 761 3499 ut
788 3435 867 3500 alias
895 3437 1024 3501 interim
1052 3436 1309 3520 perniciosiores,
1338 3459 1419 3520 quae

130 3511 204 3591 hoe
235 3538 385 3623 dogmate
410 3537 626 3621 continentur,
650 3538 798 3602 haereses
820 3561 907 3602 nunc
930 3539 1086 3603 omittam.
1126 3538 1159 3604 Si
1181 3541 1299 3620 autem,
1322 3560 1419 3622 quum

130 3611 312 3704 l¹0111inem
335 3640 499 3706 Christum
521 3662 646 3725 quoquo
669 3641 761 3704 modo
784 3662 1016 3724 nuncupamus,
1040 3663 1133 3706 verus
1155 3641 1221 3704 illic
1236 3641 1418 3724 intelligen-

131 3715 203 3828 ffhlss
232 3746 281 3806 est
301 3743 414 3827 home,
444 3743 528 3807 sicut
554 3743 650 3806 fidem
672 3742 863 3806 catholicam
888 3746 998 3807 tenere
1020 3743 1225 3807 manifestum
1254 3746 1315 3823 est,
1343 3763 1419 3805 vera

132 3817 214 3897 ¹¹¹5ss
244 3861 317 3930 crgo
345 3848 395 3910 est
421 3844 583 3908 humanae
610 3847 744 3908 naturae
767 3844 964 3927 substantia,
994 3849 1026 3907 et
1054 3845 1231 3928 proprietas
1260 3843 1418 3906 humanae

134 3939 308 4035 ueraciter
329 3946 523 4011 conditionis
545 3947 681 4029 exsistit,
711 3950 746 4009 ut
774 3968 865 4009 verus
893 3945 987 4009 homo
1016 3945 1085 4008 sine
1115 3944 1331 4009 cunctatione·
1346 3944 1418 4008 sub-

134 4035 265 4109 ⁸¹⁸lsat:
290 4048 365 4132 quia
394 4048 488 4112 aliter
516 4071 583 4113 esse
611 4070 704 4112 verus
731 4048 825 4111 homo
854 4068 919 4111 non
947 4046 1057 4130 possit,
1085 4045 1148 4109 nisi
1181 4050 1315 4109 naturae
1343 4068 1419 4111 suae

133 4132 407 4216 substantialiter
429 4173 520 4215 verus
542 4150 738 4234 proprietate
760 4149 946 4213 subsistens.
976 4147 1065 4212 Nihil
1089 4170 1176 4232 ergo,
1201 4169 1256 4211 cur
1278 4146 1328 4211 vel
1351 4169 1419 4213 esse

137 4252 422 4291 &-
436 4285 455 4289 ,

217 4329 259 4399 ²³)
274 4335 313 4392 lta
329 4337 526 4406 corrigendum
545 4355 631 4406 quum
648 4337 727 4390 nobis
746 4337 897 4401 constaret,
921 4334 995 4402 quod
1014 4334 1040 4387 in
1058 4334 1141 4403 priua
1159 4333 1279 4403 vulgatis
1297 4333 1336 4387 sic
1354 4334 1419 4389 effe·

134 4399 281 4471 rebam,
299 4443 363 4492 puae
381 4433 420 4476 est
438 4434 545 4476 autricae
563 4428 660 4483 earnis,
680 4428 739 4491 quia
757 4428 906 4479 incarnata:
925 4419 1123 4496 correctionem
1142 4425 1264 4473 nostram
1279 4419 1419 4472 consultus

133 4473 314 4567 ,Fulgentius
331 4507 513 4561 confirmavit.
544 4506 625 4576 Apud
643 4507 716 4560 hunc
728 4506 828 4560 deinde
840 4505 943 4573 legitur
958 4511 1075 4572 firnrueur
1086 4521 1137 4574 pro
1151 4508 1301 4570 affirmatur.
1331 4504 1419 4558 Locus

133 4567 198 4624 nte
221 4586 320 4645 notatu
338 4591 449 4661 dignius,
468 4608 502 4644 ex
520 4608 575 4660 quo
593 4591 772 4661 intelligitur,
792 4606 846 4656 quo
864 4592 946 4659 paeto
965 4590 1118 4644 hereticum
1136 4590 1250 4644 effatum
1263 4608 1312 4641 aaa
1326 4592 1421 4641 Christi
1471 4645 1473 4649 ,

135 4662 263 4729 mura,
283 4675 363 4732 modo
382 4675 535 4732 adderetur
552 4683 701 4743 incarnata,
723 4676 808 4731 etiam
826 4675 972 4730 orthodoxi
991 4675 1103 4743 quidam
1126 4676 1220 4745 patres
1238 4671 1418 4728 admiserunt.
