3204 5506
217 338 258 400 Cft
585 351 717 398 axonxrn
741 350 893 399 nnanvxn
917 352 953 398 as·
975 351 1116 400 nnnxsn

217 517 256 571 nd
270 515 382 572 Bonum
399 515 564 571 Sucirrctcm
579 513 759 589 fragmentum
777 514 889 571 Gelasio
905 511 1042 576 attribuit,
1066 512 1138 586 quod
1159 512 1217 570 aliis
1238 514 1265 569 in
1280 511 1356 570 libris
1371 511 1487 589 Pelagio

217 599 384 656 adscribitur.
416 598 515 655 Contra
529 599 573 655 lvo
591 599 772 673 fragmentum
789 599 942 656 Cresconio
958 601 1066 655 illustri
1078 599 1245 673 inscriptum,
1265 598 1338 673 quod
1354 599 1486 657 Anselmo

216 694 243 741 et
259 686 383 742 Gratiano
400 683 554 741 auctoribus
570 686 725 758 nostrisque
741 685 929 758 manuscriptis
945 683 1155 757 suffragantibus
1170 685 1282 758 Pelagii
1296 692 1348 747 est,
1367 686 1486 742 Gelasio

217 769 318 826 tribuit.
355 770 422 827 ltem
443 770 582 826 decretum
609 768 743 844 quoddam
769 772 804 827 dc
822 772 957 842 perjuris
980 763 1064 845 [sicut
1084 769 1263 844 fragmentum
1285 771 1326 826 ad
1343 771 1485 843 Rufinum

217 849 394 932 episcopum]
405 848 426 926 ¹)
447 855 523 911 solus
544 856 684 911 Gratianus
706 855 827 920 Gelani,
857 854 1013 917 lnsefmus,
1041 853 1086 909 lvo
1107 862 1135 911 et
1154 871 1219 911 mss.
1238 856 1351 929 Pclcpii
1372 856 1485 912 nominc

117 962 123 973 ·
215 940 376 998 inscribunt.

300 1026 327 1083 3.
356 1026 452 1082 Cetera
468 1025 621 1097 hujusmodi
642 1026 777 1099 exempla.
805 1042 873 1101 quae
893 1026 1023 1099 prosequi
1044 1024 1157 1100 longum
1178 1032 1263 1089 essct,
1291 1026 1483 1100 praeterimus.

216 1112 301 1168 blinus
317 1128 381 1167 vero
397 1111 554 1172 timendum.
571 1127 604 1166 ne
620 1128 698 1167 error
712 1112 747 1167 sit
762 1112 790 1167 in
807 1112 923 1173 nomine.
946 1109 991 1165 ubi
1007 1112 1087 1167 etiam
1103 1118 1209 1183 tempus
1224 1112 1362 1185 congruit.
1393 1108 1485 1179 Quare

214 1197 271 1253 sola
287 1196 485 1270 praedictorum
502 1195 623 1253 codicum
645 1197 805 1253 auctoritate
825 1196 858 1251 ad
880 1195 1029 1252 faciendum
1050 1196 1103 1252 boc
1122 1195 1265 1251 discrimen
1287 1195 1396 1252 mInime
1417 1211 1485 1252 eon·

216 1283 295 1343 tenti.
317 1282 483 1337 excussimus
500 1291 653 1355 praeterea,
683 1298 752 1356 quae
774 1281 873 1338 fuerint
895 1282 1097 1354 episcoporum,
1125 1280 1222 1355 quibus
1244 1281 1309 1336 haee
1331 1280 1486 1354 fragmenta

214 1365 406 1429 inscribuntur.
429 1367 516 1429 sedes,
537 1366 651 1439 aliquive
667 1366 773 1422 Gelasio
794 1366 920 1440 aequales
941 1375 969 1422 et
989 1367 1080 1421 coaevi
1096 1366 1189 1422 iisdem
1204 1364 1306 1422 fuerint
1326 1364 1485 1422 nominibus

215 1452 350 1526 appellati,
364 1468 397 1507 an
413 1453 501 1514 etiarn,
518 1467 586 1524 quae
601 1450 654 1506 illis
671 1451 856 1508 attribuuntur
871 1458 955 1525 gesta.
978 1452 1005 1506 in
1022 1451 1079 1521 ejus
1096 1459 1217 1525 tempora
1232 1452 1402 1507 conveniant.
1435 1449 1485 1507 Cui

214 1538 327 1594 examini
344 1553 441 1611 rrragno
457 1535 577 1591 subsidio
594 1535 705 1592 fixerunt
719 1537 886 1610 synodorum
902 1535 953 1591 sub
968 1536 1127 1610 Symmacho
1144 1537 1219 1591 annis
1231 1535 1301 1599 499.
1315 1535 1374 1594 501
1384 1535 1484 1594 er502

216 1621 364 1678 habitarum
379 1620 601 1695 subscriptiones.
634 1621 700 1678 fline
716 1624 786 1678 enim
802 1630 902 1677 certam
918 1621 1007 1695 adepti
1023 1638 1116 1677 sumus
1131 1620 1325 1677 nonnullorum
1340 1622 1486 1696 episcopo-

214 1724 272 1762 rurn
289 1707 421 1768 notitiam.
437 1723 488 1780 qua
505 1716 656 1780 comparata
671 1709 750 1763 etiam
766 1707 797 1763 ad
814 1715 966 1763 ceterorum
981 1705 1216 1762 internoscendum
1238 1715 1351 1762 aetatem
1367 1705 1486 1780 quadam

214 1793 403 1848 communione
418 1792 542 1865 serieque
564 1809 653 1847 rerum
674 1794 840 1866 pervenitur.
886 1792 913 1847 Si
935 1801 987 1866 qun'
1009 1808 1071 1847 vero
1092 1800 1157 1846 sunt
1178 1798 1336 1865 argumenta
1362 1791 1485 1866 propria.

213 1876 311 1951 quibus
326 1878 532 1950 inscriptionum
548 1878 644 1932 veritas
660 1878 760 1933 certius
776 1877 938 1940 adstruatur.
965 1894 995 1932 en
1017 1878 1108 1950 paucis
1129 1875 1245 1932 indicare
1265 1877 1321 1932 suis
1342 1876 1411 1932 loeis
1427 1892 1487 1934 non

214 1961 325 2036 pigebit.
357 1962 410 2018 Nec.
425 1962 632 2024 dissimulamus,
654 1963 761 2020 interim
777 1979 809 2019 ex
831 1964 862 2018 iis
880 1963 1037 2036 fragmentis
1058 1977 1203 2035 superesse
1218 1960 1272 2017 duo
1288 1961 1402 2034 (scilieet
1419 1961 1487 2017 Cra·

213 2048 277 2104 liani
292 2065 316 2103 c.
334 2046 383 2104 28.
400 2046 426 2103 C.
444 2046 499 2102 XVI
514 2065 560 2122 qu.
580 2050 595 2102 1
613 2057 641 2104 et
656 2066 679 2103 c.
695 2047 733 2104 13
751 2048 778 2101 b.
794 2041 887 2120 LV)²),
909 2047 942 2103 de
964 2045 1061 2121 quibus
1083 2045 1169 2101 adbuc
1191 2063 1288 2119 anceps
1310 2054 1352 2103 est
1366 2047 1486 2110 animm.

213 2149 276 2188 num
293 2149 387 2189 eorunx
403 2133 534 2194 codicum.
551 2134 598 2207 qui
613 2133 656 2188 illa
673 2134 791 2207 Pelagio
806 2132 965 2194 attribuunt,
987 2133 1127 2205 inscriptio
1144 2131 1318 2205 praeferenda
1333 2147 1421 2188 necne
1436 2133 1484 2190 sit.

297 2217 327 2275 4.
358 2216 548 2280 Observemus‚
572 2225 598 2273 et
614 2217 777 2292 fragmenta,
802 2235 870 2292 quae
891 2217 1026 2274 interdum
1048 2233 1116 2291 rvago
1133 2219 1352 2290 Gelosiipapac
1372 2218 1486 2274 nomine

214 2303 377 2366 referuntur,
393 2320 448 2359 non
465 2303 645 2377 anepigrapba
660 2304 806 2374 exstitisse,
822 2303 870 2359 sed
886 2303 928 2358 rel
944 2301 1149 2375 compilatorum
1165 2302 1207 2357 rel
1222 2301 1393 2358 librariorum
1407 2303 1484 2367 vina.

213 2388 285 2462 quod
302 2387 371 2462 apud
388 2388 543 2444 dnselmum
558 2387 686 2461 frequens
703 2396 753 2458 est,
776 2404 870 2444 eorum
886 2387 984 2461 quibus
1004 2385 1220 2444 inscribebantur
1239 2388 1347 2444 nomina
1361 2394 1486 2462 praeter-

214 2475 294 2529 missa
309 2489 377 2529 esse.
409 2473 462 2529 Nec
478 2472 629 2535 lacendum.
645 2482 810 2546 postremam
827 2472 970 2547 fragmenti
987 2474 1027 2529 10
1042 2480 1145 2545 partem
1168 2489 1207 2529 cx
1222 2473 1357 2546 Registro
1373 2473 1489 2530 Gelosii

208 2574 310 2631 popae
325 2566 477 2632 excerptam
492 2559 659 2632 praenotari:
676 2558 750 2632 quod
765 2557 864 2613 indicio
881 2565 931 2620 est,
943 2557 1040 2613 tielasfi
1053 2556 1085 2612 ad
1100 2558 1182 2613 varias
1192 2557 1337 2614 relationes
1349 2574 1486 2632 responsa

213 2662 243 2698 arr
255 2642 355 2713 judicia
370 2644 396 2698 in
414 2659 496 2698 riuum
517 2641 636 2698 codicem
660 2642 754 2698 referri
775 2644 963 2705 consuevisse.
991 2650 1072 2716 atque
1093 2642 1164 2698 frunc
1186 2642 1305 2698 codicem
1326 2658 1412 2718 penes
1435 2659 1484 2700 eos

214 2728 304 2789 fuisse.
320 2728 365 2800 qui
381 2736 422 2783 tot
439 2726 587 2801 fragmenta
604 2727 680 2784 nobis
696 2728 912 2783 transmiserunt.
943 2726 1067 2795 Quamvis
1093 2735 1181 2782 nutem
1204 2727 1330 2803 generale
1346 2727 1483 2805 fragmen·

213 2821 302 2869 torum
319 2829 417 2868 nornen
433 2813 471 2868 eis
487 2813 625 2875 indamus,
654 2813 784 2869 nonnulla
806 2822 893 2869 tamen
915 2822 993 2875 sunl,
1016 2810 1157 2886 inquibus
1178 2813 1245 2868 nibil
1267 2819 1313 2867 eut
1328 2829 1399 2886 pene
1415 2813 1485 2870 nihil

212 2897 418 2955 desiderandum
435 2898 563 2953 videatur.
591 2896 668 2954 Certe
684 2898 760 2972 plura
775 2900 943 2972 perspicuam
955 2896 1082 2953 exhibent
1094 2913 1196 2960 eorum,
1213 2897 1246 2953 de
1259 2897 1356 2971 quibus
1368 2914 1486 2971 quaere·

212 2982 299 3045 batur.
316 2982 493 3044 derisionem:
516 2983 702 3057 singularem
719 2983 881 3056 apostolicae
897 2983 969 3039 sedis
985 3000 1052 3056 quac
1068 2999 1117 3056 per
1128 2982 1227 3039 ltaliam
1240 2985 1395 3048 auctoritas,
1413 3000 1486 3058 quac

212 3077 239 3126 et
255 3076 322 3143 quot
338 3068 448 3143 negotia
464 3067 573 3131 fuerint.
590 3085 640 3124 nos
656 3068 764 3125 elocent.
789 3067 899 3124 llinr'et
914 3068 1028 3124 aliorum
1044 3066 1212 3141 pontificum,
1229 3069 1275 3142 qui
1290 3068 1372 3143 longe
1388 3068 1487 3142 plures

211 3171 296 3212 annos
308 3152 489 3210 Romanorum
504 3153 644 3210 ecelesiam
660 3154 888 3217 criministrarunt,
905 3162 972 3229 quot
981 3153 1130 3209 exciderint
1141 3154 1250 3228 scripta,
1267 3155 1394 3228 augurari
1407 3153 1484 3210 licet.

212 3239 251 3295 ld
267 3237 388 3296 ordinem
405 3239 477 3313 quod
493 3241 598 3301 attinet.
615 3256 697 3313 quum
713 3239 837 3296 desinant
852 3248 1004 3312 temporum
1020 3246 1109 3301 notae,
1137 3255 1197 3294 eum
1212 3240 1298 3294 secuti
1312 3255 1419 3301 sumus.
1436 3240 1487 3312 qui

211 3324 379 3381 commodior
401 3325 474 3379 visus
497 3334 551 3388 est,
584 3334 613 3380 ut
635 3324 707 3399 quod
729 3325 761 3380 ad
784 3341 863 3380 urnam
885 3323 1059 3397 eamdemque
1079 3339 1135 3379 rem
1157 3323 1197 3379 rel
1219 3321 1326 3378 affinem
1343 3324 1486 3386 attineret.

211 3417 411 3484 consequenter
431 3409 634 3480 subjiceremus.
677 3410 779 3483 Aliquis
797 3410 867 3464 forte
884 3408 1036 3471 maluisset,
1059 3425 1089 3463 ea
1110 3408 1142 3463 ad
1157 3408 1256 3465 calcem
1271 3416 1334 3482 post
1349 3416 1487 3466 tractatus

212 3493 295 3565 rejici.
327 3492 381 3550 Sed
397 3493 440 3549 nbi
457 3496 526 3550 varia
542 3495 584 3550 bis
599 3494 757 3568 fragmentis
773 3494 936 3569 apostolicae
952 3492 1022 3548 sedis
1039 3494 1146 3549 decreta
1161 3492 1279 3549 exbiberi
1295 3493 1487 3568 perpenderit,

212 3577 284 3652 quod
301 3595 315 3634 a
331 3578 509 3634 decretalibus
526 3579 649 3652 epistolis
666 3579 710 3634 illa
725 3596 780 3635 non
796 3578 1003 3650 sejunxerixnus.
1020 3578 1091 3634 fraud
1107 3577 1187 3635 dubie
1202 3577 1335 3652 probabit.

121 3664 198 3736 [lid]
297 3663 326 3721 5.
358 3662 397 3718 td
418 3663 483 3719 haec
504 3663 612 3737 quidem
634 3663 781 3726 llofstenii.
803 3664 902 3719 baluzii
923 3673 950 3720 el
966 3663 1115 3720 Constantii
1140 3665 1227 3719 nostri
1248 3662 1336 3719 studia
1356 3662 1489 3734 adjunxi·

212 3765 280 3810 mus,
297 3764 364 3821 quae
380 3747 477 3804 deinde
492 3750 541 3804 viri
557 3748 704 3810 electissimi
720 3766 752 3804 ex
768 3751 944 3806 sinceriorum
960 3748 1150 3806 collectionum
1171 3748 1347 3821 codicumque
1367 3748 1487 3807 latebris

211 3832 407 3907 produxerunt,
425 3850 544 3890 necnon
560 3834 750 3908 exemplarium
766 3834 947 3891 Romanorum
963 3850 1051 3907 opem.
1088 3833 1162 3889 later
1181 3832 1244 3889 illos
1266 3850 1329 3909 prae
1353 3833 1487 3892 omnibus

212 3917 367 3973 nominandi
383 3917 523 3974 clarissimi
539 3919 635 3974 fratres
651 3919 785 3976 ballerinii
802 3928 829 3976 et
845 3921 926 3976 mirae
942 3918 1102 3975 eruditionis
1118 3918 1310 3992 sollertiaeque
1325 3918 1488 3979 bominicus

212 4003 337 4065 dinisius,
359 4019 475 4077 quorum
490 4003 529 4060 illi
545 4005 571 4060 in
587 4006 819 4079 praestantissime
840 4007 875 4062 dc
895 4008 1021 4078 nartiqcris
1037 4005 1253 4062 collectionibus
1274 4012 1301 4060 ct
1316 4006 1487 4063 collectori-

211 4089 264 4145 bus
280 4106 421 4146 cononum
438 4096 567 4146 tractatu
582 4098 651 4163 part.
668 4090 700 4145 lV
716 4107 772 4164 cap.
792 4089 831 4146 14
847 4089 926 4164 (Opp.
943 4088 1026 4146 leon.
1044 4089 1133 4164 lfagni
1149 4096 1215 4145 tom.
1232 4088 1265 4143 ΙΙΙ
1285 4107 1311 4164 p.
1325 4087 1434 4163 CCClV)
1450 4109 1488 4149 ex

211 4174 372 4230 collectione
393 4174 535 4230 cardinalis
556 4173 700 4230 beusdcdit
721 4175 792 4246 (cod.
810 4175 868 4230 l'at.
886 4172 994 4246 3833),
1027 4175 1070 4231 bic
1096 4191 1128 4229 ex
1149 4173 1309 4236 burchardi.
1339 4173 1433 4232 lvonis
1455 4187 1488 4234 et

212 4258 328 4316 Gratiani
340 4259 535 4333 exemplaribus
547 4262 573 4316 in
587 4263 763 4332 nrrsplissimc
776 4264 960 4317 conciliorum
973 4263 1139 4318 collectione
1151 4259 1275 4316 teml'lll
1287 4259 1339 4316 col.
1348 4257 1410 4318 125
1418 4279 1486 4339 sqq.

226 4505 232 4516 ·
274 4442 299 4517 ᾖ)
317 4439 377 4494 Hoc
395 4438 507 4526 quidem
524 4440 713 4518 incrementum
731 4439 816 4492 nihilo
829 4439 917 4492 secius
930 4436 1108 4531 Coustonlx'qs
1121 4443 1225 4518 Gelasio¹
1239 4438 1422 4518 tribuendum
1441 4460 1488 4498 re-

211 4504 1488 4699 ltilifdttdidstfltscftllintttbc{lillidttfttittbfibffffsb

210 4644 253 4720 ¹ter
272 4642 360 4696 duoles
379 4643 555 4729 collectiones
572 4661 716 4728 impr'nnxs¹
732 4646 830 4698 contre
847 4646 986 4713 persuasit
1009 4644 1097 4698 codex
1114 4643 1266 4698 Vaticanus
1285 4649 1351 4698 ³832
1370 4645 1399 4698 fo
1414 4689 1419 4699 .
1435 4652 1488 4702 gg»

210 4710 392 4833 adcrqptHn‘quq
409 4712 978 4849 iiiirri‘iiiillinliifriiiilieoliiiileius
997 4782 1153 4835 mlbeb14
1172 4779 1306 4849 signavit,
1325 4781 1487 4853 omisimus,

208 4845 277 4969 itlelpd
296 4846 500 4988 qqqquchordo
517 4866 569 4916 pro
587 4848 681 4918 spurio
704 4847 875 4917 rejicientes,
898 4850 950 4903 hoc
973 4866 1034 4903 cum
1057 4848 1198 4911 codicibus
1217 4848 1333 4917 Pelagio
1357 4849 1486 4908 tribuen—
