3204 5506
237 350 302 415 476
510 420 513 425 ,
677 347 687 361 ’
716 367 744 413 s.
762 364 903 414 οιιιιιι
925 363 1040 412 Paria

135 527 222 579 aaut
236 533 307 599 τοῖς
328 524 415 606 ἕρεις
436 543 471 585 τε
494 516 550 584 καὶ
572 518 672 603 μάχαι
692 519 748 583 καὶ
762 517 847 601 θρό-
900 519 943 600 ri,
976 517 1031 602 qui
1059 518 1118 582 sub
1147 490 1275 585 monaol

132 629 163 638 “”
218 635 309 689 ’νων
339 624 485 706 ἐφέσεις·
517 620 598 705 παρ’
626 621 741 697 αὐτοῖς
767 620 848 705 γοή-
900 621 1190 705 transfigurantur,
1224 620 1270 685 ibi

237 749 306 791 των
329 725 436 809 ἑσμοὶ,
468 728 658 808 φαρμακῶν
681 723 786 805 χοροὶ,
811 723 849 787 ἐν
900 724 1004 787 lenter
1048 723 1212 807 attolitur,
1263 744 1275 787 ε

237 832 395 913 μοναχῶν
430 826 572 911 σχήματι
613 823 675 910 τὴν
711 825 848 909 μορφὴν
896 826 1108 909 jae-talumda,
1131 829 1229 908 prout
1250 847 1275 890 οι

132 987 137 995 ,
237 927 461 1015 ἀμειβόντων·
502 929 575 994 ἐκεῖ
602 929 724 1012 parua
751 944 847 1009 σκιρ-
900 932 965 1011 est,
994 927 1124 992 oracula
1152 927 1234 991 edit:
1271 953 1275 986 ι

237 1037 328 1098 τόσα
356 1033 608 1114 κατεπαίρεται,
640 1028 697 1093 καὶ
724 1025 843 1112 ἀστρο-
900 1032 1088 1112 όιιειιιοιιοο,
1134 1051 1275 1117 eorumqr

238 1137 339 1219 νομία
360 1137 537 1217 γαυριῶσα
559 1130 753 1214 καταθύμια
766 1153 847 1213 χρη·
899 1133 958 1196 bus
973 1132 1132 1216 plaudunt
1147 1132 1275 1196 sacerdo

238 1238 409 1321 σμοδοτεῑ·
431 1235 588 1318 δαίμονες
604 1232 847 1318 (ἐκβακχεύον-
898 1234 1060 1317 illuditur,
1105 1255 1200 1298 nemo
1244 1233 1275 1298 d<

237 1336 317 1423 τες),
340 1337 397 1401 καὶ
419 1337 519 1421 ἱερεῖς
543 1333 847 1419 ἀσεβείαιςαάτών
898 1337 994 1420 sapit.
1023 1335 1095 1401 Hoc
1110 1341 1159 1400 est
1180 1336 1275 1401 illoru

238 1443 452 1524 κροτοῦντες,
481 1439 538 1503 καὶ
559 1439 703 1522 Χριστὸς
729 1435 745 1501 ὁ
769 1459 846 1502 παι·
899 1439 1019 1505 Christi
1042 1428 1192 1502 {laturam
1214 1437 1275 1503 dee

237 1541 384 1626 ζόμενος,
408 1540 464 1604 καὶ
486 1538 505 1604 ό
527 1537 658 1604 συνιάν
680 1537 743 1604 οὐκ
759 1542 844 1605 ἔστι·
898 1541 1039 1625 posium,
1069 1539 1151 1604 haee
1179 1544 1229 1604 est
1256 1562 1275 1605 ο

237 1646 338 1709 τοῦτο
363 1646 432 1706 τῶν
464 1638 527 1726 τὴν
559 1644 641 1726 μίαν
671 1641 779 1725 φύσιν
809 1643 848 1707 ἐν
898 1665 969 1706 rum
998 1645 1031 1706 et
1057 1642 1112 1726 qui
1140 1642 1249 1706 unitas

237 1749 283 1833 τῷ
320 1748 454 1830 Χριστῷ
497 1744 767 1832 τραγῳδούντων
798 1741 848 1811 ,τὸ
899 1744 1063 1809 fundendo
1085 1744 1267 1808 destruunt.

121 1911 125 1918 .
237 1845 442 1931 συμπόσιον·
477 1851 578 1911 τοῦτο
605 1851 676 1911 τῶν
697 1845 847 1929 μεθυόν-

236 1972 306 2015 των
327 1948 383 2014 καὶ
406 1945 640 2031 ἀφανιζόντων
663 1949 702 2014 ἐν
720 1947 846 2032 συγχύ-

236 2069 288 2118 σει
310 2047 368 2127 τάς
390 2049 575 2128 ἑνωθείσας
597 2048 773 2134 φόσειςτὸ
790 2050 848 2134 ε’ρ-

235 2153 430 2239 γαστήριον.

299 2258 332 2321 4.
369 2253 470 2338 Κάγώ
506 2255 586 2340 μὲν,
624 2246 651 2320 ai
688 2254 845 2340 αἱρετικὲ,
961 2257 992 2320 4.
1026 2256 1164 2342 Jamque
1186 2279 1275 2342 egos

237 2359 348 2443 τρέψω
371 2356 456 2441 πρὸς
477 2355 572 2423 σε
537 2381 597 2422 τον
615 2357 734 2440 λόγον·
764 2355 843 2441 ὁμο·
898 2360 1006 2441 retice,
1023 2376 1203 2424 sermonem
1219 2380 1275 2424 con

122 2443 349 2577 ξίὲιῖἓλογών
383 2456 563 2542 Χριστὸν
606 2455 700 2524 υἱόν
741 2463 846 2524 θεοῦ
897 2462 1275 2546 fitensqueouristumu

235 2566 307 2626 τοῦ
329 2565 492 2642 ζῶντος,
514 2559 555 2625 τά
576 2565 638 2626 τοῦ
661 2557 844 2679 ἀγίριιΠέ-
897 2563 986 2627 Petri
1021 2565 1119 2637 verba
1152 2564 1240 2648 dieo,

235 2686 320 2747 τρου
331 2661 523 2747 φθέγγομαι
535 2657 750 2747 tripertiatur!
760 2662 845 2727 ἀπο·
896 2665 998 2748 patris
1008 2665 1045 2751 ¹³)
1082 2666 1180 2730 vestri
1221 2666 1275 2750 dep

236 2765 385 2843 κάλαψιν
399 2760 508 2850 zoom)
524 2763 649 2848 πατρὸς
664 2764 761 2850 ὑμῶν
783 2789 844 2849 κρ-
896 2770 1002 2831 autem
1026 2768 1136 2851 Deo¹¹)
1156 2789 1251 2846 passo
1273 2799 1275 2819 ι

122 2843 222 2979 Βξὲὲζξξ
236 2867 357 2951 ρύττω.
409 2863 462 2931 Σά
490 2866 527 2932 δὲ
556 2867 664 2949 λέγων
691 2871 843 2953 θεούΗ)
896 2870 1036 2932 nomiam
1062 2869 1275 2953 (lestruis,1r

236 2968 461 3051 παθόντος,
485 2966 635 3052 ἀναιρεῖς
656 2966 771 3053 τάτῆς
793 2970 844 3033 σι’·
896 2993 971 3034 nam
1002 2970 1144 3053 invehis,
1181 2971 1274 3055 abjec

236 3075 412 3156 κονομίας,
443 3083 670 3155 καινοτομεῖς,
694 3068 844 3155 ἀποβαλ-
897 3074 1107 3138 confessione.
1166 3072 1226 3137 lllo
1254 3073 1274 3136 d

235 3174 376 3258 λόμενος
397 3178 459 3238 τοῦ
474 3176 666 3257 κορυφαίου
687 3171 749 3257 τὴν
765 3171 844 3257 ὁμο·
891 3196 994 3256 passo,
1019 3181 1054 3238 tu
1078 3178 1185 3239 autem
1202 3175 1275 3239 adr<

123 3270 221 3391 ΙΡῡῙῐῐ-
187 3272 366 3359 ἴλογιᾝαν
393 3273 538 3352 Ἐκεῖνος
560 3274 844 3358 λέγειΧριστοῦ
897 3284 960 3342 Deo
978 3297 1080 3357 passo.
1119 3276 1275 3341 'lVerba

52 3392 54 3394 ’
151 3345 460 3459 4’1’παθόντος,
483 3379 539 3442 καὶ
555 3373 599 3442 σά
614 3373 845 3462 ἀντιπράττεις
895 3379 960 3442 lam
983 3379 1140 3443 denotant
1155 3379 1275 3444 deitate

235 3482 367 3562 κράζων
399 3485 502 3544 θεοῦ
530 3475 844 3556 παθόντος.Τό
896 3481 1049 3545 nudatam
1052 3481 1198 3565 templo
1211 3503 1268 3545 suo

236 3582 346 3664 λέγειν
372 3586 475 3647 θεοῦ
502 3581 708 3658 παθόντος
740 3579 845 3665 φιλήν
896 3584 1015 3667 absque
1033 3582 1157 3646 servilis
1173 3583 1275 3647 forma

235 3680 418 3767 ὑποφαίνει
440 3679 503 3767 τὴν
527 3684 688 3768 θεότητα,
710 3684 844 3768 γυμνὴν
896 3707 947 3749 ne.
993 3683 1057 3750 Cur
1091 3685 1275 3775 impassibil

235 3790 296 3850 τοῦ
319 3783 516 3869 ἐνδύματος,
541 3785 766 3870 ἐστερημένην
784 3789 845 3850 τοῦ
895 3787 997 3850 trahis
1010 3787 1051 3850 ao
1066 3787 1260 3871 passionem,

234 3892 321 3953 ναοῦ
343 3888 399 3952 καὶ
414 3893 473 3972 τῆς
492 3893 554 3953 τοῦ
570 3888 697 3953 δούλου
711 3891 845 3972 μορφῆς
896 3890 961 3955 Cur
975 3889 1189 3953 immortalem
1204 3894 1275 3954 nati

234 3989 460 4074 προςλήψεως.
494 3993 535 4054 Τί
554 3988 617 4075 τὴν
632 3987 747 4074 ἀπαθῆ
762 3989 844 4054 θεό-
896 3994 928 4054 et
939 3992 1051 4056 mortis
1065 3991 1266 4075 corruptelae

233 4116 315 4178 τητα
347 4092 523 4170 καθέλκεις
552 4093 599 4170 εἰς
627 4090 736 4168 πάθος
762 4098 842 4156 θεο-
896 4094 965 4158 cis?
997 4094 1069 4179 Ego
1081 4099 1231 4159 Christum
1258 4099 1275 4159 l

234 4253 536 4263 ---1----—----—u—0

301 4333 333 4399 ¹⁸)
350 4333 422 4400 Ang.
436 4331 527 4401 Majus
547 4332 635 4386 vorba
652 4331 721 4386 haoo
743 4330 780 4385 ad
797 4331 912 4385 Petrum
934 4333 1093 4402 apostolum
1114 4332 1255 4402 respicere

233 4416 282 4484 qui
297 4416 404 4486 primus
422 4417 568 4486 episcopm
580 4415 744 4470 Antioohiae
761 4417 843 4484 pater
862 4416 994 4471 ecelesiae
1007 4416 1138 4486 Syriacae
1156 4415 1275 4486 appella}

208 4499 267 4554 'aa
288 4500 381 4570 potius
402 4501 439 4556 ad
461 4504 573 4571 patrem
594 4502 744 4556 coelestem
766 4501 915 4556 reserenda
937 4501 1075 4567 existimo,
1103 4502 1181 4570 ouius
1203 4518 1275 4557 rave]

234 4601 302 4651 osae,
320 4603 391 4653 quae
409 4586 508 4641 Petrus
524 4587 623 4641 Matth.
639 4591 723 4651 16,16
741 4587 880 4640 confessus
899 4589 969 4652 erat,
986 4586 1120 4641 Dominus
1138 4589 1259 4642 testata

301 4671 332 4738 ¹⁴)
349 4671 426 4725 Haeo
446 4672 567 4726 formula
588 4672 739 4726 obcoecato
763 4670 854 4724 studio
879 4689 896 4725 a
917 4673 1002 4726 Petro
1024 4671 1139 4726 Fullone
1165 4671 1275 4727 intrusa

233 4755 342 4808 mortuo
359 4755 455 4809 atatim
473 4756 592 4811 evanuit.
629 4756 779 4810 Praeterea
798 4754 909 4810 Gelasio
928 4755 1139 4811 imitatiaaimum
1156 4756 1214 4822 eat,
1240 4756 1275 4811 ha

164 4888 171 4902 ,
231 4835 326 4977 l'itlppg
318 4856 347 4892 m
356 4840 578 4991 refutatippibus
595 4840 650 4895 suia
669 4841 747 4910 quaai
765 4841 906 4910 personali
925 4841 1063 4911 colloquio
1080 4842 1235 4912 produoore
1247 4841 1275 4911 (o

305 4931 352 4978 ol
381 4931 398 4980 3
427 4930 459 4978 lo
513 4928 524 4994 )
