3204 5506
559 362 756 412 PRAEFATIO
780 363 956 412 EDITORIS.
1307 365 1395 415 xxxl

157 531 213 600 ost.
254 523 485 596 Constantius
519 544 583 617 pro
614 522 808 595 collatione
840 545 909 595 sua
941 523 998 594 his
1030 523 1212 596 codicibus
1239 523 1395 597 Pseudo-

154 645 334 718 Isidoriauis
352 666 440 715 usus
458 646 531 716 cst:
560 639 1172 732 Navarrensi¹lexir1itiosaec.
1191 642 1270 732 XII,
1298 642 1421 717 Col-⁶

152 764 305 836 bertino
331 764 414 835 351
450 785 548 834 nunc
574 759 718 834 Caesar.
746 761 861 834 Paris.
890 763 988 834 3852
1015 784 1110 835 saec.
1137 761 1204 851 XI,
1233 760 1393 835 Sorbo-

149 884 236 954 nico
259 879 417 972 (Sorbon.
440 884 511 952 723
539 881 741 953 secundum
766 879 986 953 Hinschium
1012 903 1106 952 saec.
1126 878 1224 970 XV),
1253 879 1394 974 Capu·

147 1002 327 1073 cinorum
371 999 675 1087 Remensium,
722 998 1053 1093 Capucinorum
1096 996 1393 1093 Rotomagen·

146 1121 261 1206 sium,
293 1118 532 1192 Victorino
562 1118 699 1191 saeculi
725 1117 827 1206 XIII,
863 1117 1139 1212 Daguesseo,
1177 1117 1394 1191 Beecensi

144 1239 262 1311 saeculi
287 1236 353 1325 XI,
386 1237 658 1310 Marchiano.
715 1236 902 1309 Mansium
932 1237 1087 1329 denique
1114 1237 1153 1307 in
1183 1237 1394 1310 collectione

143 1357 359 1430 conciliorum
378 1357 605 1431 Lucanum
628 1357 707 1426 123
736 1356 872 1429 saeculi
887 1354 937 1425 XI
951 1354 1111 1428 indicem
1125 1354 1412 1429 Pseudo-Iside·-

143 1478 286 1566 nanum,
320 1477 552 1570 paucissimis
578 1477 695 1548 etiam
720 1476 808 1548 locis
836 1473 1059 1548 Vaticanum
1088 1476 1160 1546 630
1188 1475 1392 1565 adduxisse,

135 1596 206 1685 jam
230 1618 339 1688 supra
366 1598 615 1668 memoratum
642 1598 708 1667 est.

231 1717 285 1785 16.
326 1713 395 1798 Qui
426 1718 511 1807 post
536 1713 717 1786 Isidorum
735 1713 987 1787 ‘Mercatorem
1019 1736 1132 1785 novas
1167 1736 1273 1785 curas
1300 1713 1394 1806 ejus·

136 1833 222 1904 nodi
240 1832 556 1906 lucubrationibus
571 1833 844 1926 impendebant,
863 1833 998 1926 quippe
1011 1833 1087 1904 rari
1102 1832 1282 1904 adientes
1297 1833 1393 1926 ipsos

136 1952 318 2045 primarios
343 1952 613 2041 descendentes
637 1953 717 2045 jam
745 1953 821 2025 fere
845 1952 969 2024 deesse
986 1952 1045 2024 hic
1062 1974 1167 2044 posse
1184 1951 1392 2023 videantur.

136 2068 262 2142 l'cuun
288 2071 377 2163 (piria
403 2073 471 2165 ipsi
498 2072 642 2165 saepius
671 2071 834 2143 lontibus
860 2071 994 2143 saltem
1022 2072 1089 2140 aut
1107 2069 1391 2156 collectionibus

129 2189 255 2281 quibus
282 2213 381 2262 nunc
407 2212 566 2285 egemus,
595 2191 653 2261 usi
678 2193 776 2278 sunt,
807 2190 1040 2277 factumest,
1069 2193 1112 2260 ut
1130 2211 1392 2283 nonnunquam

129 2314 162 2379 et
188 2331 286 2380 nova
303 2308 486 2401 quaedam
503 2309 737 2403 protulerint,
767 2313 805 2382 ct
831 2332 897 2403 pro
923 2312 1049 2381 textus
1075 2309 1268 2403 genuitate
1294 2309 1394 2380 haud

128 2450 256 2520 parum
283 2428 500 2501 conducant.
560 2428 614 2500 Ex
645 2429 773 2499 multis
805 2428 877 2499 illis
910 2427 1088 2519 eiusmodi
1121 2428 1289 2522 operibus
1316 2428 1394 2522 ipse

129 2546 212 2618 haec
239 2549 401 2638 quatuor
426 2549 578 2618 tantum
605 2547 767 2631 adhibui,
799 2570 894 2639 quac
921 2550 960 2618 et
986 2545 1194 2619 Constantii
1220 2550 1258 2619 et
1276 2547 1393 2619 Balle-

128 2667 302 2738 riniorum
335 2667 522 2738 sententia
555 2666 661 2738 facile
694 2666 864 2738 omnibus
897 2666 1155 2758 praeferenda:
1191 2665 1393 2739 Anselmi

129 2784 341 2857 lucensis
367 2785 700 2874 collectionem,
721 2787 818 2858 circa
835 2784 946 2857 finem
966 2786 1102 2858 saeculi
1119 2785 1171 2855 XI
1189 2787 1394 2858 confectam

128 2904 232 2992 (conf.
252 2902 444 2974 Ballerinii
468 2904 493 2974 l.
507 2926 537 2975 c.
557 2927 591 2998 p.
606 2903 656 2974 IV
675 2928 704 2977 c.
724 2907 795 2995 13),
824 2927 889 2998 pro
906 2928 981 2997 qua
998 2903 1236 2977 Constantius
1254 2905 1394 2976 duobus

127 3019 608 3114 Sangermanensibus,
651 3024 728 3116 ipse
748 3022 977 3095 Vaticano
1009 3008 1136 3094 1364'
1163 3024 1231 3095 sub
1262 3023 1394 3117 Grego-

127 3139 255 3212 riollII
271 3139 409 3234 scripto
426 3142 688 3230 (membranae.
708 3142 768 3213 fol.
788 3166 886 3213 man.
907 3144 1046 3214 fonnae
1066 3143 1153 3231 265)
1180 3164 1268 3212 usus
1293 3164 1393 3229 surn3

126 3258 332 3353 Gregorii
351 3282 416 3330 seu
430 3259 506 3331 Pol
513 3262 670 3355 ycarpi
690 3262 830 3334 dictam
843 3261 940 3335 circa
954 3260 1115 3333 medium
1129 3258 1396 3335 saeculumXII

124 3377 347 3449 adornatam
374 3379 481 3467 (mnf.
508 3377 698 3452 Ballerinii
723 3381 747 3451 l.
767 3404 796 3452 c.
824 3405 858 3474 p.
878 3378 928 3450 IV
955 3403 985 3452 c.
1009 3381 1085 3470 17),
1115 3403 1180 3474 pro
1206 3404 1280 3472 qua
1305 3379 1395 3452 Ocu·

123 3498 291 3568 stantius
324 3495 602 3587 Colbertino,
642 3499 720 3593 ipse
747 3497 975 3570 Vaticano
1012 3499 1127 3570 1354
1165 3500 1300 3572 saeculi
1327 3497 1395 3570 XI]

123 3638 229 3702 usus;
259 3615 414 3688 lvonis
441 3615 740 3689 Carnutensis
767 3617 998 3689 decretum
1031 3619 1138 3690 initio
1164 3619 1301 3692 saeculi
1328 3617 1397 3688 XII

121 3735 330 3808 conflatum
357 3735 465 3824 (conf.
485 3735 673 3807 Ballerinii
700 3737 723 3807 l.
738 3759 768 3808 c.
796 3759 830 3830 p.
846 3734 895 3805 IV
922 3760 951 3809 c.
972 3739 1042 3828 16),
1070 3739 1166 3832 quod
1192 3738 1311 3832 primo
1328 3737 1396 3809 Lo·

122 3855 227 3925 vanii
256 3879 290 3924 a.
314 3853 421 3937 1561,
447 3853 578 3925 deinde
605 3854 653 3924 ad
679 3854 789 3927 fidem
816 3860 1052 3947 (coelipetissina'
1078 3860 1204 3930 codicis
1225 3859 1396 3930 Victorini

121 3974 264 4044 iterum
297 3972 516 4065 impressum
548 3972 699 4045 Parisiis
730 3975 843 4061 1647,
885 3976 924 4045 ct
958 3998 980 4045 a
1012 3999 1072 4046 mc
1106 3977 1144 4046 in
1176 3976 1395 4069 quibusdam

118 4091 300 4185 capitulis
326 4091 372 4162 ad
399 4091 584 4163 trutinam
610 4091 742 4165 codicis
761 4091 975 4165 Vaticani
998 4095 1111 4165 1357
1132 4095 1395 4185 (membranae.

118 4234 218 4283 saec.
241 4207 324 4299 XII)
358 4212 548 4295 vocatum;
593 4210 749 4303 denique
788 4212 1112 4285 collectionem
1144 4213 1397 4286 cardinalis

118 4328 380 4401 Deusdedit
414 4329 512 4401 circa
537 4329 649 4402 finem
675 4330 810 4403 saeculi
837 4329 889 4401 Xl
916 4332 1157 4425 compositam
1185 4334 1292 4423 (conf.
1313 4332 1396 4405 Bal·

116 4447 244 4519 lerinii
273 4446 296 4518 l.
311 4470 341 4519 c.
370 4471 404 4540 p.
419 4446 470 4517 IV
488 4472 517 4520 c.
537 4450 608 4539 14),
636 4449 740 4542 cujus
758 4451 945 4544 exemplar
963 4452 1105 4524 auctori
1124 4451 1396 4547 supparVati-

117 4589 288 4638 canum
316 4569 435 4636 3633
463 4567 540 4660 ipse
566 4568 742 4640 consului.
790 4567 895 4641 Aliae
921 4569 1150 4642 collectiones
1177 4571 1315 4643 similes
1342 4594 1396 4644 so·

193 4783 212 4827 ¹¹
232 4779 291 4833 Hos
310 4779 424 4848 quidem
443 4782 551 4836 codices
567 4783 856 4839 Pseudo-lsidonanos
875 4783 1158 4852 deprehendimus,
1178 4803 1250 4855 quae
1264 4785 1397 4840 Constan-

117 4863 176 4917 tius
195 4867 246 4917 aut
264 4863 293 4917 in
311 4863 426 4919 monitis
444 4865 562 4935 praeviis
580 4869 629 4920 aut
646 4867 675 4920 in
693 4866 767 4922 notis
787 4867 823 4922 ad
841 4868 972 4937 epistolas
985 4868 1120 4936 genuinas
1138 4869 1396 4924 aPseud0·lsidoro

118 4949 255 5018 receptas
274 4934 381 5018 aper'tis
398 4948 491 5003 verbis
510 4949 684 5020 significarit.
