3204 5506
574 371 769 421 nrrsrorms
794 364 820 419 1.
846 364 876 419 2.
1058 372 1059 376 ’
1107 352 1112 361 “
1297 360 1361 425 233

65 527 333 593 Alexandrinae
361 527 446 592 urbis
472 549 569 611 quam
596 526 650 610 qni
672 529 775 591 status
797 527 871 591 fidei
901 527 999 591 totius
1022 528 1197 592 Orientalis
1221 530 1361 615 regionis
1374 556 1398 592 a.
1413 544 1471 594 483.

66 634 172 695 esset
195 631 335 714 excepit.
380 628 468 693 Haec
489 651 549 693 uos
571 629 682 693 diebus
702 629 912 714 noctibusque
935 630 1168 715 perstringens,
1199 632 1239 696 ad
1262 633 1360 696 domi-

68 755 163 797 nnm
188 732 294 797 filium
315 735 458 797 nostrum
481 731 788 798 Christianissimum
810 733 989 817 principem
1011 755 1069 816 per
1083 732 1225 797 Vitalem
1248 737 1280 798 et
1301 726 1360 798 Mi-

70 856 203 899 senum
225 835 345 899 fratres
367 838 400 898 et
421 835 624 919 coepiscopos
646 837 772 898 nostros
794 835 991 919 legationem
1014 835 1169 920 compulit
1183 837 1360 901 destinare:

71 960 169 1022 quae
192 937 266 1002 vice
287 958 359 1001 mea
380 936 493 1020 pietati
516 937 585 1021 ejus
608 939 641 1002 et
662 936 771 1000 debita
792 940 1014 1020 praesentaret
1036 937 1153 1020 officia,
1178 943 1210 1002 et
1224 962 1283 1023 pro
1298 940 1360 1003 fide

74 1039 252 1104 catholica
278 1038 497 1123 majorumque
524 1035 706 1104 nostrorum
737 1040 902 1104 servandis
927 1040 1212 1118 ,constitutionibus
1241 1042 1360 1126 suppli-

74 1145 187 1207 caret.

171 1243 204 1308 2.
251 1242 358 1329 Hac³)
379 1243 479 1328 igitur
500 1244 557 1308 illo
578 1247 744 1329 pergente,
774 1267 834 1328 par
861 1245 925 1308 fuit
947 1244 1150 1309 dilectionem
1172 1250 1262 1311 tuam
1284 1246 1360 1310 dile-

78 1347 148 1411 ctis
172 1345 299 1430 pariter
319 1345 459 1410 salutare
482 1347 647 1431 colloquiis
670 1350 703 1411 et
725 1350 957 1432 consequenter
976 1347 1109 1431 hortari,
1133 1352 1169 1411 ut
1189 1348 1361 1432 aliquando

77 1449 223 1513 tandem
252 1448 388 1535 cansis⁴)
415 1453 449 1512 te
470 1447 601 1512 Domini
630 1450 806 1514 communis
829 1449 1005 1534 impendas,
1034 1471 1094 1513 nec
1122 1450 1361 1534 despiciendum

79 1555 193 1636 putes,
223 1550 310 1636 quod
336 1551 394 1635 pri)
417 1549 538 1616 Christi
561 1551 761 1622 confessione
788 1552 927 1616 veridica
956 1556 1051 1636 atque
1081 1552 1270 1616 universalis
1293 1546 1361 1635 ejus

79 1653 261 1719 Ecclesiae
284 1652 471 1718 definitione
505 1653 554 1717 vel
583 1655 622 1718 de
649 1676 728 1738 pace
757 1655 957 1719 concorditer
983 1655 1218 1738 exsequendum
1247 1658 1306 1737 est,
1334 1655 1361 1718 si

10 1824 12 1829 ,
79 1756 173 1820 illius
196 1755 374 1820 ethonore
403 1756 493 1840 cupis
520 1778 587 1820 esse
611 1756 714 1820 clarus
737 1759 770 1821 et
791 1757 930 1820 nomine.
969 1756 1121 1820 Fatemnr
1143 1757 1229 1820 enim
1251 1778 1361 1820 secun·

79 1857 160 1923 dum
190 1857 404 1942 apostolicam
430 1879 552 1941 vocem,
581 1880 725 1938 mapnam
752 1865 850 1923 nobis
864 1867 959 1924 inesse
986 1866 1140 1924 tristitiam
1167 1871 1196 1924 et
1226 1864 1361 1923 dolorem
1370 1867 1511 1933 Itomae.

10 2002 14 2017 ι
42 1965 59 1977 ’
77 1966 190 2027 cordis
212 1968 313 2025 nostri
331 1963 604 2045 continuandam)
633 1961 894 2045 cogitationibus,
923 1984 1002 2045 quas
1020 1963 1116 2045 juges
1138 1983 1196 2044 pro
1219 1961 1361 2024 coelesti-

79 2064 142 2128 bus
172 2062 319 2148 negotiis
348 2061 552 2127 sustinemus.
597 2062 760 2147 Imprimis
782 2063 871 2146 illud,
900 2064 983 2148 quod
1010 2064 1129 2127 dudum
1157 2066 1232 2126 ante
1254 2063 1361 2127 oculos

78 2168 150 2232 iere
174 2164 325 2230 omnium
346 2166 578 2251 versabaturt),
603 2165 756 2230 occurrit:
781 2166 948 2249 cujusnam
970 2166 1016 2230 rei
1039 2166 1187 2230 videlieet
1206 2165 1361 2228 interesse

74 2269 278 2353 judicamus,
306 2267 390 2351 quod
411 2267 540 2332 dilectio
561 2273 619 2332 tua
641 2290 706 2333 non
728 2269 821 2332 modo
843 2269 944 2333 tantis
966 2267 1259 2353 opportunitatibus
1274 2265 1361 2330 inde-

77 2372 234 2453 sinenter
261 2369 399 2454 exortis,
428 2391 538 2435 rerum
565 2364 663 2436 etiam
693 2392 922 2455 saepemunero
953 2371 1125 2435 decessoris
1153 2370 1216 2433 mei
1230 2368 1361 2433 'litteris

78 2473 235 2555 incitata,
265 2471 355 2537 velut
381 2473 543 2537 obstinata
571 2472 699 2537 silentio
727 2495 893 2558 nunquam
921 2495 1016 2557 super
1043 2474 1127 2537 hanc
1155 2475 1280 2556 partem
1307 2475 1362 2536 aut

79 2576 256 2642 consulere
286 2575 460 2660 quidquam
482 2575 619 2641 voluerit
641 2579 699 2649 aut
718 2575 852 2640 referre:
882 2576 1013 2661 quuml)
1036 2597 1138 2659 neque
1161 2597 1219 2638 nos
1242 2574 1360 2659 aliquid

10 2664 35 2765 ,⁸
77 2686 204 2743 temere
229 2678 409 2762 sinistrum,
433 2678 516 2762 quod
538 2677 633 2760 absit,
658 2678 696 2742 de
711 2681 768 2741 tua
789 2681 897 2742 mente
920 2677 1091 2741 conveniat
1105 2677 1243 2760 opinari,
1267 2680 1300 2740 ot
1314 2679 1361 2740 ta-

10 2774 12 2801 ²
75 2805 153 2848 men
183 2781 267 2865 quia
296 2780 528 2845 venerabilium
554 2780 710 2863 virorum,
739 2780 793 2864 qui
822 2781 990 2845 ecclesiam
1018 2780 1068 2843 cui
1095 2778 1257 2862 praesides
1286 2781 1361 2843 ente

10 2910 12 2941 ε
75 2885 250 2967 rexerunt,
281 2903 403 2947 morem
430 2881 628 2966 formamque
656 2882 827 2967 destituas,
858 2882 923 2946 ullo
950 2882 1042 2946 modo
1070 2881 1172 2965 possit
1200 2902 1266 2948 non
1294 2902 1362 2945 esse

10 3026 12 3031 -
74 2983 298 3071 suspectum?

74 3152 395 3163 .---——·--—---—·-

142 3245 167 3311 ³)
186 3241 226 3296 Ε*
241 3239 276 3294 E'
292 3239 325 3292 F'
343 3244 400 3294 Hec
412 3245 489 3309 ipitar
505 3245 549 3294 illo
566 3250 705 3309 pergentes
722 3239 767 3299 OE‘
782 3243 917 3309 perpente)
934 3259 986 3307 par
1003 3238 1047 3305 (1³²
1061 3240 1146 3307 pars).

141 3331 165 3397 ⁶)
186 3327 238 3382 Ita
256 3325 352 3380 locum
364 3325 448 3378 antea
459 3324 587 3378 mutilum
599 3341 633 3378 ex
644 3325 678 3377 E¹
690 3324 724 3378 Ε2
737 3324 770 3377 F²
783 3325 819 3377 H‘³
836 3323 1016 3390 restituimus,
1036 3322 1088 3377 nisi
1106 3323 1182 3390 quod
1199 3323 1232 3375 F²
1245 3322 1281 3375 Hl
1300 3342 1359 3376 can·

68 3424 107 3471 sis
122 3425 218 3485 pater·
235 3417 272 3466 de
291 3415 385 3464 ᾱοπιίπί
444 3415 513 3479 quod
531 3414 632 3471 utristi,
650 3409 682 3462 E¹
696 3411 730 3463 E²
749 3416 833 3464 causis
852 3421 876 3464 te
895 3415 989 3464 domini
1005 3415 1138 3462 communis
1157 3408 1200 3475 (Ει
1213 3416 1362 3463 communio-

67 3505 135 3569 ὰ),
156 3501 192 3554 et
213 3496 250 3551 E¹
270 3503 310 3551 eet
323 3515 399 3565 pace.
434 3495 497 3550 Bar.
518 3497 547 3550 et
565 3494 633 3549 editi
657 3501 826 3564 patrocinium
844 3514 938 3548 causae
956 3500 1050 3549 domini
1118 3506 1193 3562 putes
1213 3498 1308 3547 Christi

66 3600 95 3643 et
110 3586 285 3641 nammis
302 3601 324 3636 e.
344 3584 376 3634 E.
395 3585 541 3647 definitione
559 3609 592 3620 -
611 3587 649 3634 oet
667 3586 699 3635 de
715 3600 781 3649 pace
799 3587 962 3635 concorditer
979 3610 1011 3617 —
1029 3585 1053 3632 si
1070 3585 1143 3636 ittins.

139 3673 163 3739 ⁵)
186 3669 239 3723 Iba
265 3682 300 3720 ex
322 3664 354 3718 E'
368 3664 497 3719 ΕῬῑΗ8
514 3665 692 3719 restituimus.
730 3663 873 3733 Siquidem
895 3641 980 3719 E¹ll²
1003 3671 1145 3718 continuam
1169 3670 1225 3718 ditm
1300 3683 1363 3733 quas

55 3766 148 3826 japee
167 3773 228 3824 pro
248 3753 397 3810 celestibus,
416 3749 449 3802 F²
460 3750 498 3804 Η8
516 3756 711 3805 continuandam
774 3771 836 3821 quas
848 3757 911 3804 inies
925 3751 972 3817 (H,
984 3758 1059 3819 quasi
1075 3752 1138 3817 aies)
1155 3751 1363 3818 procedentibus.

136 3843 162 3909 ⁶)
186 3839 239 3892 Its
256 3834 293 3888 ΕΙ
305 3834 340 3888 E’
351 3835 385 3888 F*
396 3834 446 3901 H⁸3
465 3834 534 3889 editi
550 3840 705 3895 verebatur.
740 3835 860 3903 Moxque
884 3835 1052 3889 correximus
1071 3833 1238 3888 anctoritate
1257 3849 1363 3887 eorum·

55 3930 133 3984 dem
154 3940 251 3986 mss,
270 3919 323 3973 nisi
340 3919 416 3988 quod
433 3919 468 3973 E'
479 3926 653 3975 indesinenter
671 3928 799 3980 extorris,
817 3920 851 3972 F²
863 3920 901 3973 H*J
912 3940 1095 3988 saepenumero
1108 3922 1282 3974 decessoribus
1294 3923 1364 3971 meis.

52 4011 144 4070 Editi
166 4013 317 4075 cnjmnam
333 4009 375 4058 rei
391 4024 470 4059 causa
487 4010 604 4059 uidelicet
627 4011 783 4067 intercessit,
803 4011 889 4058 indica
907 4008 990 4070 nobis,
1015 4011 1084 4074 quod
1154 4026 1170 4056 a
1188 4002 1364 4057 decessobibus

50 4106 126 4155 aeis
146 4098 262 4151 titteris
280 4094 389 4144 invitata
406 4089 453 4156 (ad
470 4106 560 4158 marg.
580 4094 697 4157 incitata)
716 4097 781 4143 vetut
798 4094 936 4147 obstinato.
956 4119 990 4128 -
1007 4085 1076 4143 Cum
1094 4090 1146 4142 hac
1164 4088 1276 4156 quidem
1294 4085 1364 4140 Feli-

50 4186 101 4241 cis
122 4174 373 4251 expostulatione
391 4191 446 4228 non
465 4173 606 4241 convenit,
630 4175 705 4243 quod
723 4173 870 4228 Liberatus
888 4174 1007 4228 breviar.
1027 4192 1049 4227 c.
1070 4178 1101 4226 18
1120 4171 1228 4226 scribit:
1252 4175 1364 4224 Acamas
1390 4203 1396 4211 ·

49 4289 125 4328 uero
153 4265 299 4328 Μοιρὼ
321 4266 438 4329 epistolis
461 4264 586 4328 Simplicii
606 4265 743 4328 rescripsit
765 4267 803 4322 ei,
828 4266 887 4329 quia
904 4264 1045 4313 Jobanaem
1068 4263 1165 4327 quidem
1184 4261 1364 4310 Alexandriae

48 4360 217 4429 {gnaras-et
242 4350 406 4415 episcopum,
429 4350 532 4398 Petrum
553 4364 614 4400 nero
637 4349 755 4413 Monpum
778 4351 931 4412 accepisset
952 4351 978 4397 in
997 4348 1188 4398 communionem
1210 4347 1235 4393 in
1255 4344 1364 4393 Zenonis

45 4440 209 4514 principis
228 4436 337 4486 unitivo.
369 4428 425 4483 Sed
441 4428 517 4483 idem
534 4428 653 4499 scriptor
671 4446 688 4484 a
705 4446 733 4483 se
751 4429 810 4499 ipse
829 4429 958 4494 dissidet,
976 4428 1015 4482 sic
1027 4427 1125 4482 eodem
1143 4427 1171 4478 in
1190 4423 1281 4494 capite
1300 4424 1364 4477 sub·

42 4526 190 4599 jiciens:
215 4519 313 4582 ⁴(birram
335 4534 386 4583 per
408 4519 516 4584 quinque
539 4533 619 4568 annos
642 4520 745 4581 saepius
763 4518 859 4580 sancet
880 4519 1021 4568 admonitas
1045 4518 1169 4574 Aeacius,
1192 4521 1220 4563 nt
1242 4516 1273 4564 de
1296 4521 1365 4563 stata

50 4609 289 4669 Alexandrinae
301 4598 427 4655 eeclesiae
445 4604 528 4654 sarrcti
542 4619 630 4667 papae
648 4604 840 4653 solticitudinem
852 4605 991 4661 relevaret,
1012 4603 1074 4650 nibil
1088 4617 1194 4665 unquam
1206 4601 1365 4664 respondere

49 4704 202 4768 aigum
220 4697 284 4759 est..
1026 4746 1038 4773 ἱ

137 4781 165 4845 ²)
187 4775 238 4829 na
256 4770 354 4826 locum
372 4783 409 4823 ex
425 4767 458 4821 ΕΙ
471 4769 506 4822 E²
523 4767 707 4834 correximus,
724 4766 776 4822 nisi
795 4768 870 4837 quod
887 4768 922 4821 ΕΞ
940 4780 1026 4822 tenere
1044 4769 1072 4820 et
1091 4783 1153 4819 cum
1170 4766 1202 4820 Ε1
1221 4772 1265 4820 itta
1283 4771 1364 4820 mado.

53 4868 96 4924 Ρ
109 4864 156 4920 H!
178 4862 212 4915 et
230 4854 306 4912 editi
319 4858 433 4922 umque
451 4872 495 4908 nos
553 4860 658 4924 opinari
675 4851 719 4920 (Ρἱ
731 4856 767 4922 et)
791 4865 873 4907 tamen
934 4858 984 4906 ulto
1008 4858 1080 4906 modo
1096 4860 1183 4918 possis
1201 4852 1244 4918 (F²
1256 4851 1294 4904 Hl
1304 4869 1364 4919 pos·
1441 4893 1446 4908 .

54 4956 109 5019 sit)
130 4966 191 5002 non
209 4961 271 5000 esse
288 4942 449 5009 smpecsmt
466 4937 509 5006 (u
520 4939 557 4994 ΗΒ
573 4941 725 5008 susceptus).
