3224 5506
143 108 207 173 230
594 123 621 172 s.
638 122 774 171 rnmcrs
798 123 823 170 11
846 121 959 175 aaran

33 305 58 342 a.
69 293 128 343 483.
142 279 200 343 bus
207 278 248 364 ⁴⁰)
264 278 394 362 publica
406 277 483 341 belli
499 278 681 341 resumendi
695 277 859 361 pandatur
870 277 1007 360 occasio,
1019 277 1047 340 si
1058 276 1203 361 quolibet
1212 278 1318 361 modo,
1331 203 1479 417 (1υῷ

143 381 241 446 semel
263 403 282 444 a
303 380 464 445 veteribus
485 380 710 444 universaliter
732 380 872 443 decisum
894 383 953 462 est,
977 381 1179 445 retractetur.
1218 378 1333 467 tibin)
1347 401 1401 446 estc
1465 444 1479 463 ,

140 484 208 567 jam
237 504 434 566 consequens
456 482 664 566 proculdubio
687 481 870 565 pervidetis
900 480 1139 546 Alexandrinae
1167 483 1323 547 ecclesiae
1347 503 1404 568 per·

143 607 298 668 vasonem,
323 584 452 648 funesta
475 584 528 648 diu
551 585 744 668 impunitate
760 587 971 669 grassantem,
996 583 1109 648 vestris
1123 585 1409 671 praeceptionibus,

145 688 259 772 quibus
282 687 397 751 merito
419 687 537 751 dudum
557 686 711 771 probatur
731 687 862 770 ejectus,
887 707 954 750 esse
970 685 1178 750 nihilominus
1193 687 1412 753 addicendum.

143 789 197 854 An
220 811 287 853 non
309 789 378 873 ipse
402 789 509 873 ecit),
538 789 593 871 qui
621 810 678 872 per
699 789 836 873 triginta
861 788 928 852 fere
952 810 1054 852 annos
1077 788 1255 854 catholicae
1277 790 1419 855 desertor

144 892 309 957 Ecclesiae
338 891 602 974 inimicormnque
634 891 702 974 ejus
731 895 870 955 sectator
897 895 929 955 et
957 890 1067 954 doctor
1095 894 1127 954 et
1156 891 1197 955 ad
1218 891 1423 957 fundendum

144 993 337 1079 sanguinem
361 994 452 1057 velox
471 992 534 1055 fuit
554 1014 679 1076 semper
695 996 727 1055 et
741 992 932 1077 promptus?
967 992 1179 1077 Numquid⁴³)
1200 992 1310 1058 adhuc
1324 993 1426 1060 istum

145 1095 398 1161 dissimulatione
437 1079 544 1158 sumus
581 1095 720 1179 quadam
753 1098 786 1158 ot
820 1095 1027 1159 conniventia
1060 1095 1243 1178 recepturi?
1290 1095 1335 1160 In
1362 1118 1428 1181 quo

145 1219 257 1261 revera
289 1219 356 1261 non
390 1202 438 1261 est
470 1219 549 1281 opus
582 1196 778 1261 discussione
812 1197 938 1279 subtili,
977 1197 1052 1280 quia
1089 1197 1158 1280 ejus
1195 1200 1313 1281 aperta
1350 1202 1431 1265 sunt

149 1322 294 1364 crrmma.

233 1403 281 1467 13.
328 1401 423 1466 Dolet
447 1405 532 1466 certe
554 1403 658 1485 pietas
680 1403 796 1486 tua⁴⁴),
824 1402 909 1485 quod
931 1423 989 1485 per
1011 1401 1178 1465 diuturnos
1199 1401 1309 1486 partis
1332 1402 1434 1468 alter·

147 1527 207 1569 nae
230 1526 406 1590 gravesque
434 1503 601 1568 conflictus
633 1505 726 1568 multi
755 1504 794 1568 de
816 1504 877 1568 hoc
899 1504 1026 1567 saeculo
1048 1503 1219 1568 videantur
1242 1503 1354 1570 ablati
1376 1508 1436 1571 aut

147 1606 350 1691 baptismatis
374 1611 430 1670 aut
453 1607 685 1671 communionis
708 1610 883 1690 expertes.'
909 1605 973 1671 sub
994 1605 1055 1671 hoc
1076 1627 1154 1691 ergo
1168 1606 1325 1690 praesule
1340 1609 1435 1694 nest)

147 1888 267 1937 tianensis
284 1888 400 1935 instituta
419 1886 524 1935 tendere
599 1885 659 1949 qnia
677 1900 726 1933 non
744 1886 822 1932 sairam
845 1885 869 1932 in
888 1883 936 1933 bac
953 1898 1032 1933 cansa
1049 1884 1173 1933 adversas
1190 1899 1292 1934 amnem
1310 1886 1436 1937 catholici

148 1973 272 2037 depereatis
290 1973 410 2021 tendatur
427 1973 555 2020 trinitatem.

214 2054 247 2120 ⁴⁰)
267 2053 310 2107 lta
327 2052 359 2105 E¹
374 2051 420 2117 E',
439 2053 471 2104 ut
489 2052 518 2104 ct
536 2057 634 2120 aperta
652 2051 773 2105 auctoris
792 2048 932 2105 sententia
949 2049 1081 2119 postulat.
1114 2047 1190 2103 Editi
1202 2066 1270 2103 cum
1282 2049 1322 2104 F²
1334 2051 1374 2106 H‘*
1393 2071 1436 2107 re-

146 2142 226 2191 siduis
243 2142 344 2206 publiea
362 2141 436 2191 bella.

215 2224 248 2290 ⁴¹)
266 2220 343 2275 Editi
365 2228 402 2275 oti
424 2241 479 2275 esse
496 2226 554 2287 jam
574 2226 716 2289 pervidetis
740 2225 773 2273 Α.
792 2242 816 2275 e.
839 2239 1068 2288 perversorem
1089 2225 1248 2275 nibilominus
1267 2225 1435 2290 abipenrtsss.

149 2305 348 2361 ltesarciuntur
366 2322 400 2358 cx
412 2306 516 2360 Gelrmii
528 2306 609 2359 tract.
624 2307 661 2370 ll,
680 2306 730 2359 sub
745 2306 821 2375 cujus
839 2303 948 2358 initium
965 2305 1042 2360 locus
1059 2304 1104 2360 hic
1121 2306 1246 2361 insertus
1258 2308 1315 2373 est,
1334 2308 1438 2378 cuique

150 2391 299 2445 concinunt
316 2390 347 2443 Ε1
362 2390 396 2443 13²
408 2390 454 2456 F²‚
472 2389 523 2443 nisi
542 2391 617 2458 quod
634 2411 791 2460 consequens
809 2389 949 2445 oririttunt.
1441 2395 1444 2400 '

217 2477 249 2541 ⁴²)
269 2475 313 2529 lta
330 2475 362 2527 ΕΙ
375 2474 409 2528 Ε*
421 2475 467 2542 F',
486 2474 586 2543 qrribus
605 2473 725 2529 concinit
743 2475 833 2529 Gelas.
853 2475 871 2528 l.
891 2492 917 2541 c,
934 2475 987 2528 nisi
1006 2475 1081 2544 quod
1099 2493 1161 2529 cum
1173 2475 1208 2529 Ιἰ
1221 2477 1259 2530 Hl
1276 2481 1343 2546 sere
1355 2479 1439 2534 omit·

151 2561 193 2614 tit.
232 2558 308 2613 Editi
326 2571 364 2614 est
379 2580 430 2628 per
448 2566 554 2628 tripinta
571 2580 662 2615 annos.
693 2559 763 2613 Sunt
781 2562 875 2614 autem
893 2577 991 2615 reuera
1007 2560 1126 2630 triginta
1138 2559 1204 2615 anni
1217 2562 1248 2615 ct
1260 2579 1339 2617 unus
1352 2564 1392 2618 ab
1404 2579 1439 2619 ec

151 2650 291 2715 tempore,
310 2662 364 2713 quo
383 2644 531 2700 Dioscorus
548 2645 578 2698 in
596 2645 721 2699 exsilium
740 2645 845 2713 ejectus
864 2646 907 2698 cst
926 2646 954 2698 et
971 2645 1114 2701 Proterius
1131 2645 1161 2699 in
1179 2644 1241 2714 ejus
1263 2647 1366 2703 locum
1384 2650 1440 2703 suf·

150 2732 251 2797 iactus,
270 2731 344 2799 quod
363 2746 436 2784 anno
455 2736 505 2784 452
524 2730 650 2799 contigit.
687 2730 754 2784 lnde
772 2731 808 2783 ab
828 2746 861 2783 eo
879 2732 1006 2799 tempore
1023 2730 1047 2784 is
1064 2730 1163 2784 Petrus
1182 2730 1279 2786 adhuc
1298 2732 1439 2790 ἀίωοιιω

140 2816 179 2870 ‘ct
191 2814 353 2869 Timotheus
371 2814 489 2868 Aelurus
506 2816 573 2867 tunc
591 2816 738 2885 presbyter
756 2832 784 2869 se
797 2815 833 2870 ab
846 2815 1034 2870 Alexandrina
1052 2814 1169 2870 ecclesis.
1187 2820 1384 2886 separarunt3
1403 2820 1437 2875 ei.

150 2902 231 2970 gesta
249 2899 283 2953 de
301 2916 374 2953 nom.
388 2900 469 2954 Aeac.
483 2905 539 2952 ni
558 2901 586 2953 ct
604 2900 704 2970 Evagr.
724 2902 775 2965 Ill,
794 2901 851 2954 bct
863 2906 887 2954 Β.
917 2900 1037 2969 Propter
1055 2900 1169 2956 caedem
1187 2902 1289 2957 autem
1307 2902 1435 2959 Proterii

151 2988 180 3039 ct
196 2987 312 3040 iteratas
329 2984 581 3039 Alexandrinorum
599 2985 748 3041 seditiones
760 2985 892 3040 abusione
905 2984 1047 3054 sanguinus
1059 2984 1250 3041 redundantes
1265 2988 1316 3054 (cf.
1330 2988 1437 3059 Evagr.

150 3072 201 3137 ΙΙΙ,
221 3074 262 3135 14)
284 3071 383 3123 Petrus
406 3069 451 3123 hic
473 3076 510 3124 nd
527 3075 685 3137 fundendum
702 3077 847 3141 sanquinem
870 3090 970 3138 semper
987 3077 1062 3125 veios·
1080 3082 1106 3125 et
1126 3083 1264 3139 promptus
1283 3078 1394 3132 aiano.

218 3156 250 3224 ⁴³)
271 3156 313 3208 lta
330 3154 363 3207 ΕΙ
376 3154 424 3220 ΕΙ,
443 3154 495 3208 etsi
513 3170 562 3208 suo
580 3171 657 3210 mora
676 3158 809 3226 corrupte
826 3155 976 3225 scriptura:
994 3154 1030 3208 Εα
1042 3160 1170 3226 Nataquid
1185 3160 1273 3211 adbuc
1291 3164 1371 3214 istim
1388 3166 1437 3215 de·

123 3305 126 3311 Α
150 3246 307 3295 simulatione
325 3260 407 3293 sunna
425 3250 449 3293 ei
468 3244 628 3294 cabnibentia
644 3247 788 3310 receptari:
805 3240 838 3293 ΕΙ
858 3245 1057 3295 dissimulatione
1073 3258 1157 3294 suarm
1175 3246 1290 3310 quadarn
1301 3230 1337 3298 ‘et
1352 3249 1438 3300 econ·

152 3329 237 3379 bentia
254 3329 386 3392 receptori
402 3330 427 3377 in
446 3345 502 3394 quo.
530 3323 635 3389 Quibus
648 3327 724 3379 favet
736 3324 862 3380 Gelasius
874 3325 892 3379 l.
907 3342 943 3390 a,
961 3323 1015 3378 nisi
1032 3324 1107 3393 quod
1125 3336 1152 3379 et
1163 3331 1237 3381 aian
1249 3331 1438 3384 dissirnuiatia·

153 3430 207 3464 nem
224 3429 306 3464 snmus
324 3415 432 3478 quadam
450 3429 485 3463 ec
498 3412 666 3470 conhibentia.
694 3409 728 3461 ΡΙ
740 3412 846 3464 autem:
866 3414 993 3479 Numquid
1009 3414 1092 3464 adbuc
1108 3415 1182 3463 istam
1200 3416 1234 3465 de
1245 3418 1437 3469 &stationem

151 3515 234 3549 sanan
251 3499 359 3564 quadam
376 3513 412 3547 ea·
428 3498 590 3571 qaobibentia
608 3501 781 3562 praeceptori.
799 3494 879 3548 Unde
897 3493 966 3548 editi
977 3494 1146 3564 corruptius:
1171 3499 1305 3565 Numquid
1316 3503 1355 3553 ad
1370 3484 1455 3554 nanc'

152 3586 226 3634 istam
244 3584 465 3633 dissimmationem
481 3598 564 3633 snmus
582 3585 690 3649 quadam
708 3598 743 3633 erc
754 3585 910 3633 concinentia
923 3579 970 3646 (ad
982 3596 1070 3648 marg.
1084 3582 1257 3648 conniventia)
1275 3594 1436 3653 praecepto·
1455 3590 1462 3597 '

153 3671 208 3717 ris?
236 3665 322 3717 Porro
339 3663 544 3718 simulationem
562 3663 675 3733 qrridcm
687 3663 764 3717 Petri
781 3662 866 3717 etiam
879 3662 979 3731 Evagr.
994 3664 1044 3729 Ill,
1059 3670 1088 3717 l't
1107 3664 1201 3729 notat,
1220 3681 1289 3720 cum
1306 3674 1378 3721 vetat
1394 3687 1436 3723 co·

154 3754 268 3804 tbrrrnnm
286 3754 414 3818 quemdam
427 3760 451 3802 ei
464 3760 632 3804 veteratorem
643 3768 700 3804 sese
714 3753 866 3817 temporibus
879 3755 1071 3816 accomodare,
1089 3769 1121 3803 ac
1132 3770 1198 3805 nnnc
1210 3753 1315 3820 quiden
1329 3756 1437 3807 Calete-

153 3840 288 3889 donensem
300 3839 527 3888 anathematizasse
538 3840 668 3903 synodica,
683 3847 740 3888 tnnc
752 3854 812 3888 vera
822 3839 932 3888 eamdem
944 3837 1055 3888 amnibus
1064 3839 1197 3903 suffrapiis
1208 3843 1362 3904 ampiexus
1370 3856 1436 3893 esse.

221 3921 253 3987 ⁴⁴)
273 3918 336 3972 Scil.
359 3917 388 3971 in
411 3918 556 3973 Henotico.
592 3923 637 3972 En
659 3924 706 3974 iac
728 3924 793 3973 enim
815 3924 932 3987 concipit,
954 3917 994 3972 ibi
1012 3918 1087 3973 Zeno
1110 3917 1186 3989 apud
1204 3918 1313 3989 Evagr.
1329 3922 1387 3987 ΙΠ,
1406 3927 1437 3976 14

155 4004 236 4070 (lixit,
254 4016 282 4058 nt
298 4007 486 4058 innumerabilis
503 4008 625 4057 bominum
643 4010 786 4066 multitado,
806 4024 879 4073 qnam
897 4012 935 4058 tot
952 4022 1075 4058 annornm
1091 4010 1177 4072 spatia
1190 4013 1318 4071 temporis
1334 4010 1437 4075 lamia·

154 4095 237 4160 quitos
255 4109 291 4143 cc
308 4093 356 4142 bac
374 4094 428 4142 lnce
445 4092 588 4150 subtraxit,
605 4095 701 4156 partim
718 4093 920 4156 repeneratianis
938 4093 1042 4147 lancem
1056 4091 1185 4155 fraudata
1201 4095 1354 4159 interierit,
1371 4110 1437 4161 par·

154 4181 195 4228 tim
213 4179 308 4244 absque
326 4178 426 4227 diuinae
443 4179 619 4229 communionis
638 4180 806 4242 perceptione
825 4193 860 4227 ea
877 4178 926 4227 bac
940 4179 991 4227 cita
1008 4177 1166 4242 mipranerit,
1184 4183 1264 4242 stane
1283 4180 1436 4233 inam

155 4266 247 4314 caedes
263 4269 432 4327 perpetratae
450 4263 513 4321 sint,
533 4269 557 4312 et
576 4264 652 4328 efficti
668 4263 799 4326 sanpninis
816 4264 892 4327 capia
910 4278 961 4312 noa
978 4269 1051 4312 terra
1068 4263 1147 4312 salam
1163 4263 1213 4313 sed
1223 4264 1304 4315 etiam
1315 4280 1368 4316 aer
1380 4268 1437 4332 ipse

153 4349 188 4397 sit
204 4350 395 4398 contaminatas.

222 4431 256 4496 45)
273 4428 307 4480 E²
319 4428 352 4480 ΙΨ
371 4448 401 4482 ne
425 4449 474 4483 non
496 4434 548 4483 sint
568 4433 695 4497 baptizati
716 4433 863 4495 efficiantur
938 4438 1073 4483 transeant
1094 4432 1120 4480 in
1141 4432 1314 4496 perditorem.
1352 4430 1389 4486 E·
1408 4452 1440 4487 ae

155 4533 205 4567 non
222 4519 273 4567 sint
289 4517 413 4580 baptizati
434 4517 580 4580 efficiantur
596 4518 720 4567 baeretici
741 4524 766 4567 et
790 4534 820 4567 ne
838 4519 893 4568 sine
911 4518 1079 4568 comunione
1100 4531 1151 4566 aaa
1172 4515 1303 4582 baptizati
1319 4521 1439 4582 emein-

155 4608 198 4651 tur
226 4603 350 4652 baeretici
378 4610 403 4652 et
433 4618 463 4652 ne
491 4604 546 4652 sine
576 4603 743 4652 communione
770 4609 903 4652 transeant
932 4608 957 4652 tn
985 4602 1152 4666 perditorem.
1198 4595 1323 4655 Difficile
1351 4600 1440 4667 diem,

156 4700 222 4737 num
241 4682 301 4738 sola
325 4681 468 4751 scriptoris
491 4680 598 4736 incuria
621 4698 657 4736 an
680 4681 775 4751 aliqua
799 4682 877 4737 varia
900 4682 1019 4738 lectione
1042 4681 1112 4737 haec
1135 4680 1264 4738 maruno
1286 4684 1439 4755 prodierit
