3204 5506
647 358 817 407 amsrona
841 347 893 406 43.

137 530 193 571 των
223 518 470 597 θεοπασχιτών.
514 513 656 596 Πέφνκε
678 510 743 594 γὰρ
795 513 854 575 bus
881 510 1109 625 Theopaschit'
1100 532 1139 574 is.
1190 509 1278 575 Solet
1307 512 1402 594 enim,
1415 513 1507 632 ἓξὲξ

136 605 184 672 adv
214 617 449 702 κρατούμενον
480 619 525 701 τῷ
553 618 611 699 της
633 636 743 696 παρα-

133 719 308 841 ρροσιίρης
340 719 443 783 πάθει
472 720 586 782 ἐκεῖνα
619 716 741 799 λέγειν,

132 810 217 899 ἅπερ
248 818 437 906 ἡφρενῖτις
459 816 668 884 ὑποτίθεται.
704 821 745 882 Τί

130 936 182 978 νυν
228 920 268 986 τα
298 928 357 1008 τῆς
385 919 539 1005 οίλοχιάς,
576 918 637 985 τὸν
674 917 741 984 ὑπὸ

128 1011 238 1097 ἁγίου
258 1022 401 1107 α’χγελον
418 1020 643 1090 ἐκδοθέντα“
619 1046 741 1107 νμνον,

127 1115 153 1194 ἐξ
170 1117 363 1210 ἁμαρτιῶν
389 1122 493 1210 ὀργῆς
520 1124 741 1209 κρατησάσης,

124 1220 167 1282 καὶ
211 1233 278 1312 γῆς
304 1227 342 1292 ἐκ
372 1232 509 1312 μοχλῶν
542 1228 743 1312 κινουμένης

86 1356 89 1361 ·
122 1323 165 1385 καί
202 1341 359 1414 σεισμοῖς
374 1328 654 1413 ἅναβραζομίνης,
678 1329 741 1393 πό-

120 1423 221 1490 esav
244 1456 277 1497 τε
300 1432 338 1497 ἐκ
360 1432 503 1515 βάθρων
519 1431 740 1516 καταρῥιπτο-

118 1525 246 1607 μένων
280 1535 336 1599 καί
369 1535 489 1617 τάφων
517 1529 742 1617 αὐτοσχεδίως

117 1624 262 1711 ἀθρόον
283 1646 353 1714 τοῖς
369 1637 522 1720 ἐκγόνοις
540 1636 740 1720 γινομένων,

118 1728 322 1823 ἐτόλμησαν
337 1739 373 1803 οί
385 1738 673 1822 σκληροτροίχηλοι
685 1738 740 1801 καὶ

117 1836 151 1915 τῷ
169 1833 277 1926 ἁγίῳ
292 1842 457 1926 πνεύματι
475 1839 740 1919 ἀντιπίπτοντος,

106 1941 387 2017 'capacensem
416 1947 474 2027 τῆς
500 1945 596 2018 θείας
619 1938 738 2024 ὁροθε-

119 2037 199 2114 sag
235 2050 301 2110 τῶν
329 2043 448 2130 ὕμνων
481 2042 521 2109 τὰ
548 2044 737 2128 σήμαντρα·

120 2134 308 2213 κάνταῦθα
336 2150 579 2230 βασκαίνοντες
605 2151 645 2231 τῇ
672 2149 761 2209 τῶν,

121 2235 326 2331 ἀνθρώπων
347 2252 506 2335 σωτηρίη,
530 2246 740 2330 ἀνατρέψαν-

123 2362 183 2425 ῑὲς,
211 2349 257 2429 (ὃς
271 2355 363 2420 ἔστιν
379 2353 477 2434 ίδεῖν,
493 2352 550 2415 καὶ
565 2355 634 2415 τῶν
649 2368 741 2414 στοι-

124 2446 233 2521 λέίων
246 2451 308 2538 την
324 2453 488 2519 εὔτακτον
503 2457 649 2536 κίνησιν,
667 2455 740 2535 μεί-

125 2544 259 2618 t⁰va'
235 2554 350 2721 ορχήν
384 2556 652 2639 ἐπισπασαμενοι
685 2551 741 2616 διὰ

124 2664 188 2727 'lv
219 2659 264 2735 είς
284 2655 372 2737 ὕψος
392 2655 512 2726 ίίδικον
527 2659 739 2740 δυσφημίαν;

124 2745 254 2815 ΚαΉ
226 2781 334 2843 ωςπερ
362 2759 418 2825 διὰ
452 2764 509 2843 τῆς
543 2760 741 2841 ἐκδοθείσης

122 2856 385 2946 φιλανθρώπως
399 2859 571 2947 ὑμνῳδίας
592 2858 611 2944 ἡ
627 2866 737 2943 θραῦ-

121 2965 176 3030 ⁶⁸9
214 2963 396 3047 ἐκόπασεν,
431 2961 519 3028 οὕτω
549 2963 651 3028 πάλιν
679 2987 738 3026 κα-

122 3069 355 3150 τα(ηήθείσης
377 3063 432 3130 διὰ
452 3070 510 3150 τῆς
524 3070 741 3150 παρατροπῆς

123 3161 201 3225 τῶν
218 3169 417 3253 σχισμιίτων,
438 3169 640 3252 ἐπληθύνθη
657 3165 740 3249 πρὸς

125 3273 206 3341 ῐᾱῑς
232 3267 346 3347 ἄλλαις
379 3268 493 3335 αὐτῶν
522 3268 689 3353 ἀσεβείαις
720 3267 739 3354 ἡ

125 3371 265 3449 πτῶσις.
285 3371 739 3456 Ἐντεῦθενσεισμωνοίπαιί-

131 3477 226 3536 στων
245 3472 465 3559 ἀναβρασμοὶ,
489 3480 629 3558 καρπῶν
652 3473 737 3558 νίφο-

133 3567 206 3653 Οἷα,
229 3576 412 3661 ἐκκλησιων
441 3578 593 3661 ταραχαὶ,
623 3578 738 3642 ἐθνῶν

135 3660 397 3762 ἀπαναστάσεις,
447 3680 582 3763 εἰρήνης
634 3703 738 3763 φνχη,

136 3778 357 3890 συΥχιίρεως
341 3781 611 3865 επικριίτησις,α
590 3781 739 3865 αίμάτων

136 3861 310 3960 “mastica
331 3888 476 3968 ἔκχυσις

201 3977 229 4043 7
270 3983 378 4070 Καλη
405 3989 468 4071 μὲν
491 3982 657 4070 καθολικη
681 3986 738 4050 έκ-

135 4071 268 4171 κλῆθεν,
300 4086 411 4172 ἥνπερ
440 4088 479 4153 ἐν
507 4089 643 4173 παιδεία
665 4085 738 4171 μετ’

133 4167 312 4273 ⁰³³²ttop05v
334 4186 525 4274 παρέλαβεν
551 4187 737 4275 ὑμνῳδίαν,

131 4275 213 4344 μετὰ
244 4293 356 4376 φόβον
388 4292 445 4357 καὶ
472 4292 600 4377 τρόμου
628 4289 738 4356 ἀπαύ-

129 4379 196 4452 στῳ
219 4394 359 4478 στόματι
381 4394 437 4459 καὶ
459 4397 604 4478 χείλεσιν
619 4393 738 4478 ἀσιγη-

127 4479 217 4578 ἴοις
208 4492 289 4581 βοᾷ,
311 4496 487 4576 ψοίλλονσα
506 4496 735 4580 καθεκιίστην·

123 4556 250 4680 57‘09
277 4597 295 4661 d
321 4595 437 4680 θεὸς,
475 4622 592 4681 αγιος
620 4601 738 4682 ἰσχν-

121 4681 263 4764 ‘'⁰92‘'
242 4724 356 4783 αγιος
378 4697 603 4784 ἀθάνατος,
622 4702 806 4785 ε’λέη-ι’

1340 339 1409 405 479

794 615 849 698 qui
877 614 1025 678 insaniae
1051 614 1163 678 morbo
1190 613 1331 696 laborat,
1366 635 1403 677 ea

794 717 910 799 dicere,
927 739 1007 800 quae
1022 715 1228 801 phrenitis¹⁷)
1245 716 1401 800 suggerit

794 819 959 894 Quaenam
974 819 1082 903 itaque
1098 818 1240 881 amentia
1257 821 1316 900 est,
1339 820 1403 881 tra-

795 922 896 985 ditum
925 924 1078 985 asancto
1101 920 1217 1004 angelo
1234 919 1443 1003 hymnum,

794 1025 869 1087 dum
899 1024 1086 1087 coelestis
1077 1045 1125 1087 na
1153 1022 1303 1086 adversus
1331 1044 1402 1106 pec-

795 1129 867 1189 cata
895 1125 1047 1208 saeviret,
1077 1125 1235 1208 tellusque
1261 1147 1280 1187 a
1303 1123 1402 1188 cardi-

794 1228 889 1291 nibus
917 1231 1046 1291 nutaret
1075 1231 1107 1291 et
1133 1227 1272 1291 motibus
1294 1229 1403 1310 quate·

793 1334 892 1413 retur,
916 1331 1034 1415 oppida
1049 1352 1068 1393 a
1083 1329 1301 1393 fundamentis
1317 1350 1402 1392 ever-

793 1437 940 1498 terentur
981 1432 1149 1517 subitaque
1190 1432 1283 1495 ruina
1316 1430 1403 1494 natis

794 1537 859 1599 suis
881 1535 1027 1620 sepulcra
1049 1536 1179 1618 fierent3
1202 1555 1258 1598 cur
1272 1533 1402 1617 inquam

794 1638 862 1700 ausi
885 1641 961 1701 sunt
983 1638 1037 1701 isti
1060 1637 1139 1700 dura
1162 1636 1284 1700 cervice
1303 1634 1403 1699 homi-

792 1762 850 1803 nes
857 1790 865 1821 ,
896 1743 929 1802 et
958 1742 1071 1803 sancto
1093 1738 1228 1823 Spiritui
1255 1738 1403 1801 resisten-

792 1845 857 1924 tes,
890 1862 1085 1905 commovere
1107 1841 1208 1904 divini
1231 1840 1346 1904 statuti
1368 1841 1403 1903 in
1424 1883 1427 1887 -

793 1943 921 2027 hymnis
948 1943 1072 2028 sigilla,
1104 1946 1199 2027 atque
1227 1941 1319 2023 hinc,
1349 1941 1403 2005 ho-

793 2046 916 2109 minum
938 2045 1033 2109 saluti
1049 2045 1241 2128 invidentes,
1266 2044 1402 2107 elemen-

792 2151 913 2230 torum,
942 2151 978 2211 ut
1000 2147 1106 2211 videre
1130 2149 1178 2210 est
1184 2195 1193 2229 ,
1220 2145 1403 2210 ordinatum

792 2254 914 2314 motum
936 2253 1127 2334 pervertere,
1156 2248 1310 2331 majorem
1332 2270 1402 2331 pro-

793 2356 944 2416 vocantes
966 2354 1058 2435 iram,
1083 2355 1214 2435 propter
1230 2372 1321 2414 suam
1342 2351 1402 2414 ini-

792 2476 887 2538 quam
910 2477 1005 2538 quam
1031 2456 1066 2517 in
1093 2454 1193 2516 altum
1216 2455 1404 2517 eructarunt

792 2556 1047 2640 blasphemiam?
1071 2557 1119 2620 Ac
1138 2555 1402 2639 quemadmodum

792 2667 923 2743 propter
944 2659 1052 2722 datam
1076 2659 1249 2722 clementer
1269 2657 1402 2741 hymno·

792 2761 878 2825 diam
912 2761 1089 2825 confractio
1122 2764 1317 2843 cessaverat,
1356 2760 1403 2824 ita

792 2886 900 2927 rursus
933 2864 994 2927 hae
1027 2863 1153 2927 sublata
1182 2862 1222 2925 ob
1251 2863 1402 2926 schisma-

792 2969 861 3029 tum
894 2966 1130 3031 aberrationem
1164 2964 1326 3027 cumulata
1353 2967 1403 3027 est

792 3069 878 3133 ultra
907 3072 1028 3132 ceteras
1057 3068 1198 3150 ipsorum
1219 3065 1402 3148 impietates
1491 3069 1493 3073 ‘

791 3171 895 3234 ruina.
941 3169 1028 3233 Hinc
1056 3173 1160 3232 terrae
1187 3170 1332 3230 motuum
1353 3167 1401 3230 in-

791 3273 1006 3336 desinentium
1030 3270 1242 3353 jactationes,
1270 3269 1427 3353 frugum*

791 3374 959 3455 sterilitas,
995 3372 1201 3437 ecelesiarum
1235 3372 1401 3456 perturba-

790 3477 917 3558 tioneS,
968 3475 1157 3559 populorum
1200 3473 1400 3557 rebelliones,

790 3579 878 3662 pacis
913 3577 1074 3660 exsilium,
1105 3577 1262 3641 tumultus
1284 3577 1401 3661 ubique

790 3680 975 3763 dominanS,
1010 3680 1179 3764 sanguinis
1207 3680 1334 3743 infinita
1357 3680 1401 3743 ef-

790 3783 883 3846 fusio.

854 3989 883 4052 7.
908 3986 952 4050 Et
968 3987 1127 4052 catholica
1147 3988 1275 4071 quidem
1291 3987 1400 4052 Eccle-

789 4091 852 4172 sia,
891 4112 985 4173 quem
1019 4090 1059 4153 ad
1090 4089 1139 4153 sui
1168 4090 1400 4173 correptionem

790 4214 809 4254 a
836 4192 897 4255 Dei
936 4191 1153 4255 misericordia
1187 4191 1312 4274 accepit
1344 4191 1400 4274 hy·

790 4317 916 4377 mnum,
947 4317 1019 4358 eum
1048 4316 1119 4358 oum
1147 4294 1262 4356 timore
1285 4314 1322 4356 ac
1344 4315 1399 4376 pa-

789 4419 863 4461 vore
886 4397 1067 4460 incessante
1095 4417 1149 4459 ore
1181 4398 1213 4458 et
1234 4416 1400 4478 nunquam

789 4499 973 4563 tacentibus
1001 4497 1095 4561 labiis
1124 4497 1258 4579 clamat,
1297 4498 1399 4580 qnoti-

790 4601 840 4664 die
868 4578 1024 4684 psallens·
1057 4612 1179 4664 sanctus
1206 4605 1300 4676 Deus,
1330 4621 1399 4665 saa-

789 4715 855 4767 elus
887 4707 982 4779 sortis
993 4751 1002 4784 ,
1046 4713 1168 4766 sericeas
1210 4709 1397 4781 immortalis,

188 4903 230 4980 1ἶ)
251 4921 381 4977 Similiter
399 4922 434 4975 dc
445 4927 601 4991 χιλιειιιιίιὶι
613 4924 763 4993 imaginem
778 4925 903 4978 Golasius
916 4888 995 4995 epist.
1010 4930 1040 4979 10
1052 4942 1078 4977 n.
1090 4930 1114 4992 9,
1135 4930 1165 4976 ia
1185 4941 1209 4977 n.
1226 4930 1254 4978 12
1273 4923 1397 4978 adhibet.
