3204 5506
264 322 327 386 tou
599 386 605 403 .
705 336 732 383 s.
750 333 957 382 uonsnsms
979 332 1094 379 riusa

155 505 249 555 asli.
264 492 326 556 sibi
349 492 508 575 quaerunt
536 489 686 553 instituta
714 487 864 572 fidelial').
916 485 1080 572 Discerel)
1109 485 1180 570 quis
1209 484 1304 550 debet
1329 488 1411 571 ante,
1435 489 1497 574 quod

263 594 387 675 (luccat,
412 596 444 656 et
466 591 648 675 exemplum
669 591 839 675 religiosae
856 588 1109 653 conversationis
1132 586 1171 651 de
1186 609 1222 652 se
1236 588 1343 673 potius
1359 589 1421 653 aliis
1432 613 1499 676 prro

264 700 350 760 stara
373 717 469 778 quam
491 715 625 757 sumere.
670 691 932 756 Emendatiorem
956 712 1024 754 csse
1048 690 1201 778 convenit
1222 691 1350 775 populo,
1371 715 1451 776 quen
1461 716 1500 759 ne·

265 819 352 862 cesse
375 800 424 860 est
446 817 537 859 orare
566 816 625 879 pro
654 794 782 878 populo.
832 793 945 878 Longa
973 792 1199 857 observatione
1227 792 1400 880 religiosi⁸)
1423 795 1502 860 cultus

264 902 403 982 teratur,
443 902 480 960 ut
513 897 634 978 luceat,
671 899 703 960 et
730 896 819 981 dial)
850 895 1050 960 clericalibus
1078 894 1239 980 obsequiis
1272 896 1449 961 erudiendus
1469 897 1503 961 iu·

265 1000 400 1083 serviat,
430 1003 466 1063 ut
489 1000 528 1063 ad
551 997 725 1062 venerandi
749 998 867 1082 gradus
891 1020 1015 1063 summa
1037 996 1229 1081 perductus,
1264 997 1319 1082 qui
1345 998 1386 1063 sit
1408 999 1505 1064 fructus

265 1102 474 1184 humilitatis,
503 1101 662 1164 ostendat.
708 1098 782 1162 Non
805 1099 873 1164 leve
900 1122 967 1163 non
989 1122 1124 1163 vacuum
1151 1098 1232 1181 fuit,
1266 1099 1350 1184 quod
1370 1122 1425 1165 nee
1443 1100 1505 1185 apud

266 1208 389 1268 veteres
412 1203 539 1287 quidem
561 1203 624 1265 nisi
647 1200 781 1265 [levitici
804 1203 932 1285 generis
955 1202 1015 1266 viri
1039 1201 1078 1265 ad
1100 1203 1214 1265 saneta
1237 1200 1505 1285 adurittebuutur¹‘j

267 1306 393 1387 altaria,
417 1327 458 1368 uc
480 1307 610 1388 passim,
634 1303 757 1367 meritis
780 1308 836 1366 aut
857 1304 960 1387 pretio
984 1306 1040 1367 aut
1054 1303 1316 1387 praesumptione
1334 1304 1507 1388 contemptis,

267 1409 307 1471 ad
341 1429 448 1471 sacros
483 1406 586 1470 cultus
621 1407 724 1490 impar
758 1405 933 1470 accederet.
984 1405 1186 1491 Migravit¹¹)
1226 1404 1283 1469 illa
1316 1406 1509 1491 praerogatirs

266 1508 462 1573 familiarum
492 1508 531 1571 ad
558 1508 708 1571 instituta
737 1508 904 1572 cultorum.
950 1507 1046 1572 Nuus
1074 1511 1122 1571 est
1150 1507 1299 1571 docmina
1326 1529 1382 1592 pro
1403 1529 1509 1592 genera

268 1612 351 1696 quod
374 1609 437 1673 illis
459 1610 524 1674 fuit
538 1617 639 1688 nasci,
664 1609 725 1674 hoc
747 1610 840 1673 nobis
856 1617 948 1675 imbui
953 1634 964 1684 ;
988 1610 1059 1673 illos
1073 1609 1284 1674 tabernaculo
1299 1609 1396 1675 dabat
1408 1612 1510 1691 natira,

269 1734 327 1776 nos
351 1711 505 1776 altaribus
528 1711 668 1795 parturit
690 1712 871 1796 disciplina.

352 1815 383 1878 3.
418 1813 486 1878 Nec
508 1816 636 1877 tantum
659 1815 838 1878 consecrari
862 1814 900 1877 da
923 1813 1013 1877 laicis
1033 1813 1227 1896 inhibemus,
1251 1813 1307 1877 sed
1322 1836 1364 1878 ue
1379 1813 1417 1877 de
1431 1813 1517 1898 poeni·

268 1916 411 1980 tentibus
434 1915 561 2000 quidem
584 1915 752 1999 quisquam
775 1916 814 1979 ad
837 1915 1018 1999 hujusmodi
1039 1915 1176 1999 gradum
1190 1916 1348 2000 profanus
1368 1919 1519 1980 &metator

269 2017 421 2102 adspiret.
457 2016 542 2081 Satis
553 2017 590 2101 ¹²)
614 2016 662 2080 illi
684 2017 864 2101 postulanti
886 2018 929 2081 sit
951 2017 1054 2081 venia.
1095 2016 1166 2092 Qua
1182 2017 1384 2083 couscientia
1398 2017 1524 2082 absolvat

268 2141 374 2203 rcum,
405 2121 458 2203 qui
482 2142 515 2183 se
537 2122 670 2203 peccata
698 2141 755 2182 sua
777 2120 894 2204 populo
916 2119 977 2183 scit
1004 2122 1086 2182 teste
1109 2118 1317 2184 confessum?
1339 2108 1439 2196 'Quis
1458 2142 1528 2201 eum,

269 2244 362 2305 quem
385 2222 480 2305 paulo
496 2224 574 2285 unte
588 2220 669 2284 vidit
679 2220 855 2303 jacentem,
879 2224 1049 2285 veneretur
1064 2220 1271 2285 antistitem?
1307 2221 1535 2305 Praeferens¹³l

269 2323 442 2387 miserandi
465 2322 608 2386 criminis
631 2321 746 2407 labem,
775 2345 841 2387 non
863 2323 961 2388 habet
983 2323 1122 2387 lucidam
1144 2322 1317 2388 sacerdotii
1341 2324 1537 2411 dignitatem

336 2511 356 2575 ⁶)
377 2509 471 2576 fifide.
506 2508 624 2562 Rursum
648 2508 721 2563 infra
743 2515 799 2564 ns
820 2515 937 2578 fidelibus
959 2508 1094 2563 institutis
1115 2509 1337 2565 incumbendum
1360 2512 1544 2582 praedicabit.

268 2594 293 2646 A
306 2590 464 2646 Caelestino
473 2591 534 2660 jam
546 2592 702 2646 audivimus
715 2593 793 2664 epist.
808 2601 862 2648 tn.
875 2601 904 2647 4:
923 2599 1005 2648 Debet
1016 2605 1076 2649 ante
1088 2615 1144 2649 esse
1156 2601 1311 2663 disciputus,
1332 2604 1455 2668 quisquis
1467 2605 1550 2654 donor

269 2696 324 2732 esse
343 2683 485 2737 desiderat,
505 2688 531 2730 nt
548 2685 630 2746 possit
648 2683 740 2732 ‹locere
759 2685 827 2748 qnod
844 2685 940 2733 didicit.

336 2765 358 2830 ')
377 2761 449 2816 Oce
467 2766 565 2816 usca-e
583 2770 656 2830 prius
674 2763 708 2831 (Ο
728 2764 817 2817 omitt.
836 2766 919 2832 prius)
938 2770 1042 2834 quisque
1065 2769 1140 2818 debet
1157 2775 1294 2834 antequam
1317 2773 1428 2823 docent.
1464 2768 1499 2823 F*
1510 2770 1525 2823 J
1536 2769 1555 2823 i*

270 2852 369 2902 ducere
395 2854 451 2916 quis
469 2845 514 2914 (Fd
533 2847 621 2902 omitt.
641 2852 706 2917 quis)
725 2852 801 2902 debet
822 2859 881 2902 unte
904 2855 972 2918 quod
990 2848 1020 2917 (ἱ1
1038 2852 1182 2920 antequam)
1200 2856 1305 2905 doceat.
1346 2857 1556 2910 Emendation-

269 2931 316 2998 (al.
336 2934 562 2999 Emendationem).

338 3019 359 3084 l)
378 3017 409 3068 In
428 3014 548 3084 vulgatis
565 3023 699 3085 reliqiosns
715 3023 795 3071 crdtrn
814 3024 941 3074 tradatur.
979 3017 1144 3074 Conciunius
1161 3019 1190 3073 in
1208 3020 1243 3073 F‘¹
1256 3021 1275 3075 J
1280 3023 1318 3092 ’β
1338 3030 1465 3094 retipiosi
1480 3032 1557 3080 carim

271 3112 370 3155 teratur·
393 3100 418 3167 (J
423 3102 430 3134 ¹
448 3112 574 3162 terretur,
593 3101 626 3154 Fd
646 3106 771 3182 tenatur)3
799 3102 978 3158 similitudine
1002 3103 1086 3158 ductu
1103 3121 1136 3158 ex
1155 3104 1229 3171 oleo,
1252 3106 1334 3175 quod
1355 3110 1490 3164 extritis
1507 3112 1557 3165 iru-

271 3185 360 3240 ctibus
379 3202 412 3239 ac
429 3184 578 3239 seminibus
597 3188 753 3241 confectum
771 3187 828 3241 vim
845 3188 955 3243 lucendi
975 3188 1160 3258 consequitur.

337 3274 358 3338 ⁹)
377 3271 420 3323 lta
437 3271 472 3323 pu
486 3273 514 3340 (33
538 3271 572 3326 al.
593 3271 681 3326 omitt.
702 3279 757 3339 dire,
776 3274 791 3326 J
797 3277 802 3307 ¹
816 3280 857 3327 rte.
893 3274 956 3327 Mox
975 3277 1138 3343 tirannum,
1157 3291 1190 3329 ac
1209 3274 1314 3332 deinde
1336 3279 1363 3333 Ο
1378 3298 1417 3335 cc
1438 3286 1494 3336 Nec
1510 3289 1558 3337 ren

272 3377 318 3410 nec
336 3376 446 3414 vacuum.

339 3443 370 3508 ¹⁰)
388 3441 424 3494 K³
437 3443 454 3510 β
466 3445 675 3504 admovebantur,
694 3443 718 3495 J¹
734 3447 945 3504 adraonebnntnr,
964 3443 998 3496 ud
1011 3449 1188 3503 movebantur:
1205 3447 1270 3500 tum
1283 3450 1308 3502 c'
1325 3466 1394 3519 sqq.
1409 3471 1443 3507 ne
1454 3459 1559 3522 pescia

271 3530 366 3578 riseritis
384 3536 427 3578 unt
443 3531 529 3594 pretio
548 3538 591 3579 aut
609 3534 813 3596 praesumptione
831 3535 992 3597 contemptis,
1013 3531 1038 3583 0⁷
1051 3531 1088 3582 0¹⁰
1105 3550 1137 3583 ne
1154 3537 1265 3599 pessime
1284 3542 1392 3590 meritis
1410 3544 1559 3607 competa

271 3622 314 3663 unt
330 3617 415 3678 pretio
434 3621 476 3664 aret
493 3621 699 3680 praesumptione
717 3618 761 3668 ud.
778 3612 813 3665 Fd
830 3611 879 3665 Ji²
897 3612 1050 3680 sequimur,
1073 3613 1127 3668 nisi
1145 3615 1221 3683 quod
1239 3616 1268 3669 J¹
1289 3636 1360 3673 cum
1380 3623 1407 3675 c¹
1426 3630 1558 3679 contentis.

271 3694 306 3747 Fd
325 3700 464 3761 confestim.

340 3782 371 3847 ¹¹)
390 3779 440 3832 Ed.
458 3785 526 3834 Tunc
540 3786 680 3851 miprabant
696 3788 831 3851 perillam
847 3790 1067 3853 praeroputioum;
1086 3784 1262 3854 castigantur
1281 3789 1480 3848 exi¹et1m
1510 3793 1558 3848 Du

272 3867 316 3918 cet
332 3863 510 3934 privilegium
528 3866 649 3920 familiae
662 3867 800 3921 Leviticae
820 3867 856 3920 ad
874 3884 921 3922 cos
939 3869 1192 3938 translatumesse,
1210 3870 1261 3939 qui
1279 3871 1427 3931 institutis
1440 3877 1558 3932 etdisai·

270 3948 353 4019 plinis
373 3949 565 4005 ecclesiasticis
584 3951 713 4006 cultiores
731 3953 807 4019 suut,
826 3952 866 4007 ita
885 3954 916 4006 ut
933 3954 1061 4008 doctrina
1079 3955 1107 4008 et
1125 3954 1247 4011 eruditio
1267 3958 1332 4014 vica
1354 3962 1474 4029 generis
1490 3980 1559 4017 nunc

272 4033 438 4103 requiratur.

339 4122 370 4185 ¹²)
389 4119 453 4189 thi
472 4125 542 4174 Satis
559 4127 596 4174 im·
612 4129 741 4190 postulata
758 4129 791 4175 sit
810 4130 894 4181 ceam.
919 4145 968 4193 pua
987 4130 1166 4178 conscientiam
1184 4128 1295 4181 absoluit
1313 4150 1392 4184 ream
1410 4132 1461 4200 (Β
1478 4137 1560 4188 uns

271 4216 312 4258 ont
330 4208 423 4273 ream),
447 4214 491 4274 put
511 4226 538 4260 se
560 4219 668 4275 peccata
689 4216 794 4276 populo.
830 4209 1006 4263 Innocentius
1025 4208 1098 4279 epist
1126 4215 1201 4264 1711.
1226 4217 1258 4264 11
1278 4214 1397 4270 scribit:
1430 4221 1489 4272 Nes
1504 4229 1560 4287 pon

271 4296 450 4357 poenitentiam
468 4297 585 4344 clericum
600 4297 671 4356 fieri,
691 4299 742 4361 ipsi
759 4314 868 4348 canones
885 4314 931 4347 sun
949 4300 1104 4348 auctoritate
1128 4301 1288 4363 permittunt.
1329 4300 1406 4355 Item
1426 4302 1510 4373 ep'nt
1528 4310 1560 4359 39

272 4375 384 4429 cosdem
407 4374 571 4429 nominatim
589 4375 717 4430 Nicaenis
736 4378 888 4432 canonibus
911 4378 996 4432 ctiam
1018 4379 1053 4433 ab
1077 4378 1178 4432 infimis
1204 4379 1379 4438 clericorum
1397 4387 1502 4442 officiis
1518 4404 1559 4442 ex·

272 4459 360 4531 clusos
379 4459 468 4513 docet.
504 4459 575 4514 llinc
593 4462 628 4515 ab
648 4462 790 4516 ordinibus
809 4463 1019 4532 expoenitentes
1031 4464 1128 4518 arcent
1140 4463 1296 4520 constituta
1315 4467 1413 4525 uiuri
1433 4471 1517 4543 epist
1530 4477 1560 4527 10

272 4560 297 4596 n.
312 4550 340 4609 5,
360 4543 464 4597 Gelasii
482 4544 561 4614 epist.
579 4553 609 4598 11
628 4564 649 4600 c.
663 4554 678 4599 3
697 4550 726 4601 et
745 4548 823 4617 epist.
840 4556 870 4602 15
889 4566 903 4601 c
927 4556 951 4602 1.

339 4631 370 4695 ¹³)
388 4628 520 4682 Nonnulli
538 4649 599 4684 mss.
621 4631 716 4698 (etiam
733 4633 771 4701 .l¹)
789 4639 935 4702 perferens.
971 4634 1034 4687 Mox
1053 4635 1114 4688 00¹
1132 4639 1338 4691 benedictionem
1355 4660 1386 4708 p.
1408 4646 1427 4699 t.
1446 4663 1480 4696 ι.
1497 4663 1559 4713 με

272 4719 356 4767 (ticina
375 4733 431 4767 esse
448 4734 498 4774 cr..
518 4722 574 4783 quis
591 4723 676 4784 pretio
694 4730 832 4785 corrrpurct.
864 4717 956 4772 Ceteri
974 4736 1040 4773 vero
1053 4718 1121 4772 editi
1137 4720 1203 4789 post
1215 4719 1299 4775 Crsb.
1315 4724 1479 4781 verborum
1491 4727 1559 4781 ordi·

271 4814 335 4851 nem
353 4797 391 4851 sic
409 4800 547 4852 mutatum
567 4801 709 4856 erudirent:
735 4823 765 4855 ne
783 4807 994 4862 benedictionem,
1017 4824 1082 4873 qnae
1100 4810 1186 4858 divina
1205 4824 1261 4861 esre
1283 4814 1426 4875 creditur,
1449 4832 1500 4882 per
1517 4818 1559 4866 in-

271 4888 420 4951 positionem
438 4903 524 4938 munus
543 4891 606 4956 qais.
642 4886 676 4938 Fd
690 4888 706 4955 β
721 4891 747 4940 Γ
763 4887 912 4954 sequimur.
