3204 5506
198 334 260 399 838
639 344 665 392 s.
682 341 889 392 noanrsnan
912 342 1027 389 aaran

69 528 104 594 (a,
116 528 185 594 519.)
198 503 401 590 optatissir'na
423 499 641 586 gratulatione
663 499 827 581 suscepta,
852 497 974 582 gratias
997 496 1172 562 Divinitati
1195 498 1364 584 retulimus,
1381 504 1439 586 quia

199 606 331 672 dedistis
354 604 519 687 indicium,
543 601 638 665 faede
654 623 673 664 a
688 600 777 664 robis
792 599 861 663 fieri
876 600 960 684 quod
982 601 1200 684 potuissemus
1222 599 1349 667 hortari.
1374 602 1438 670 llinc

202 714 266 794 est,
296 706 379 792 quod
402 706 476 791 quia
499 707 613 789 sponte
635 701 810 767 laudabilia
833 703 967 786 cupitis,
997 703 1095 787 digne
1119 703 1159 767 ad
1181 703 1374 788 principatus
1391 707 1440 791 api·

201 835 270 878 cern
293 809 421 896 generis
430 808 455 892 2)
479 807 576 871 vestri
599 808 768 870 stemmata
790 809 1015 888 pervenerunt.
1054 804 1257 890 Quapropter
1278 806 1402 872 insistite
1419 814 1443 872 ct

202 914 372 999 religiosae
394 909 576 975 vivacitatis
599 908 714 973 animis
737 908 918 989 imminete,
941 911 978 971 ut
1000 907 1269 992 quemadmodum
1290 930 1344 993 pro
1362 909 1443 974 bonae

202 1014 377 1081 voluntatis
405 1011 499 1075 initio
527 1033 628 1095 genus
651 1014 791 1073 vestrum
819 1010 936 1074 meruit
959 1010 1084 1075 culmen
1108 1011 1252 1095 imperii,
1279 1010 1314 1074 in
1340 1014 1445 1075 aeterna

204 1118 292 1182 robis
321 1116 359 1179 de
392 1113 590 1198 perfectione
619 1112 722 1197 gloria
750 1111 815 1175 sint
841 1111 1007 1195 triumphi.
1052 1112 1187 1196 Videte,
1225 1133 1288 1197 quo
1318 1113 1446 1177 desiderio

204 1218 326 1304 pacisl)
349 1217 467 1301 gaudia
489 1214 670 1279 ludificatus
693 1214 746 1278 diu
768 1214 905 1278 mundus
929 1217 1053 1280 exoret:
1089 1215 1259 1300 respicite,
1283 1214 1447 1300 generalita-

204 1323 246 1385 tis
275 1319 398 1383 rmimos
427 1317 523 1380 vestri
551 1316 812 1400 praesumptione
841 1316 987 1381 beneficii
1019 1320 1107 1381 certa
1136 1339 1193 1402 spe
1221 1317 1335 1401 quietis
1355 1315 1446 1380 attolli

205 1422 279 1487 Non
302 1419 456 1504 estquod
479 1442 512 1483 se
535 1419 681 1482 dubietas
703 1420 835 1502 inserat,
859 1441 925 1483 non
940 1420 1087 1504 estquod
1111 1418 1233 1504 aliquid
1255 1416 1447 1503 ambiguitatis

206 1523 353 1605 rrccedat,
383 1545 480 1606 quum
502 1521 683 1604 testamini,
707 1520 790 1606 quod
812 1524 845 1585 et
866 1544 925 1586 nos
946 1522 1074 1607 quidem
1096 1522 1180 1585 bene
1202 1520 1360 1604 novimus,
1379 1542 1447 1584 acce

207 1627 280 1690 dere
303 1624 343 1689 ad
365 1624 570 1687 ecclesiarum
593 1625 795 1689 concordiam
817 1624 960 1708 religiosi
982 1624 1138 1709 principis
1158 1628 1246 1688 rota.
1276 1621 1449 1707 Quapropter

176 1793 179 1801 ,
206 1731 318 1793 tantae
346 1725 609 1810 magnanimitati
638 1726 760 1810 gratias
793 1731 944 1812 agentes,
978 1729 1099 1811 quanta
1127 1747 1295 1811 possumus
1315 1724 1449 1809 'petitione

208 1832 426 1915 deprecamur,
450 1831 487 1892 ut
503 1828 614 1892 Aeacii
637 1851 754 1893 nomen
778 1851 849 1894 cum
872 1829 1061 1914 sequacibus
1084 1829 1162 1912 suis,
1186 1828 1269 1913 quod
1290 1826 1377 1912 plene
1396 1825 1449 1889 uni·

208 1933 284 1997 tatis
308 1932 513 1996 ecclesiarum
535 1930 669 2013 impedit
691 1932 853 2016 gaudium,
877 1931 1092 1996 damnationis
1108 1931 1221 1995 ordine
1243 1930 1285 1994 sit
1305 1932 1448 1994 remotum

208 2035 276 2099 Nos
298 2036 384 2099 enirn
407 2033 634 2097 convenientes
664 2055 779 2098 causae
809 2035 958 2119 qualitati
985 2034 1159 2099 direximus
1188 2034 1326 2118 legatos,
1357 2030 1449 2117 quibus

210 2136 432 2221 praesentibus
451 2135 601 2219 initium,
631 2135 715 2220 quod
743 2136 892 2220 dedistis,
928 2136 1037 2221 gaudii
1066 2136 1169 2221 possit
1195 2134 1362 2200 secundnm
1385 2154 1448 2219 quac

211 2239 371 2303 mandatis
395 2238 602 2302 continentur
623 2237 760 2322 impleri.

718 2441 900 2545 Epistola
924 2440 973 2525 49

825 2595 874 2632 SOU

61 2695 153 2761 (1.519
163 2707 198 2742 m.
320 2689 515 2755 Indiculus‚
539 2702 642 2756 quem
664 2696 870 2758 acceperunt
891 2692 997 2761 legati
1018 2685 1160 2770 nostri¹)
1183 2693 1245 2761 qul
1265 2706 1371 2762 supra

94 2757 167 2824 lan.)
230 2824 296 2883 (laid
311 2823 337 2870 in
355 2820 472 2884 partitus
484 2819 653 2870 Orientalibus
672 2821 706 2885 (n.
722 2822 756 2886 1),
775 2825 837 2890 quid
849 2823 1070 2889 Constantinopoli
1086 2822 1123 2888 (n.
1136 2823 1172 2887 2),
1192 2825 1254 2890 quid
1263 2832 1320 2889 port
1331 2829 1439 2886 acceptat

247 2908 272 2955 in
290 2907 481 2955 caramanionem
498 2909 585 2969 repiac
604 2906 673 2956 urbis
691 2909 785 2958 (illosne
803 2910 938 2973 episcopos
955 2910 1019 2974 ipsis
1038 2911 1161 2975 rigentium
1177 2912 1218 2968 sil,
1238 2910 1336 2959 imerali
1352 2910 1383 2970 (a.
1394 2906 1423 2969 a).

300 3058 328 3119 1.
363 3055 467 3131 Quum
493 3055 562 3119 Deo
591 3057 730 3142 propitio
764 3061 874 3141 partes
904 3058 1087 3123 Orientales
1115 3060 1244 3124 fueritis
1271 3058 1410 3145 ingressi,
1431 3054 1451 3117 si

215 3161 269 3245 qui
293 3159 433 3244 episcopi
457 3157 545 3221 vobis
569 3158 781 3242 occurrerint,
807 3163 839 3223 et
860 3160 1019 3244 libellum,
1045 3162 1135 3245 cujus
1159 3162 1383 3226 continentiam
1400 3178 1452 3242 per·

216 3262 360 3346 cepistis,
391 3282 466 3323 asc
489 3260 705 3344 subscriptum
727 3261 840 3325 offerre
860 3263 1035 3346 voluerint,
1065 3263 1235 3348 suscipite,
1265 3264 1366 3348 cisque
1383 3279 1452 3345 prae

216 3367 288 3428 bete
312 3366 443 3427 sanctae
467 3362 698 3426 communionis
722 3364 927 3428 consortium.
965 3364 998 3429 Si
1021 3386 1095 3428 vero
1118 3369 1320 3430 occurrentes
1340 3358 1450 3448 episcopi

216 3489 268 3547 co,
298 3489 359 3548 quo
390 3465 534 3549 superius
557 3463 710 3547 diximus,
742 3465 852 3528 ordine
874 3466 1017 3548 profiteri
1038 3466 1217 3552 noluerint,
1247 3491 1267 3531 a
1287 3466 1369 3530 vobis
1387 3460 1451 3547 equi·

216 3568 287 3632 dem
309 3568 367 3632 sub
391 3566 580 3632 sacerdotali
603 3566 771 3632 affectione
794 3569 989 3632 tractentur:
1027 3569 1080 3633 sed
1110 3591 1212 3656 neque
1235 3569 1323 3634 vobis
1344 3568 1381 3632 sit
1399 3583 1451 3629 cun

283 3824 303 3890 ²)
322 3823 428 3892 Nempe
447 3823 618 3877 Justinianus
635 3821 737 3876 Justini
760 3839 793 3876 ex
816 3839 910 3878 sorore
933 3823 1033 3893 ipsius,
1057 3824 1089 3877 ut
1105 3824 1283 3880 Marcellinus
1304 3825 1332 3879 in
1351 3818 1451 3878 urana

216 3908 314 3974 tradit,
333 3925 419 3978 nepos
437 3910 505 3962 crat.
544 3906 712 3977 Simpliciter
730 3907 894 3977 aProcopio
912 3907 975 3961 hist.
996 3925 1088 3962 arcan.
1108 3915 1161 3963 ab
1180 3910 1283 3966 sororis
1296 3907 1385 3964 Justini
1399 3902 1451 3959 filius

218 4012 272 4048 una
289 4010 356 4048 roco
375 4009 477 4061 graeca
495 3991 673 4061 ἀδελφιδοῦς
692 3993 857 4062 appellatur.

285 4082 305 4144 ³)
323 4077 372 4130 Ed.
394 4083 429 4130 ad
443 4085 517 4145 pacis
580 4080 652 4144 (cunr
665 4076 711 4144 ΘΙ)
731 4083 857 4132 estortel.
888 4077 968 4141 Quod
984 4077 1012 4131 in
1030 4090 1122 4133 exoret
1140 4080 1316 4134 correximus
1349 4073 1451 4130 lanta

218 4163 297 4233 epist.
322 4167 354 4214 t'l
380 4167 520 4215 entorlans
542 4168 655 4228 fauorem
676 4178 727 4231 pro
751 4183 865 4216 exorans
885 4169 999 4228 savorem
1021 4164 1154 4221 recurret.
1195 4166 1288 4219 Antea
1304 4168 1328 4218 c‘
1353 4166 1384 4216 ad
1397 4174 1452 4227 pm

215 4254 325 4316 patalia,-
359 4262 414 4314 quo
449 4246 568 4300 admisso
601 4262 656 4300 non
691 4247 851 4316 displiceret
880 4251 905 4301 c⁷
935 4247 1107 4316 conjectura,
1144 4266 1200 4316 qna
1228 4248 1369 4319 legendum
1391 4240 1452 4314 putat

218 4340 338 4387 exsultet.

218 4424 250 4471 la
287 4419 306 4485 ¹)
324 4416 357 4469 Η.
378 4433 400 4469 c.
420 4432 488 4484 quos
511 4434 539 4470 se
563 4417 693 4472 direxisse
712 4417 748 4472 ad
771 4418 875 4472 calcem
893 4415 1042 4486 superioris
1060 4417 1198 4488 epistolae
1215 4416 1453 4481 meminisseque

219 4520 280 4554 rum
297 4502 409 4554 nomina
427 4518 545 4569 sequens
563 4502 680 4571 epistola
697 4521 722 4556 n.
737 4510 752 4555 l
770 4503 902 4571 aliaeque
915 4503 1047 4557 indicant.
1082 4504 1114 4556 ln
1126 4503 1248 4574 vulgatis
1264 4504 1324 4558 loco
1341 4504 1409 4554 nostrl
1421 4497 1454 4563 pa·

218 4608 308 4655 snpra,
332 4603 403 4655 quae
422 4603 456 4639 ex
474 4585 508 4639 G¹
528 4603 699 4655 revocamus,
719 4588 900 4642 substitutum
919 4590 979 4641 orat
997 4594 1153 4656 apostolicae
1171 4594 1250 4643 sedis.
1284 4586 1393 4657 Legatos
1406 4578 1452 4634 llll*

219 4689 280 4724 cum
299 4672 385 4725 Grato
405 4671 672 4742 Constantinopolim
694 4673 828 4726 redeunte
846 4672 890 4726 rel
912 4673 997 4727 otiam
1014 4672 1098 4742 paulo
1117 4675 1183 4728 ants
1202 4690 1237 4728 ex
1252 4672 1326 4728 Urba
1341 4666 1452 4741 prolati&

219 4773 291 4823 esse,
309 4756 433 4824 adeoque
451 4757 523 4812 banc
541 4775 574 4812 aa
591 4760 698 4828 septem
715 4759 914 4835 subseqnpntes
931 4758 1062 4828 epistolas
1080 4757 1180 4811 eodem
1196 4758 1255 4812 fera
1271 4759 1397 4826 tempere,
1411 4762 1452 4816 (Μ

219 4843 276 4895 tres
293 4842 461 4912 superiores,
483 4843 602 4896 traditas
625 4861 696 4901 csse.
720 4844 755 4897 ad
778 4844 925 4914 epistolam
947 4850 980 4898 46
1006 4841 1193 4913 probavimus.
1241 4841 1384 4896 Iadiculnm
1398 4835 1453 4889 hum

220 4943 281 4980 cam
299 4927 404 4998 priore,
422 4928 474 4982 hoc
493 4931 536 4982 cst
555 4945 616 4982 cam
635 4928 753 4999 epistola
771 4937 793 4996 7,
813 4932 937 4987 conferre
957 4946 1059 5004 operae
1076 4925 1199 4999 pretium
1216 4925 1306 4981 fuerit
