3204 5506
735 367 764 416 S.
780 364 987 418 flouutsnsu
1010 363 1126 412 PAPAE

787 553 970 657 Epistola
997 553 1077 637 136.

166 711 200 778 (a.
214 715 264 764 ⁶20
386 707 583 791 Epiphanii
607 706 996 789 constantinopolitani
1019 704 1063 771 ad
1086 705 1321 772 Hormisdam
1345 722 1480 789 papam.

156 779 273 913 θὲἒῗίῐ.)
329 848 365 898 De
381 847 501 912 precibus
520 846 696 905 Orientalium,
721 862 784 912 quas
801 847 942 911 imperator
964 845 1013 895 tibi
1029 846 1130 897 oblatas
1148 848 1186 897 ad
1202 862 1257 896 curn
1275 847 1356 905 nisit,
1384 861 1416 896 ne
1432 846 1528 910 differe
1561 855 1595 912 pl

656 931 761 996 aperire
779 932 841 997 quid
856 932 962 988 tendet,
982 932 1093 981 modeste
1111 939 1203 982 monet.

443 1063 612 1129 Domino
634 1084 716 1127 meo
744 1086 814 1149 per
835 1063 966 1128 omnia
994 1063 1159 1128 amabili
1182 1062 1266 1129 Deo
1292 1065 1555 1131 sanctissimo·

537 1189 607 1252 que
629 1166 753 1229 fratri
775 1169 814 1230 et
835 1164 1193 1230 comministratori
1215 1165 1456 1232 Hormisdae
1476 1167 1555 1252 Epi-

537 1268 711 1353 phanius
733 1266 945 1352 episcopus
968 1267 1008 1331 in
1030 1267 1195 1332 Domino
1218 1268 1406 1333 salutem.

376 1388 539 1464 Quantam
561 1387 762 1451 alacritatem
785 1389 841 1450 aut
863 1385 956 1470 quale
979 1385 1170 1451 desiderium
1184 1387 1353 1472 piissimus
1372 1392 1405 1452 et
1420 1386 1553 1454 Christis

291 1490 443 1556 missimus
465 1489 640 1574 imperator
663 1488 748 1553 circa
758 1489 782 1575 ¹)
811 1488 989 1571 perfectam
1016 1486 1196 1552 unitionem
1223 1489 1451 1554 universarum
1472 1489 1553 1554 eccle

291 1594 411 1657 siarum
439 1592 573 1674 habeat,
608 1612 673 1655 uon
696 1590 861 1654 voluntate
883 1592 1012 1653 tantum
1033 1588 1089 1654 sed
1111 1590 1262 1674 operibus
1291 1591 1390 1676 ipsis,
1425 1591 1553 1656 habitau-

291 1695 377 1759 tibus
399 1693 434 1757 in
456 1692 518 1758 hac
539 1693 631 1776 regia
653 1691 741 1775 urbe,
765 1695 798 1755 et
820 1695 994 1776 antequam
1016 1690 1056 1754 ad
1078 1712 1214 1776 reguum
1241 1692 1356 1758 aDeo
1377 1693 1440 1758 sibi
1461 1693 1553 1759 taam

291 1794 489 1880 perveniret,
518 1793 703 1877 ostendito.
760 1791 933 1858 Sanctitati
964 1795 1071 1856 autem
1097 1797 1224 1858 vestrae
1253 1815 1292 1858 ex
1323 1795 1503 1876 eorrectis³)
1521 1796 1553 1858 ab

291 1898 385 1962 initio
407 1897 501 1981 regni
524 1896 593 1978 ejus
615 1899 648 1959 et
669 1917 768 1978 usque
790 1917 878 1959 nune
906 1893 1068 1958 laboribus
1091 1894 1228 1958 maxime
1251 1896 1488 1979 manifestavit,
1509 1918 1553 1980 per

291 2022 370 2084 quos
392 1999 501 2062 omrja
524 1998 701 2062 catholicae
723 1996 887 2060 Ecclesiae
909 1996 1053 2060 membra
1074 1995 1109 2059 in
1131 2018 1233 2060 uuum
1248 1996 1384 2062 Domini
1408 2002 1441 2063 et
1461 1997 1552 2064 Salsa·

292 2101 371 2165 toris
393 2124 435 2164 no
456 2099 497 2164 tri
518 2098 596 2163 Jesu
620 2097 737 2164 Christi
761 2120 876 2182 corpus
900 2120 971 2162 cum
994 2102 1142 2181 prompto
1164 2098 1282 2162 nititur
1305 2100 1417 2165 animo
1439 2101 1554 2183 conjun-

293 2224 383 2289 gere3
417 2207 445 2266 ei
472 2201 548 2286 quid
570 2221 649 2285 opus
671 2205 721 2264 est
743 2201 847 2265 verbis
875 2202 922 2264 uti
949 2199 1097 2284 prolixis,
1132 2201 1186 2284 qui
1214 2200 1311 2266 rebus
1333 2201 1431 2286 ipsis,
1459 2224 1552 2288 qusu-

292 2304 421 2389 quam⁴)
444 2324 503 2367 nos
526 2302 592 2366 veri
615 2305 731 2385 testes,
755 2302 907 2367 exsistere
929 2301 1115 2366 valeamus?
1150 2301 1261 2367 Habet
1282 2306 1397 2368 tamen
1419 2308 1451 2369 et
1464 2309 1554 2368 vestra

293 2405 449 2470 sanctitas
478 2404 748 2490 experimentum,
782 2403 866 2489 quod
894 2407 927 2468 et
952 2425 1011 2488 per
1039 2426 1072 2468 se
1100 2403 1170 2489 ipsa
1193 2405 1364 2490 cognovit:
1404 2406 1554 2471 coufirmat

294 2507 421 2592 quidem
443 2505 523 2571 haee
545 2506 628 2590 quod
651 2509 685 2570 et
704 2526 793 2570 nunc
815 2505 954 2569 additur.
1004 2505 1090 2569 Nam
1111 2506 1255 2590 quidam,
1287 2507 1343 2591 qui
1372 2508 1432 2572 sub
1458 2512 1554 2593 poten-

294 2609 419 2674 tissima
442 2609 511 2692 ejus
532 2630 631 2672 manu
646 2611 733 2691 sunt,
757 2606 1070 2692 religiosissimorum
1084 2608 1287 2673 sacerdotum
1302 2631 1341 2673 ex
1357 2609 1554 2675 Orientalium

293 2710 434 2796 partium
457 2708 643 2794 regionibus
665 2729 776 2793 preces
798 2711 1025 2793 porrexerunt,
1054 2709 1205 2774 docentes
1227 2711 1266 2774 de
1288 2710 1340 2775 his
1363 2734 1446 2797 quae
1466 2711 1554 2776 solue

293 2816 381 2877 runt.
424 2810 494 2877 Nec
516 2811 577 2875 hoc
599 2811 700 2876 latere
721 2813 862 2875 vestram
883 2811 994 2876 volens
1016 2813 1239 2895 sanctitatem,
1263 2813 1348 2878 bene
1372 2814 1554 2895 deliberarit,
1581 2848 1585 2857 ·

170 2933 280 2997 epiro.
294 2918 331 2979 ut
353 2912 436 2999 quod
454 2913 524 2997 jam
545 2913 669 2978 factum
691 2915 755 2996 est,
780 2914 814 2978 iu
836 2914 998 2999 praesenti
1021 2914 1227 2979 denuntiaret
1241 2919 1372 2980 vestrae
1391 2915 1555 2996 sanctitati3

294 3017 390 3103 paulo
412 3019 487 3102 post
508 3016 546 3079 de
570 3036 607 3079 ea
629 3014 679 3079 his
701 3015 905 3080 manifestius
928 3015 1162 3101 significares:
1184 3019 1222 3080 ut
1238 3018 1404 3083 communi
1426 3017 1554 3100 consilio,

294 3119 508 3204 praecedente
530 3117 672 3181 omnium
694 3116 834 3181 Domino
862 3120 895 3181 et
917 3116 1082 3182 Salvatore
1110 3121 1221 3183 nostro
1243 3118 1325 3184 Jesu
1348 3119 1490 3203 Christo,
1514 3142 1553 3201 ets,

294 3244 375 3306 quae
398 3220 438 3284 ad
460 3219 635 3284 utilitatem
658 3241 859 3284 communem
882 3219 1078 3284 conveniunt
1105 3223 1138 3284 et
1163 3220 1305 3306 undique
1333 3226 1412 3288 sunt
1437 3225 1553 3306 irrepta

296 3399 343 3447 136
380 3395 399 3460 ¹)
418 3393 461 3445 lta
482 3389 596 3444 indubie
620 3389 772 3444 secundum
793 3388 1002 3444 similitudinem
1019 3406 1063 3459 ep.
1083 3396 1132 3445 130
1152 3396 1211 3444 nl
1237 3391 1511 3462 coneximusfquod
1525 3389 1551 3444 G¹

294 3476 538 3627 cm’tfllahtrbb·
553 3578 665 3615 eausam
687 3559 741 3614 sibi
762 3560 829 3614 tunc
848 3558 989 3614 anastasii
1006 3559 1126 3628 Augusti
1148 3559 1428 3625 odium'coucitarit,
1450 3561 1550 3617 adeost

294 3645 354 3713 ejus
373 3644 453 3713 jussu
478 3646 705 3715 comprehensus,
728 3645 813 3699 etiam
835 3662 924 3699 novae
948 3644 1066 3714 alicujus
1087 3643 1303 3700 machinationis
1326 3647 1444 3703 obtentu
1461 3648 1549 3701 Zousn

294 3732 323 3784 et
341 3729 466 3785 Cedreno
483 3731 603 3785 testibus
620 3729 827 3785 interficiendus
845 3731 931 3796 esset,
958 3729 1011 3783 nisi
1027 3729 1226 3800 imperatorem
1248 3729 1344 3802 ipsum
1361 3731 1435 3787 Deus
1455 3750 1502 3802 per
1519 3746 1549 3783 to

294 3833 388 3869 mnam
408 3833 425 3869 a
443 3816 522 3869 tanto
540 3815 648 3883 flagitio
667 3814 854 3869 deterruisset.

360 3904 382 3969 ³)
401 3900 538 3955 Graecum
556 3917 624 3968 prae
644 3918 672 3953 se
690 3899 787 3953 tulisse
807 3899 994 3968 conjectamus
1012 3896 1258 3971 κατωρθωμένων,
1278 3903 1356 3971 quod
1374 3903 1459 3958 latine
1475 3901 1548 3972 aptius

294 3987 503 4040 converteretur
519 3991 645 4054 susceptis
664 4002 748 4052 quam
766 3991 901 4047 correctis,
921 3985 1026 4039 scilicet
1043 3990 1179 4040 tatoribus.
1246 4049 1259 4070 ι

360 4075 381 4139 ⁴)
400 4071 454 4125 Pro
472 4071 519 4123 illo
538 4090 689 4140 quamquam
706 4069 889 4138 interpretem
901 4069 1020 4125 dictasse
1033 4071 1202 4125 arbitramur
1215 4084 1343 4143 tmnqaan
1356 4090 1390 4128 ex
1401 4073 1503 4130 Graeco
1512 4066 1547 4132 ⁰33-

294 4155 400 4211 Clarius
417 4155 573 4225 legeretur:
593 4177 664 4224 qnam
677 4175 761 4208 reram
773 4163 885 4223 ipsarum
898 4174 944 4209 nos
955 4161 1010 4209 aeri
1021 4167 1097 4209 testes
1117 4163 1168 4210 etc.
1189 4187 1221 4195 -
1239 4157 1307 4211 Mox
1325 4159 1394 4214 bcc
1410 4164 1549 4230 pererrem

292 4247 416 4311 copnooit.

360 4328 381 4395 ὁ)
399 4329 428 4380 at
444 4330 585 4394 ripnrflcate
603 4324 766 4378 mutandum
779 4325 892 4391 suadet,
911 4324 985 4393 quod
997 4325 1034 4379 ad
1049 4341 1201 4396 personam
1211 4327 1383 4384 Hormisdaa
1394 4327 1548 4385 referendus

292 4412 372 4467 toret.
410 4409 465 4465 Sed
482 4409 584 4465 rectius
603 4409 739 4464 retinetur
756 4416 900 4480 amarificare
919 4413 948 4465 et
965 4410 1002 4464 ad
1018 4426 1167 4481 personam
1184 4410 1289 4467 Justini
1307 4414 1442 4483 refertam,
1457 4413 1508 4468 sul
1521 4407 1549 4464 nd

291 4497 417 4567 superius
439 4503 525 4551 votens
547 4495 591 4550 vel
613 4500 762 4550 deliberavit
784 4495 946 4566 respiciens,
969 4495 999 4549 id
1022 4496 1097 4563 quod
1118 4495 1146 4550 in
1169 4512 1273 4567 graeco
1297 4500 1431 4554 contextu
1452 4514 1502 4554 nou
1518 4495 1549 4548 ita

292 4583 361 4636 dura
378 4583 468 4636 sonat.
487 4611 519 4620 -
536 4581 601 4634 Mox
619 4597 674 4634 non
692 4581 786 4650 placet
803 4582 922 4636 mutatio
935 4585 961 4635 οἵ
973 4598 1030 4651 seq.
1043 4587 1165 4638 manant·
1175 4588 1298 4646 concilia,
1317 4601 1406 4654 quum
1417 4585 1452 4640 de
1462 4578 1548 4654 φάο

292 4667 398 4721 nullum
410 4665 583 4737 Epiphanius
597 4682 754 4721 sermonem
771 4666 883 4721 habeat.
914 4667 1021 4722 Deinde
1037 4675 1202 4736 praelucente
1220 4667 1338 4724 mallem
1357 4687 1442 4740 quam
1458 4684 1549 4739 praetr

291 4760 380 4818 dente,
399 4753 447 4806 aut
464 4751 505 4805 ibi
521 4758 693 4820 praecedente
712 4750 781 4805 nihil
804 4751 879 4806 aliud
902 4754 994 4819 sonat,
1017 4768 1101 4821 quam
1123 4751 1152 4805 in
1177 4751 1222 4806 his
1243 4752 1401 4811 Jmtinirni
1421 4754 1494 4826 epist
1511 4754 1549 4804 nt

290 4856 317 4891 n.
337 4844 352 4891 2
372 4858 436 4906 quae
457 4843 629 4905 praecedente
648 4858 759 4906 superno
777 4844 909 4908 praecidio
927 4845 1063 4893 statuente
1080 4844 1241 4902 cameriam,
1261 4841 1295 4894 ut
1312 4841 1368 4897 boc
1383 4841 1467 4897 verbo
1486 4850 1548 4909 pn?

291 4921 403 4976 veniens
421 4921 473 4976 Die
492 4922 662 4992 adjutorium
681 4923 857 4993 significetur.
