<?xml version="1.0" encoding="UTF-8"?>
<!DOCTYPE html PUBLIC "-//W3C//DTD XHTML 1.0 Transitional//EN"
    "http://www.w3.org/TR/xhtml1/DTD/xhtml1-transitional.dtd">
<html xmlns="http://www.w3.org/1999/xhtml" xml:lang="en" lang="en">
 <head>
  <title>
</title>
<meta http-equiv="Content-Type" content="text/html;charset=utf-8" />
  <meta name='ocr-system' content='tesseract 3.04.00' />
  <meta name='ocr-capabilities' content='ocr_page ocr_carea ocr_par ocr_line ocrx_word'/>
</head>
<body>
  <div class='ocr_page' id='page_1' title='image "./epistolaeromano00thiegoog/epistolaeromano00thiegoog_0670.png"; bbox 0 0 3204 5506; ppageno 0'>
   <div class='ocr_carea' id='block_1_1' title="bbox 666 350 1406 436">
    <p class='ocr_par' dir='ltr' id='par_1_1' title="bbox 666 350 1406 436">
     <span class='ocr_line' id='line_1_1' title="bbox 666 350 1406 436; baseline 0 -22"><span class='ocrx_word' id='word_1_1' title='bbox 666 369 835 417; x_wconf 70' lang='lat' dir='ltr'>anisacar</span> <span class='ocrx_word' id='word_1_2' title='bbox 861 361 889 415; x_wconf 93' lang='lat'>1.</span> <span class='ocrx_word' id='word_1_3' title='bbox 1347 350 1406 436; x_wconf 71' lang='grc'><strong>621</strong></span> 
     </span>
    </p>
   </div>
   <div class='ocr_carea' id='block_1_2' title="bbox 135 519 1557 1523">
    <p class='ocr_par' dir='ltr' id='par_1_2' title="bbox 135 519 1538 705">
     <span class='ocr_line' id='line_1_2' title="bbox 135 519 1538 605; baseline -0.002 -23"><span class='ocrx_word' id='word_1_4' title='bbox 135 540 222 602; x_wconf 92' lang='lat' dir='ltr'>quos</span> <span class='ocrx_word' id='word_1_5' title='bbox 253 519 430 604; x_wconf 85' lang='lat' dir='ltr'>baptizavit</span> <span class='ocrx_word' id='word_1_6' title='bbox 451 521 589 584; x_wconf 83' lang='lat' dir='ltr'>Aeacius</span> <span class='ocrx_word' id='word_1_7' title='bbox 616 522 665 584; x_wconf 82' lang='lat' dir='ltr'>rel</span> <span class='ocrx_word' id='word_1_8' title='bbox 694 544 771 605; x_wconf 90' lang='lat' dir='ltr'>quos</span> <span class='ocrx_word' id='word_1_9' title='bbox 801 521 980 585; x_wconf 78' lang='lat' dir='ltr'>sacerdotes</span> <span class='ocrx_word' id='word_1_10' title='bbox 1008 520 1074 582; x_wconf 87' lang='lat' dir='ltr'>sive</span> <span class='ocrx_word' id='word_1_11' title='bbox 1099 519 1211 582; x_wconf 85' lang='lat' dir='ltr'>levitas</span> <span class='ocrx_word' id='word_1_12' title='bbox 1234 519 1538 604; x_wconf 62' lang='lat' dir='ltr'>secundumtatss.)</span> 
     </span>
     <span class='ocr_line' id='line_1_3' title="bbox 138 621 1407 705; baseline 0.002 -23"><span class='ocrx_word' id='word_1_13' title='bbox 138 643 287 686; x_wconf 80' lang='lat' dir='ltr'>canones</span> <span class='ocrx_word' id='word_1_14' title='bbox 308 621 478 705; x_wconf 90' lang='lat' dir='ltr'>ordinavit,</span> <span class='ocrx_word' id='word_1_15' title='bbox 502 623 567 685; x_wconf 91' lang='lat' dir='ltr'>ulla</span> <span class='ocrx_word' id='word_1_16' title='bbox 590 646 642 686; x_wconf 91' lang='lat' dir='ltr'>eos</span> <span class='ocrx_word' id='word_1_17' title='bbox 666 645 704 686; x_wconf 87' lang='lat' dir='ltr'>ex</span> <span class='ocrx_word' id='word_1_18' title='bbox 726 623 855 686; x_wconf 91' lang='lat' dir='ltr'>nomine</span> <span class='ocrx_word' id='word_1_19' title='bbox 877 623 989 686; x_wconf 90' lang='lat' dir='ltr'>Aeacii</span> <span class='ocrx_word' id='word_1_20' title='bbox 1011 621 1116 705; x_wconf 90' lang='lat' dir='ltr'>portio</span> <span class='ocrx_word' id='word_1_21' title='bbox 1138 621 1288 684; x_wconf 91' lang='lat' dir='ltr'>laesionis</span> <span class='ocrx_word' id='word_1_22' title='bbox 1311 621 1407 685; x_wconf 88' lang='lat' dir='ltr'>attin·</span> 
     </span>
    </p>

    <p class='ocr_par' dir='ltr' id='par_1_3' title="bbox 138 722 1431 912">
     <span class='ocr_line' id='line_1_4' title="bbox 138 722 1408 808; baseline 0.002 -24"><span class='ocrx_word' id='word_1_23' title='bbox 138 726 211 805; x_wconf 86' lang='lat' dir='ltr'>gat,</span> <span class='ocrx_word' id='word_1_24' title='bbox 235 744 297 806; x_wconf 90' lang='lat' dir='ltr'>quo</span> <span class='ocrx_word' id='word_1_25' title='bbox 319 723 455 787; x_wconf 80' lang='lat' dir='ltr'>forsitan</span> <span class='ocrx_word' id='word_1_26' title='bbox 479 746 536 807; x_wconf 90' lang='lat' dir='ltr'>per</span> <span class='ocrx_word' id='word_1_27' title='bbox 558 725 703 808; x_wconf 90' lang='lat' dir='ltr'>iniquum</span> <span class='ocrx_word' id='word_1_28' title='bbox 725 725 844 788; x_wconf 89' lang='lat' dir='ltr'>tradita</span> <span class='ocrx_word' id='word_1_29' title='bbox 866 723 1059 788; x_wconf 77' lang='lat' dir='ltr'>sacramenti</span> <span class='ocrx_word' id='word_1_30' title='bbox 1074 723 1180 807; x_wconf 84' lang='lat' dir='ltr'>gratia</span> <span class='ocrx_word' id='word_1_31' title='bbox 1195 722 1300 787; x_wconf 90' lang='lat' dir='ltr'>minus</span> <span class='ocrx_word' id='word_1_32' title='bbox 1316 723 1408 787; x_wconf 84' lang='lat' dir='ltr'>firma</span> 
     </span>
     <span class='ocr_line' id='line_1_5' title="bbox 139 824 1431 912; baseline 0.005 -25"><span class='ocrx_word' id='word_1_33' title='bbox 139 824 298 888; x_wconf 83' lang='lat' dir='ltr'>videatur.</span> <span class='ocrx_word' id='word_1_34' title='bbox 345 824 429 888; x_wconf 92' lang='lat' dir='ltr'>Nam</span> <span class='ocrx_word' id='word_1_35' title='bbox 452 828 484 889; x_wconf 89' lang='lat' dir='ltr'>ct</span> <span class='ocrx_word' id='word_1_36' title='bbox 506 826 710 911; x_wconf 81' lang='lat' dir='ltr'>baptismum,</span> <span class='ocrx_word' id='word_1_37' title='bbox 735 829 818 912; x_wconf 93' lang='lat' dir='ltr'>quod</span> <span class='ocrx_word' id='word_1_38' title='bbox 840 826 950 910; x_wconf 84' lang='lat' dir='ltr'>procul</span> <span class='ocrx_word' id='word_1_39' title='bbox 972 825 1064 910; x_wconf 63' lang='lat' dir='ltr'>sit-²¹)</span> <span class='ocrx_word' id='word_1_40' title='bbox 1087 825 1127 888; x_wconf 90' lang='lat' dir='ltr'>ab</span> <span class='ocrx_word' id='word_1_41' title='bbox 1150 825 1311 908; x_wconf 80' lang='lat' dir='ltr'>Ecclesia,</span> <span class='ocrx_word' id='word_1_42' title='bbox 1341 825 1431 894; x_wconf 86' lang='lat' dir='ltr'>sive.</span> 
     </span>
    </p>

    <p class='ocr_par' dir='ltr' id='par_1_4' title="bbox 140 925 1407 1012">
     <span class='ocr_line' id='line_1_6' title="bbox 140 925 1407 1012; baseline 0.001 -24"><span class='ocrx_word' id='word_1_43' title='bbox 140 925 183 1007; x_wconf 79' lang='lat' dir='ltr'>ab</span> <span class='ocrx_word' id='word_1_44' title='bbox 207 926 350 990; x_wconf 87' lang='lat' dir='ltr'>adultero</span> <span class='ocrx_word' id='word_1_45' title='bbox 373 927 420 991; x_wconf 90' lang='lat' dir='ltr'>vel</span> <span class='ocrx_word' id='word_1_46' title='bbox 452 951 470 991; x_wconf 91' lang='lat' dir='ltr'>a</span> <span class='ocrx_word' id='word_1_47' title='bbox 496 928 567 991; x_wconf 86' lang='lat' dir='ltr'>fure</span> <span class='ocrx_word' id='word_1_48' title='bbox 589 928 688 992; x_wconf 89' lang='lat' dir='ltr'>fuerit</span> <span class='ocrx_word' id='word_1_49' title='bbox 709 929 837 1012; x_wconf 87' lang='lat' dir='ltr'>datum,</span> <span class='ocrx_word' id='word_1_50' title='bbox 872 930 912 991; x_wconf 89' lang='lat' dir='ltr'>ad</span> <span class='ocrx_word' id='word_1_51' title='bbox 940 926 1169 1011; x_wconf 77' lang='lat' dir='ltr'>percipientem</span> <span class='ocrx_word' id='word_1_52' title='bbox 1197 949 1312 990; x_wconf 91' lang='lat' dir='ltr'>munus</span> <span class='ocrx_word' id='word_1_53' title='bbox 1337 948 1407 1010; x_wconf 89' lang='lat' dir='ltr'>per·</span> 
     </span>
    </p>

    <p class='ocr_par' dir='ltr' id='par_1_5' title="bbox 138 1027 1557 1317">
     <span class='ocr_line' id='line_1_7' title="bbox 139 1027 1407 1115; baseline 0.002 -26"><span class='ocrx_word' id='word_1_54' title='bbox 139 1027 232 1091; x_wconf 84' lang='lat' dir='ltr'>venit</span> <span class='ocrx_word' id='word_1_55' title='bbox 253 1027 426 1091; x_wconf 91' lang='lat' dir='ltr'>illibatum:</span> <span class='ocrx_word' id='word_1_56' title='bbox 454 1031 529 1113; x_wconf 89' lang='lat' dir='ltr'>quia</span> <span class='ocrx_word' id='word_1_57' title='bbox 551 1053 611 1093; x_wconf 84' lang='lat' dir='ltr'>vox</span> <span class='ocrx_word' id='word_1_58' title='bbox 634 1030 704 1112; x_wconf 89' lang='lat' dir='ltr'>illa,</span> <span class='ocrx_word' id='word_1_59' title='bbox 734 1053 814 1115; x_wconf 87' lang='lat' dir='ltr'>qnae</span> <span class='ocrx_word' id='word_1_60' title='bbox 841 1053 898 1114; x_wconf 90' lang='lat' dir='ltr'>per</span> <span class='ocrx_word' id='word_1_61' title='bbox 922 1029 1099 1093; x_wconf 88' lang='lat' dir='ltr'>columbam</span> <span class='ocrx_word' id='word_1_62' title='bbox 1122 1029 1245 1111; x_wconf 86' lang='lat' dir='ltr'>sonuit,</span> <span class='ocrx_word' id='word_1_63' title='bbox 1280 1051 1407 1092; x_wconf 91' lang='lat' dir='ltr'>omnem</span> 
     </span>
     <span class='ocr_line' id='line_1_8' title="bbox 138 1129 1557 1216; baseline 0.001 -25"><span class='ocrx_word' id='word_1_64' title='bbox 138 1130 300 1194; x_wconf 86' lang='lat' dir='ltr'>maculam</span> <span class='ocrx_word' id='word_1_65' title='bbox 323 1129 482 1194; x_wconf 87' lang='lat' dir='ltr'>humanae</span> <span class='ocrx_word' id='word_1_66' title='bbox 504 1132 690 1216; x_wconf 81' lang='lat' dir='ltr'>pollutionis</span> <span class='ocrx_word' id='word_1_67' title='bbox 713 1132 862 1213; x_wconf 84' lang='lat' dir='ltr'>excludit,</span> <span class='ocrx_word' id='word_1_68' title='bbox 886 1131 995 1215; x_wconf 65' lang='lat' dir='ltr'>qua2&#39;3)</span> <span class='ocrx_word' id='word_1_69' title='bbox 1019 1131 1198 1194; x_wconf 88' lang='lat' dir='ltr'>declaratur</span> <span class='ocrx_word' id='word_1_70' title='bbox 1221 1153 1258 1194; x_wconf 90' lang='lat' dir='ltr'>ac</span> <span class='ocrx_word' id='word_1_71' title='bbox 1275 1130 1557 1206; x_wconf 78' lang='lat' dir='ltr'>dicitur2Luc.3,16.</span> 
     </span>
     <span class='ocr_line' id='line_1_9' title="bbox 138 1231 1406 1317; baseline 0.001 -23"><span class='ocrx_word' id='word_1_72' title='bbox 138 1236 201 1295; x_wconf 87' lang='lat' dir='ltr'>Hie</span> <span class='ocrx_word' id='word_1_73' title='bbox 222 1245 266 1295; x_wconf 86' lang='lat' dir='ltr'>est</span> <span class='ocrx_word' id='word_1_74' title='bbox 287 1240 340 1311; x_wconf 79' lang='lat' dir='ltr'>qui</span> <span class='ocrx_word' id='word_1_75' title='bbox 360 1239 498 1312; x_wconf 80' lang='lat' dir='ltr'>baptizat</span> <span class='ocrx_word' id='word_1_76' title='bbox 519 1234 598 1317; x_wconf 61' lang='grc'><strong>11131)</strong></span> <span class='ocrx_word' id='word_1_77' title='bbox 623 1239 741 1314; x_wconf 76' lang='lat' dir='ltr'>Spiritu</span> <span class='ocrx_word' id='word_1_78' title='bbox 763 1248 791 1299; x_wconf 86' lang='lat' dir='ltr'>et</span> <span class='ocrx_word' id='word_1_79' title='bbox 807 1241 885 1312; x_wconf 79' lang='lat' dir='ltr'>ipae.</span> <span class='ocrx_word' id='word_1_80' title='bbox 927 1232 1011 1296; x_wconf 89' lang='lat' dir='ltr'>Nam</span> <span class='ocrx_word' id='word_1_81' title='bbox 1034 1234 1061 1297; x_wconf 93' lang='lat' dir='ltr'>si</span> <span class='ocrx_word' id='word_1_82' title='bbox 1076 1232 1209 1296; x_wconf 87' lang='lat' dir='ltr'>visibilis</span> <span class='ocrx_word' id='word_1_83' title='bbox 1224 1232 1300 1296; x_wconf 90' lang='lat' dir='ltr'>solis</span> <span class='ocrx_word' id='word_1_84' title='bbox 1314 1231 1406 1297; x_wconf 91' lang='lat' dir='ltr'>istius</span> 
     </span>
    </p>

    <p class='ocr_par' dir='ltr' id='par_1_6' title="bbox 137 1332 1406 1418">
     <span class='ocr_line' id='line_1_10' title="bbox 137 1332 1406 1418; baseline 0.002 -23"><span class='ocrx_word' id='word_1_85' title='bbox 137 1332 232 1415; x_wconf 90' lang='lat' dir='ltr'>radii,</span> <span class='ocrx_word' id='word_1_86' title='bbox 257 1355 354 1418; x_wconf 89' lang='lat' dir='ltr'>quum</span> <span class='ocrx_word' id='word_1_87' title='bbox 368 1355 425 1417; x_wconf 90' lang='lat' dir='ltr'>per</span> <span class='ocrx_word' id='word_1_88' title='bbox 439 1333 509 1398; x_wconf 90' lang='lat' dir='ltr'>loca</span> <span class='ocrx_word' id='word_1_89' title='bbox 524 1335 734 1400; x_wconf 87' lang='lat' dir='ltr'>foetidissima</span> <span class='ocrx_word' id='word_1_90' title='bbox 756 1339 935 1417; x_wconf 91' lang='lat' dir='ltr'>transeunt,</span> <span class='ocrx_word' id='word_1_91' title='bbox 960 1334 1048 1398; x_wconf 87' lang='lat' dir='ltr'>nulla</span> <span class='ocrx_word' id='word_1_92' title='bbox 1072 1337 1238 1399; x_wconf 89' lang='lat' dir='ltr'>contactus</span> <span class='ocrx_word' id='word_1_93' title='bbox 1259 1334 1406 1418; x_wconf 89' lang='lat' dir='ltr'>inquina-</span> 
     </span>
    </p>

    <p class='ocr_par' dir='ltr' id='par_1_7' title="bbox 135 1435 1406 1523">
     <span class='ocr_line' id='line_1_11' title="bbox 135 1435 1406 1523; baseline 0.002 -27"><span class='ocrx_word' id='word_1_94' title='bbox 135 1435 228 1498; x_wconf 88' lang='lat' dir='ltr'>tione</span> <span class='ocrx_word' id='word_1_95' title='bbox 250 1436 462 1519; x_wconf 89' lang='lat' dir='ltr'>maculantur,</span> <span class='ocrx_word' id='word_1_96' title='bbox 486 1438 586 1502; x_wconf 91' lang='lat' dir='ltr'>multo</span> <span class='ocrx_word' id='word_1_97' title='bbox 608 1439 712 1523; x_wconf 86' lang='lat' dir='ltr'>magis</span> <span class='ocrx_word' id='word_1_98' title='bbox 735 1439 830 1521; x_wconf 90' lang='lat' dir='ltr'>illius,</span> <span class='ocrx_word' id='word_1_99' title='bbox 859 1438 913 1521; x_wconf 91' lang='lat' dir='ltr'>qui</span> <span class='ocrx_word' id='word_1_100' title='bbox 935 1438 1032 1500; x_wconf 88' lang='lat' dir='ltr'>istam</span> <span class='ocrx_word' id='word_1_101' title='bbox 1054 1437 1211 1501; x_wconf 86' lang='lat' dir='ltr'>risibilem</span> <span class='ocrx_word' id='word_1_102' title='bbox 1233 1437 1321 1519; x_wconf 86' lang='lat' dir='ltr'>fecit,</span> <span class='ocrx_word' id='word_1_103' title='bbox 1345 1437 1406 1500; x_wconf 86' lang='lat' dir='ltr'>rir-</span> 
     </span>
    </p>
   </div>
   <div class='ocr_carea' id='block_1_3' title="bbox 65 1605 1406 4999">
    <p class='ocr_par' dir='ltr' id='par_1_8' title="bbox 65 1605 1406 4306">
     <span class='ocr_line' id='line_1_12' title="bbox 134 1605 1406 1675; baseline 0 -17"><span class='ocrx_word' id='word_1_104' title='bbox 134 1610 168 1658; x_wconf 81' lang='lat' dir='ltr'>ad</span> <span class='ocrx_word' id='word_1_105' title='bbox 188 1612 297 1660; x_wconf 84' lang='lat' dir='ltr'>ecelesia</span> <span class='ocrx_word' id='word_1_106' title='bbox 319 1611 430 1661; x_wconf 77' lang='lat' dir='ltr'>Romana</span> <span class='ocrx_word' id='word_1_107' title='bbox 452 1613 615 1675; x_wconf 84' lang='lat' dir='ltr'>repudiatur,</span> <span class='ocrx_word' id='word_1_108' title='bbox 640 1618 663 1661; x_wconf 84' lang='lat' dir='ltr'>et</span> <span class='ocrx_word' id='word_1_109' title='bbox 682 1629 698 1661; x_wconf 89' lang='lat' dir='ltr'>a</span> <span class='ocrx_word' id='word_1_110' title='bbox 716 1613 771 1662; x_wconf 89' lang='lat' dir='ltr'>Deo</span> <span class='ocrx_word' id='word_1_111' title='bbox 793 1628 928 1675; x_wconf 86' lang='lat' dir='ltr'>percussus</span> <span class='ocrx_word' id='word_1_112' title='bbox 946 1612 1046 1674; x_wconf 82' lang='lat' dir='ltr'>tepitur.</span> <span class='ocrx_word' id='word_1_113' title='bbox 1083 1606 1143 1660; x_wconf 89' lang='lat' dir='ltr'>Hoc</span> <span class='ocrx_word' id='word_1_114' title='bbox 1161 1606 1291 1659; x_wconf 87' lang='lat' dir='ltr'>nimirum</span> <span class='ocrx_word' id='word_1_115' title='bbox 1310 1605 1406 1659; x_wconf 85' lang='lat' dir='ltr'>scribit</span> 
     </span>
     <span class='ocr_line' id='line_1_13' title="bbox 133 1689 1406 1761; baseline 0.001 -19"><span class='ocrx_word' id='word_1_116' title='bbox 133 1689 290 1744; x_wconf 83' lang='lat' dir='ltr'>Gratianus</span> <span class='ocrx_word' id='word_1_117' title='bbox 312 1691 389 1744; x_wconf 87' lang='lat' dir='ltr'>falsis</span> <span class='ocrx_word' id='word_1_118' title='bbox 411 1693 494 1759; x_wconf 88' lang='lat' dir='ltr'>atque</span> <span class='ocrx_word' id='word_1_119' title='bbox 512 1692 640 1745; x_wconf 78' lang='lat' dir='ltr'>absurdis</span> <span class='ocrx_word' id='word_1_120' title='bbox 658 1692 722 1745; x_wconf 89' lang='lat' dir='ltr'>libri</span> <span class='ocrx_word' id='word_1_121' title='bbox 739 1692 905 1761; x_wconf 87' lang='lat' dir='ltr'>pontificalis</span> <span class='ocrx_word' id='word_1_122' title='bbox 927 1692 1012 1759; x_wconf 85' lang='lat' dir='ltr'>gestis</span> <span class='ocrx_word' id='word_1_123' title='bbox 1030 1692 1172 1760; x_wconf 88' lang='lat' dir='ltr'>deceptus.</span> <span class='ocrx_word' id='word_1_124' title='bbox 1209 1691 1311 1744; x_wconf 91' lang='lat' dir='ltr'>Verum</span> <span class='ocrx_word' id='word_1_125' title='bbox 1334 1691 1406 1744; x_wconf 88' lang='lat' dir='ltr'>hanc</span> 
     </span>
     <span class='ocr_line' id='line_1_14' title="bbox 132 1774 1405 1846; baseline 0.001 -19"><span class='ocrx_word' id='word_1_126' title='bbox 132 1774 285 1844; x_wconf 85' lang='lat' dir='ltr'>epistolam</span> <span class='ocrx_word' id='word_1_127' title='bbox 302 1791 357 1828; x_wconf 93' lang='lat' dir='ltr'>non</span> <span class='ocrx_word' id='word_1_128' title='bbox 376 1776 470 1842; x_wconf 91' lang='lat' dir='ltr'>modo,</span> <span class='ocrx_word' id='word_1_129' title='bbox 495 1776 536 1829; x_wconf 91' lang='lat' dir='ltr'>uti</span> <span class='ocrx_word' id='word_1_130' title='bbox 555 1777 614 1844; x_wconf 83' lang='lat' dir='ltr'>jam</span> <span class='ocrx_word' id='word_1_131' title='bbox 634 1776 851 1842; x_wconf 77' lang='lat' dir='ltr'>oliservavimus,</span> <span class='ocrx_word' id='word_1_132' title='bbox 875 1792 931 1830; x_wconf 90' lang='lat' dir='ltr'>non</span> <span class='ocrx_word' id='word_1_133' title='bbox 955 1776 1112 1846; x_wconf 70' lang='lat' dir='ltr'>repudiarit</span> <span class='ocrx_word' id='word_1_134' title='bbox 1135 1775 1252 1830; x_wconf 89' lang='lat' dir='ltr'>ccclesia</span> <span class='ocrx_word' id='word_1_135' title='bbox 1269 1775 1405 1841; x_wconf 85' lang='lat' dir='ltr'>Romana,</span> 
     </span>
     <span class='ocr_line' id='line_1_15' title="bbox 131 1859 1405 1931; baseline 0 -19"><span class='ocrx_word' id='word_1_136' title='bbox 131 1859 185 1913; x_wconf 90' lang='lat' dir='ltr'>sed</span> <span class='ocrx_word' id='word_1_137' title='bbox 205 1862 235 1913; x_wconf 90' lang='lat' dir='ltr'>et</span> <span class='ocrx_word' id='word_1_138' title='bbox 246 1860 400 1914; x_wconf 88' lang='lat' dir='ltr'>Nicolansl</span> <span class='ocrx_word' id='word_1_139' title='bbox 419 1861 574 1929; x_wconf 79' lang='lat' dir='ltr'>aBnlgaris</span> <span class='ocrx_word' id='word_1_140' title='bbox 593 1862 626 1916; x_wconf 92' lang='lat' dir='ltr'>de</span> <span class='ocrx_word' id='word_1_141' title='bbox 644 1862 796 1931; x_wconf 87' lang='lat' dir='ltr'>baptismo,</span> <span class='ocrx_word' id='word_1_142' title='bbox 816 1879 898 1930; x_wconf 88' lang='lat' dir='ltr'>quem</span> <span class='ocrx_word' id='word_1_143' title='bbox 917 1862 1030 1929; x_wconf 87' lang='lat' dir='ltr'>qnidam</span> <span class='ocrx_word' id='word_1_144' title='bbox 1047 1862 1241 1930; x_wconf 81' lang='lat' dir='ltr'>presbyterum</span> <span class='ocrx_word' id='word_1_145' title='bbox 1255 1876 1283 1913; x_wconf 90' lang='lat' dir='ltr'>se</span> <span class='ocrx_word' id='word_1_146' title='bbox 1296 1860 1405 1927; x_wconf 87' lang='lat' dir='ltr'>fingens</span> 
     </span>
     <span class='ocr_line' id='line_1_16' title="bbox 131 1943 1404 2015; baseline -0.001 -18"><span class='ocrx_word' id='word_1_147' title='bbox 131 1944 306 2010; x_wconf 85' lang='lat' dir='ltr'>contulerat,</span> <span class='ocrx_word' id='word_1_148' title='bbox 326 1947 478 2012; x_wconf 89' lang='lat' dir='ltr'>consultus,</span> <span class='ocrx_word' id='word_1_149' title='bbox 502 1963 561 2015; x_wconf 89' lang='lat' dir='ltr'>cap.</span> <span class='ocrx_word' id='word_1_150' title='bbox 582 1953 613 1999; x_wconf 79' lang='lat' dir='ltr'>rt</span> <span class='ocrx_word' id='word_1_151' title='bbox 632 1950 660 2000; x_wconf 88' lang='lat' dir='ltr'>ct</span> <span class='ocrx_word' id='word_1_152' title='bbox 680 1954 710 2001; x_wconf 85' lang='lat'>15</span> <span class='ocrx_word' id='word_1_153' title='bbox 728 1966 784 2001; x_wconf 89' lang='lat' dir='ltr'>una</span> <span class='ocrx_word' id='word_1_154' title='bbox 801 1947 889 2001; x_wconf 85' lang='lat' dir='ltr'>nostri</span> <span class='ocrx_word' id='word_1_155' title='bbox 907 1946 1046 2001; x_wconf 88' lang='lat' dir='ltr'>Anastasii</span> <span class='ocrx_word' id='word_1_156' title='bbox 1070 1946 1236 1999; x_wconf 89' lang='lat' dir='ltr'>anctoritate</span> <span class='ocrx_word' id='word_1_157' title='bbox 1255 1947 1340 2013; x_wconf 86' lang='lat' dir='ltr'>atque</span> <span class='ocrx_word' id='word_1_158' title='bbox 1361 1943 1404 1996; x_wconf 93' lang='lat' dir='ltr'>his</span> 
     </span>
     <span class='ocr_line' id='line_1_17' title="bbox 128 2028 1404 2099; baseline 0.001 -18"><span class='ocrx_word' id='word_1_159' title='bbox 128 2028 204 2098; x_wconf 88' lang='lat' dir='ltr'>ipsis</span> <span class='ocrx_word' id='word_1_160' title='bbox 223 2030 314 2082; x_wconf 74' lang='lat' dir='ltr'>veritis</span> <span class='ocrx_word' id='word_1_161' title='bbox 332 2032 478 2084; x_wconf 89' lang='lat' dir='ltr'>contentas</span> <span class='ocrx_word' id='word_1_162' title='bbox 495 2032 559 2097; x_wconf 90' lang='lat' dir='ltr'>snit,</span> <span class='ocrx_word' id='word_1_163' title='bbox 579 2049 632 2099; x_wconf 82' lang='lat' dir='ltr'>quo</span> <span class='ocrx_word' id='word_1_164' title='bbox 652 2048 762 2085; x_wconf 89' lang='lat' dir='ltr'>ornnem</span> <span class='ocrx_word' id='word_1_165' title='bbox 780 2031 833 2084; x_wconf 89' lang='lat' dir='ltr'>illis</span> <span class='ocrx_word' id='word_1_166' title='bbox 854 2049 887 2085; x_wconf 91' lang='lat' dir='ltr'>ea</span> <span class='ocrx_word' id='word_1_167' title='bbox 906 2032 940 2084; x_wconf 92' lang='lat' dir='ltr'>de</span> <span class='ocrx_word' id='word_1_168' title='bbox 959 2047 988 2084; x_wconf 93' lang='lat' dir='ltr'>re</span> <span class='ocrx_word' id='word_1_169' title='bbox 1006 2030 1164 2098; x_wconf 89' lang='lat' dir='ltr'>scrupulum</span> <span class='ocrx_word' id='word_1_170' title='bbox 1180 2028 1320 2083; x_wconf 84' lang='lat' dir='ltr'>eximeret.</span> <span class='ocrx_word' id='word_1_171' title='bbox 1351 2030 1404 2083; x_wconf 90' lang='lat' dir='ltr'>Ne-</span> 
     </span>
     <span class='ocr_line' id='line_1_18' title="bbox 129 2113 1404 2182; baseline 0.002 -17"><span class='ocrx_word' id='word_1_172' title='bbox 129 2131 191 2181; x_wconf 86' lang='lat' dir='ltr'>que</span> <span class='ocrx_word' id='word_1_173' title='bbox 209 2130 275 2167; x_wconf 85' lang='lat' dir='ltr'>vcro</span> <span class='ocrx_word' id='word_1_174' title='bbox 288 2116 450 2170; x_wconf 83' lang='lat' dir='ltr'>Anastasius</span> <span class='ocrx_word' id='word_1_175' title='bbox 467 2116 566 2182; x_wconf 86' lang='lat' dir='ltr'>tradit,</span> <span class='ocrx_word' id='word_1_176' title='bbox 585 2117 716 2169; x_wconf 82' lang='lat' dir='ltr'>Acacium</span> <span class='ocrx_word' id='word_1_177' title='bbox 734 2115 846 2170; x_wconf 90' lang='lat' dir='ltr'>minime</span> <span class='ocrx_word' id='word_1_178' title='bbox 862 2115 1012 2169; x_wconf 88' lang='lat' dir='ltr'>seeundum</span> <span class='ocrx_word' id='word_1_179' title='bbox 1025 2114 1164 2168; x_wconf 77' lang='lat' dir='ltr'>Ecclesiae</span> <span class='ocrx_word' id='word_1_180' title='bbox 1178 2113 1404 2179; x_wconf 87' lang='lat' dir='ltr'>consuetudinem</span> 
     </span>
     <span class='ocr_line' id='line_1_19' title="bbox 129 2199 1404 2269; baseline 0.001 -19"><span class='ocrx_word' id='word_1_181' title='bbox 129 2214 305 2267; x_wconf 86' lang='lat' dir='ltr'>quemqnam</span> <span class='ocrx_word' id='word_1_182' title='bbox 327 2200 485 2269; x_wconf 84' lang='lat' dir='ltr'>baptizasse</span> <span class='ocrx_word' id='word_1_183' title='bbox 509 2206 557 2254; x_wconf 89' lang='lat' dir='ltr'>aut</span> <span class='ocrx_word' id='word_1_184' title='bbox 580 2201 734 2269; x_wconf 86' lang='lat' dir='ltr'>ordinasse,</span> <span class='ocrx_word' id='word_1_185' title='bbox 759 2202 808 2255; x_wconf 90' lang='lat' dir='ltr'>sed</span> <span class='ocrx_word' id='word_1_186' title='bbox 829 2202 1009 2254; x_wconf 78' lang='lat' dir='ltr'>hortantum</span> <span class='ocrx_word' id='word_1_187' title='bbox 1029 2199 1122 2265; x_wconf 87' lang='lat' dir='ltr'>docet,</span> <span class='ocrx_word' id='word_1_188' title='bbox 1145 2199 1294 2253; x_wconf 88' lang='lat' dir='ltr'>seeundum</span> <span class='ocrx_word' id='word_1_189' title='bbox 1312 2199 1404 2253; x_wconf 88' lang='lat' dir='ltr'>Eccle-</span> 
     </span>
     <span class='ocr_line' id='line_1_20' title="bbox 128 2283 1402 2355; baseline 0.001 -20"><span class='ocrx_word' id='word_1_190' title='bbox 128 2284 193 2337; x_wconf 83' lang='lat' dir='ltr'>siae</span> <span class='ocrx_word' id='word_1_191' title='bbox 212 2285 437 2340; x_wconf 88' lang='lat' dir='ltr'>consuetudinem</span> <span class='ocrx_word' id='word_1_192' title='bbox 460 2303 493 2339; x_wconf 88' lang='lat' dir='ltr'>ac</span> <span class='ocrx_word' id='word_1_193' title='bbox 516 2286 690 2355; x_wconf 83' lang='lat' dir='ltr'>disciplinam</span> <span class='ocrx_word' id='word_1_194' title='bbox 709 2303 755 2339; x_wconf 91' lang='lat' dir='ltr'>eos</span> <span class='ocrx_word' id='word_1_195' title='bbox 775 2285 886 2339; x_wconf 87' lang='lat' dir='ltr'>minime</span> <span class='ocrx_word' id='word_1_196' title='bbox 908 2286 999 2338; x_wconf 89' lang='lat' dir='ltr'>laesos</span> <span class='ocrx_word' id='word_1_197' title='bbox 1018 2301 1077 2337; x_wconf 90' lang='lat' dir='ltr'>csse</span> <span class='ocrx_word' id='word_1_198' title='bbox 1096 2284 1275 2353; x_wconf 89' lang='lat' dir='ltr'>judicandos,</span> <span class='ocrx_word' id='word_1_199' title='bbox 1300 2283 1347 2351; x_wconf 91' lang='lat' dir='ltr'>qui</span> <span class='ocrx_word' id='word_1_200' title='bbox 1366 2284 1402 2337; x_wconf 88' lang='lat' dir='ltr'>ab</span> 
     </span>
     <span class='ocr_line' id='line_1_21' title="bbox 128 2369 1403 2439; baseline 0.002 -18"><span class='ocrx_word' id='word_1_201' title='bbox 128 2369 184 2422; x_wconf 91' lang='lat' dir='ltr'>illo</span> <span class='ocrx_word' id='word_1_202' title='bbox 202 2369 350 2438; x_wconf 81' lang='lat' dir='ltr'>baptizati,</span> <span class='ocrx_word' id='word_1_203' title='bbox 370 2373 418 2424; x_wconf 91' lang='lat' dir='ltr'>aut</span> <span class='ocrx_word' id='word_1_204' title='bbox 435 2371 582 2424; x_wconf 91' lang='lat' dir='ltr'>seeundum</span> <span class='ocrx_word' id='word_1_205' title='bbox 602 2389 721 2425; x_wconf 82' lang='lat' dir='ltr'>canones</span> <span class='ocrx_word' id='word_1_206' title='bbox 739 2370 860 2424; x_wconf 90' lang='lat' dir='ltr'>ordinati</span> <span class='ocrx_word' id='word_1_207' title='bbox 877 2370 987 2435; x_wconf 87' lang='lat' dir='ltr'>fuerint,</span> <span class='ocrx_word' id='word_1_208' title='bbox 1005 2370 1058 2424; x_wconf 91' lang='lat' dir='ltr'>boc</span> <span class='ocrx_word' id='word_1_209' title='bbox 1069 2372 1119 2436; x_wconf 91' lang='lat' dir='ltr'>est,</span> <span class='ocrx_word' id='word_1_210' title='bbox 1137 2369 1248 2437; x_wconf 83' lang='lat' dir='ltr'>intcgra</span> <span class='ocrx_word' id='word_1_211' title='bbox 1266 2369 1305 2422; x_wconf 88' lang='lat' dir='ltr'>eis</span> <span class='ocrx_word' id='word_1_212' title='bbox 1323 2386 1403 2439; x_wconf 89' lang='lat' dir='ltr'>prae·</span> 
     </span>
     <span class='ocr_line' id='line_1_22' title="bbox 129 2453 1403 2526; baseline 0 -20"><span class='ocrx_word' id='word_1_213' title='bbox 129 2453 203 2508; x_wconf 89' lang='lat' dir='ltr'>stita</span> <span class='ocrx_word' id='word_1_214' title='bbox 221 2470 279 2508; x_wconf 89' lang='lat' dir='ltr'>esse</span> <span class='ocrx_word' id='word_1_215' title='bbox 298 2460 485 2520; x_wconf 86' lang='lat' dir='ltr'>sacramenta;</span> <span class='ocrx_word' id='word_1_216' title='bbox 504 2474 554 2509; x_wconf 91' lang='lat' dir='ltr'>nec</span> <span class='ocrx_word' id='word_1_217' title='bbox 573 2473 641 2526; x_wconf 87' lang='lat' dir='ltr'>opus</span> <span class='ocrx_word' id='word_1_218' title='bbox 659 2475 728 2522; x_wconf 90' lang='lat' dir='ltr'>esse,</span> <span class='ocrx_word' id='word_1_219' title='bbox 747 2459 777 2509; x_wconf 93' lang='lat' dir='ltr'>ut</span> <span class='ocrx_word' id='word_1_220' title='bbox 794 2456 896 2511; x_wconf 87' lang='lat' dir='ltr'>iterato</span> <span class='ocrx_word' id='word_1_221' title='bbox 915 2455 968 2509; x_wconf 89' lang='lat' dir='ltr'>illis</span> <span class='ocrx_word' id='word_1_222' title='bbox 987 2456 1173 2520; x_wconf 83' lang='lat' dir='ltr'>conferantur,</span> <span class='ocrx_word' id='word_1_223' title='bbox 1193 2455 1318 2521; x_wconf 83' lang='lat' dir='ltr'>quamvis</span> <span class='ocrx_word' id='word_1_224' title='bbox 1331 2454 1403 2509; x_wconf 90' lang='lat' dir='ltr'>ordi-</span> 
     </span>
     <span class='ocr_line' id='line_1_23' title="bbox 128 2539 1402 2609; baseline 0.002 -18"><span class='ocrx_word' id='word_1_225' title='bbox 128 2539 195 2591; x_wconf 88' lang='lat' dir='ltr'>nati</span> <span class='ocrx_word' id='word_1_226' title='bbox 214 2539 352 2593; x_wconf 80' lang='lat' dir='ltr'>Ecclesiae</span> <span class='ocrx_word' id='word_1_227' title='bbox 371 2539 545 2609; x_wconf 82' lang='lat' dir='ltr'>indulgentia</span> <span class='ocrx_word' id='word_1_228' title='bbox 568 2544 682 2609; x_wconf 80' lang='lat' dir='ltr'>egeant,</span> <span class='ocrx_word' id='word_1_229' title='bbox 705 2543 736 2594; x_wconf 90' lang='lat' dir='ltr'>ut</span> <span class='ocrx_word' id='word_1_230' title='bbox 757 2541 786 2594; x_wconf 92' lang='lat' dir='ltr'>in</span> <span class='ocrx_word' id='word_1_231' title='bbox 809 2541 942 2608; x_wconf 84' lang='lat' dir='ltr'>gradibus</span> <span class='ocrx_word' id='word_1_232' title='bbox 962 2541 1016 2594; x_wconf 88' lang='lat' dir='ltr'>suis</span> <span class='ocrx_word' id='word_1_233' title='bbox 1035 2541 1199 2594; x_wconf 84' lang='lat' dir='ltr'>nnnistrent.</span> <span class='ocrx_word' id='word_1_234' title='bbox 1242 2541 1302 2604; x_wconf 73' lang='lat' dir='ltr'>Qua</span> <span class='ocrx_word' id='word_1_235' title='bbox 1320 2540 1354 2592; x_wconf 88' lang='lat' dir='ltr'>de</span> <span class='ocrx_word' id='word_1_236' title='bbox 1372 2557 1402 2593; x_wconf 89' lang='lat' dir='ltr'>re</span> 
     </span>
     <span class='ocr_line' id='line_1_24' title="bbox 129 2623 1402 2695; baseline 0.001 -19"><span class='ocrx_word' id='word_1_237' title='bbox 129 2626 326 2691; x_wconf 82' lang='lat' dir='ltr'>conterantur,</span> <span class='ocrx_word' id='word_1_238' title='bbox 345 2642 416 2692; x_wconf 90' lang='lat' dir='ltr'>quae</span> <span class='ocrx_word' id='word_1_239' title='bbox 430 2625 607 2680; x_wconf 82' lang='lat' dir='ltr'>Constantius</span> <span class='ocrx_word' id='word_1_240' title='bbox 620 2626 725 2679; x_wconf 91' lang='lat' dir='ltr'>monito</span> <span class='ocrx_word' id='word_1_241' title='bbox 744 2626 772 2678; x_wconf 91' lang='lat' dir='ltr'>in</span> <span class='ocrx_word' id='word_1_242' title='bbox 785 2627 938 2681; x_wconf 81' lang='lat' dir='ltr'>innocentii</span> <span class='ocrx_word' id='word_1_243' title='bbox 951 2625 1029 2695; x_wconf 88' lang='lat' dir='ltr'>epist.</span> <span class='ocrx_word' id='word_1_244' title='bbox 1047 2631 1076 2679; x_wconf 79' lang='grc'>17</span> <span class='ocrx_word' id='word_1_245' title='bbox 1095 2645 1121 2678; x_wconf 92' lang='lat' dir='ltr'>n.</span> <span class='ocrx_word' id='word_1_246' title='bbox 1136 2631 1151 2678; x_wconf 82' lang='grc'>8</span> <span class='ocrx_word' id='word_1_247' title='bbox 1164 2623 1302 2678; x_wconf 87' lang='lat' dir='ltr'>disseruit.</span> <span class='ocrx_word' id='word_1_248' title='bbox 1334 2623 1402 2678; x_wconf 88' lang='lat' dir='ltr'>Sim-</span> 
     </span>
     <span class='ocr_line' id='line_1_25' title="bbox 127 2708 1403 2782; baseline 0.001 -21"><span class='ocrx_word' id='word_1_249' title='bbox 127 2708 235 2778; x_wconf 89' lang='lat' dir='ltr'>plicius</span> <span class='ocrx_word' id='word_1_250' title='bbox 251 2709 368 2778; x_wconf 66' lang='lat' dir='ltr'>,quidem</span> <span class='ocrx_word' id='word_1_251' title='bbox 390 2729 465 2780; x_wconf 90' lang='lat' dir='ltr'>papa</span> <span class='ocrx_word' id='word_1_252' title='bbox 483 2712 562 2780; x_wconf 88' lang='lat' dir='ltr'>epist.</span> <span class='ocrx_word' id='word_1_253' title='bbox 584 2718 642 2766; x_wconf 75' lang='lat' dir='ltr'>tn.</span> <span class='ocrx_word' id='word_1_254' title='bbox 662 2719 677 2765; x_wconf 79' lang='lat'><strong>2</strong></span> <span class='ocrx_word' id='word_1_255' title='bbox 701 2714 795 2764; x_wconf 88' lang='lat' dir='ltr'>conset</span> <span class='ocrx_word' id='word_1_256' title='bbox 812 2712 1046 2782; x_wconf 88' lang='lat' dir='ltr'>interpellandum</span> <span class='ocrx_word' id='word_1_257' title='bbox 1063 2710 1274 2780; x_wconf 87' lang='lat' dir='ltr'>imperatorem,</span> <span class='ocrx_word' id='word_1_258' title='bbox 1298 2726 1353 2777; x_wconf 92' lang='lat' dir='ltr'>quo</span> <span class='ocrx_word' id='word_1_259' title='bbox 1374 2709 1403 2763; x_wconf 90' lang='lat' dir='ltr'>in</span> 
     </span>
     <span class='ocr_line' id='line_1_26' title="bbox 65 2793 1402 2865; baseline 0.001 -19"><span class='ocrx_word' id='word_1_260' title='bbox 65 2830 68 2834; x_wconf 89' lang='lat'><em>-</em></span> <span class='ocrx_word' id='word_1_261' title='bbox 129 2793 248 2846; x_wconf 83' lang='lat' dir='ltr'>exilitun</span> <span class='ocrx_word' id='word_1_262' title='bbox 265 2795 416 2863; x_wconf 87' lang='lat' dir='ltr'>pellantur,</span> <span class='ocrx_word' id='word_1_263' title='bbox 435 2803 478 2865; x_wconf 83' lang='lat' dir='ltr'>qui</span> <span class='ocrx_word' id='word_1_264' title='bbox 494 2802 542 2850; x_wconf 85' lang='lat' dir='ltr'>sibi</span> <span class='ocrx_word' id='word_1_265' title='bbox 559 2803 716 2851; x_wconf 85' lang='lat' dir='ltr'>credideriut</span> <span class='ocrx_word' id='word_1_266' title='bbox 733 2804 894 2852; x_wconf 85' lang='lat' dir='ltr'>sacerdotate</span> <span class='ocrx_word' id='word_1_267' title='bbox 911 2803 1073 2852; x_wconf 84' lang='lat' dir='ltr'>ministerium</span> <span class='ocrx_word' id='word_1_268' title='bbox 1091 2802 1204 2851; x_wconf 82' lang='lat' dir='ltr'>damuati</span> <span class='ocrx_word' id='word_1_269' title='bbox 1223 2800 1328 2849; x_wconf 81' lang='lat' dir='ltr'>bominis</span> <span class='ocrx_word' id='word_1_270' title='bbox 1346 2795 1402 2862; x_wconf 80' lang='lat' dir='ltr'>(Ti-</span> 
     </span>
     <span class='ocr_line' id='line_1_27' title="bbox 128 2879 1402 2951; baseline 0.002 -20"><span class='ocrx_word' id='word_1_271' title='bbox 128 2879 241 2932; x_wconf 87' lang='lat' dir='ltr'>mothei</span> <span class='ocrx_word' id='word_1_272' title='bbox 259 2879 362 2947; x_wconf 87' lang='lat' dir='ltr'>Aeluri)</span> <span class='ocrx_word' id='word_1_273' title='bbox 385 2889 590 2950; x_wconf 69' lang='lat' dir='ltr'>praescriptione</span> <span class='ocrx_word' id='word_1_274' title='bbox 608 2889 729 2948; x_wconf 78' lang='lat' dir='ltr'>conferri.</span> <span class='ocrx_word' id='word_1_275' title='bbox 766 2881 821 2936; x_wconf 80' lang='lat' dir='ltr'>Sed</span> <span class='ocrx_word' id='word_1_276' title='bbox 842 2883 925 2951; x_wconf 86' lang='lat' dir='ltr'>hujus</span> <span class='ocrx_word' id='word_1_277' title='bbox 944 2880 1097 2946; x_wconf 82' lang='lat' dir='ltr'>Timothei,</span> <span class='ocrx_word' id='word_1_278' title='bbox 1117 2880 1209 2947; x_wconf 87' lang='lat' dir='ltr'>quiin</span> <span class='ocrx_word' id='word_1_279' title='bbox 1228 2881 1322 2934; x_wconf 81' lang='lat' dir='ltr'>sedern</span> <span class='ocrx_word' id='word_1_280' title='bbox 1340 2882 1402 2934; x_wconf 87' lang='lat' dir='ltr'>Ale·</span> 
     </span>
     <span class='ocr_line' id='line_1_28' title="bbox 129 2963 1401 3041; baseline 0.002 -25"><span class='ocrx_word' id='word_1_281' title='bbox 129 2963 298 3016; x_wconf 82' lang='lat' dir='ltr'>xandrinam</span> <span class='ocrx_word' id='word_1_282' title='bbox 317 2967 414 3018; x_wconf 88' lang='lat' dir='ltr'>contra</span> <span class='ocrx_word' id='word_1_283' title='bbox 430 2966 473 3019; x_wconf 87' lang='lat' dir='ltr'>sas</span> <span class='ocrx_word' id='word_1_284' title='bbox 492 2983 572 3021; x_wconf 90' lang='lat' dir='ltr'>omne</span> <span class='ocrx_word' id='word_1_285' title='bbox 590 2967 736 3034; x_wconf 85' lang='lat' dir='ltr'>invaserat,</span> <span class='ocrx_word' id='word_1_286' title='bbox 755 2970 783 3020; x_wconf 91' lang='lat' dir='ltr'>et</span> <span class='ocrx_word' id='word_1_287' title='bbox 795 2967 897 3033; x_wconf 89' lang='lat' dir='ltr'>Aeacii,</span> <span class='ocrx_word' id='word_1_288' title='bbox 916 2967 963 3034; x_wconf 90' lang='lat' dir='ltr'>qui</span> <span class='ocrx_word' id='word_1_289' title='bbox 980 2966 1032 3020; x_wconf 89' lang='lat' dir='ltr'>rite</span> <span class='ocrx_word' id='word_1_290' title='bbox 1046 2965 1188 3041; x_wconf 70' lang='lat' dir='ltr'>ordinatus</span> <span class='ocrx_word' id='word_1_291' title='bbox 1201 2967 1300 3031; x_wconf 77' lang='lat' dir='ltr'>filerat,</span> <span class='ocrx_word' id='word_1_292' title='bbox 1319 2966 1401 3033; x_wconf 86' lang='lat' dir='ltr'>longe</span> 
     </span>
     <span class='ocr_line' id='line_1_29' title="bbox 129 3048 1401 3121; baseline 0.003 -22"><span class='ocrx_word' id='word_1_293' title='bbox 129 3048 230 3116; x_wconf 89' lang='lat' dir='ltr'>dispar</span> <span class='ocrx_word' id='word_1_294' title='bbox 248 3051 308 3102; x_wconf 90' lang='lat' dir='ltr'>erat</span> <span class='ocrx_word' id='word_1_295' title='bbox 326 3066 416 3104; x_wconf 86' lang='lat' dir='ltr'>causa.</span> <span class='ocrx_word' id='word_1_296' title='bbox 452 3050 587 3114; x_wconf 82' lang='lat' dir='ltr'>Quocirca</span> <span class='ocrx_word' id='word_1_297' title='bbox 605 3053 730 3105; x_wconf 75' lang='lat' dir='ltr'>[talasius</span> <span class='ocrx_word' id='word_1_298' title='bbox 749 3052 827 3121; x_wconf 88' lang='lat' dir='ltr'>epist.</span> <span class='ocrx_word' id='word_1_299' title='bbox 844 3061 874 3105; x_wconf 74' lang='lat'>12</span> <span class='ocrx_word' id='word_1_300' title='bbox 887 3071 913 3105; x_wconf 95' lang='lat' dir='ltr'>n.</span> <span class='ocrx_word' id='word_1_301' title='bbox 930 3059 960 3105; x_wconf 84' lang='lat'>10</span> <span class='ocrx_word' id='word_1_302' title='bbox 979 3050 1025 3103; x_wconf 91' lang='lat' dir='ltr'>nbi</span> <span class='ocrx_word' id='word_1_303' title='bbox 1044 3050 1196 3120; x_wconf 88' lang='lat' dir='ltr'>approbat,</span> <span class='ocrx_word' id='word_1_304' title='bbox 1215 3050 1289 3119; x_wconf 90' lang='lat' dir='ltr'>quod</span> <span class='ocrx_word' id='word_1_305' title='bbox 1307 3049 1335 3116; x_wconf 87' lang='lat' dir='ltr'>ii,</span> <span class='ocrx_word' id='word_1_306' title='bbox 1354 3050 1401 3119; x_wconf 89' lang='lat' dir='ltr'>qni</span> 
     </span>
     <span class='ocr_line' id='line_1_30' title="bbox 130 3133 1399 3205; baseline 0.001 -20"><span class='ocrx_word' id='word_1_307' title='bbox 130 3133 275 3201; x_wconf 88' lang='lat' dir='ltr'>qnondam</span> <span class='ocrx_word' id='word_1_308' title='bbox 293 3151 310 3186; x_wconf 94' lang='lat' dir='ltr'>a</span> <span class='ocrx_word' id='word_1_309' title='bbox 327 3134 489 3188; x_wconf 88' lang='lat' dir='ltr'>Macedonio</span> <span class='ocrx_word' id='word_1_310' title='bbox 508 3137 536 3189; x_wconf 88' lang='lat' dir='ltr'>et</span> <span class='ocrx_word' id='word_1_311' title='bbox 548 3155 636 3205; x_wconf 87' lang='lat' dir='ltr'>nuper</span> <span class='ocrx_word' id='word_1_312' title='bbox 649 3155 666 3190; x_wconf 92' lang='lat' dir='ltr'>a</span> <span class='ocrx_word' id='word_1_313' title='bbox 678 3137 805 3190; x_wconf 89' lang='lat' dir='ltr'>Nestorio</span> <span class='ocrx_word' id='word_1_314' title='bbox 825 3144 950 3191; x_wconf 72' lang='lat' dir='ltr'>narrantis</span> <span class='ocrx_word' id='word_1_315' title='bbox 967 3139 1128 3204; x_wconf 81' lang='lat' dir='ltr'>praesulibus</span> <span class='ocrx_word' id='word_1_316' title='bbox 1145 3140 1269 3203; x_wconf 75' lang='lat' dir='ltr'>baptizati</span> <span class='ocrx_word' id='word_1_317' title='bbox 1283 3140 1399 3202; x_wconf 79' lang='lat' dir='ltr'>fuerant,</span> 
     </span>
     <span class='ocr_line' id='line_1_31' title="bbox 128 3217 1401 3290; baseline 0.002 -21"><span class='ocrx_word' id='word_1_318' title='bbox 128 3224 159 3269; x_wconf 83' lang='lat' dir='ltr'>iu</span> <span class='ocrx_word' id='word_1_319' title='bbox 175 3224 227 3284; x_wconf 74' lang='lat' dir='ltr'>fide</span> <span class='ocrx_word' id='word_1_320' title='bbox 245 3224 369 3273; x_wconf 69' lang='lat' dir='ltr'>catholiea</span> <span class='ocrx_word' id='word_1_321' title='bbox 386 3232 525 3281; x_wconf 81' lang='lat' dir='ltr'>manentes,</span> <span class='ocrx_word' id='word_1_322' title='bbox 545 3231 612 3275; x_wconf 80' lang='lat' dir='ltr'>truita</span> <span class='ocrx_word' id='word_1_323' title='bbox 629 3229 680 3275; x_wconf 88' lang='lat' dir='ltr'>sint</span> <span class='ocrx_word' id='word_1_324' title='bbox 697 3229 871 3290; x_wconf 69' lang='lat' dir='ltr'>exspiratione</span> <span class='ocrx_word' id='word_1_325' title='bbox 890 3225 999 3285; x_wconf 83' lang='lat' dir='ltr'>turbati,</span> <span class='ocrx_word' id='word_1_326' title='bbox 1023 3220 1058 3273; x_wconf 84' lang='lat' dir='ltr'>ab</span> <span class='ocrx_word' id='word_1_327' title='bbox 1077 3220 1218 3272; x_wconf 81' lang='lat' dir='ltr'>Anastasii</span> <span class='ocrx_word' id='word_1_328' title='bbox 1236 3217 1323 3273; x_wconf 85' lang='lat' dir='ltr'>nostri</span> <span class='ocrx_word' id='word_1_329' title='bbox 1341 3237 1401 3272; x_wconf 86' lang='lat' dir='ltr'>sen·</span> 
     </span>
     <span class='ocr_line' id='line_1_32' title="bbox 129 3302 1400 3372; baseline 0.001 -16"><span class='ocrx_word' id='word_1_330' title='bbox 129 3303 224 3356; x_wconf 88' lang='lat' dir='ltr'>tentia</span> <span class='ocrx_word' id='word_1_331' title='bbox 241 3303 280 3356; x_wconf 90' lang='lat' dir='ltr'>nil</span> <span class='ocrx_word' id='word_1_332' title='bbox 297 3303 429 3358; x_wconf 88' lang='lat' dir='ltr'>dissidere</span> <span class='ocrx_word' id='word_1_333' title='bbox 447 3323 475 3358; x_wconf 90' lang='lat' dir='ltr'>sc</span> <span class='ocrx_word' id='word_1_334' title='bbox 495 3306 622 3360; x_wconf 86' lang='lat' dir='ltr'>ostendit.</span> <span class='ocrx_word' id='word_1_335' title='bbox 660 3308 747 3360; x_wconf 91' lang='lat' dir='ltr'>hnmo</span> <span class='ocrx_word' id='word_1_336' title='bbox 767 3306 870 3360; x_wconf 78' lang='lat' dir='ltr'>Gelasii</span> <span class='ocrx_word' id='word_1_337' title='bbox 893 3307 1022 3361; x_wconf 83' lang='lat' dir='ltr'>decessor</span> <span class='ocrx_word' id='word_1_338' title='bbox 1039 3305 1115 3358; x_wconf 81' lang='lat' dir='ltr'>Felix</span> <span class='ocrx_word' id='word_1_339' title='bbox 1134 3303 1214 3372; x_wconf 88' lang='lat' dir='ltr'>epist.</span> <span class='ocrx_word' id='word_1_340' title='bbox 1236 3310 1265 3356; x_wconf 82' lang='grc'>11</span> <span class='ocrx_word' id='word_1_341' title='bbox 1286 3303 1321 3356; x_wconf 86' lang='lat' dir='ltr'>ad</span> <span class='ocrx_word' id='word_1_342' title='bbox 1339 3302 1400 3358; x_wconf 81' lang='lat' dir='ltr'>Fla-</span> 
     </span>
     <span class='ocr_line' id='line_1_33' title="bbox 129 3387 1399 3460; baseline 0.001 -19"><span class='ocrx_word' id='word_1_343' title='bbox 129 3387 221 3441; x_wconf 78' lang='lat' dir='ltr'>ritam</span> <span class='ocrx_word' id='word_1_344' title='bbox 243 3407 268 3441; x_wconf 88' lang='lat' dir='ltr'>n.</span> <span class='ocrx_word' id='word_1_345' title='bbox 289 3397 305 3443; x_wconf 77' lang='lat' dir='ltr'>b</span> <span class='ocrx_word' id='word_1_346' title='bbox 326 3389 416 3442; x_wconf 91' lang='lat' dir='ltr'>eidem</span> <span class='ocrx_word' id='word_1_347' title='bbox 440 3392 536 3458; x_wconf 88' lang='lat' dir='ltr'>aperte</span> <span class='ocrx_word' id='word_1_348' title='bbox 559 3393 741 3460; x_wconf 83' lang='lat' dir='ltr'>sull‘ragatnr,</span> <span class='ocrx_word' id='word_1_349' title='bbox 764 3410 848 3458; x_wconf 89' lang='lat' dir='ltr'>quum</span> <span class='ocrx_word' id='word_1_350' title='bbox 871 3391 945 3445; x_wconf 90' lang='lat' dir='ltr'>Petri</span> <span class='ocrx_word' id='word_1_351' title='bbox 968 3393 996 3444; x_wconf 91' lang='lat' dir='ltr'>et</span> <span class='ocrx_word' id='word_1_352' title='bbox 1018 3389 1111 3443; x_wconf 87' lang='lat' dir='ltr'>Aeacii</span> <span class='ocrx_word' id='word_1_353' title='bbox 1135 3389 1247 3442; x_wconf 87' lang='lat' dir='ltr'>nomina</span> <span class='ocrx_word' id='word_1_354' title='bbox 1270 3406 1284 3442; x_wconf 93' lang='lat' dir='ltr'>e</span> <span class='ocrx_word' id='word_1_355' title='bbox 1307 3387 1399 3442; x_wconf 86' lang='lat' dir='ltr'>medio</span> 
     </span>
     <span class='ocr_line' id='line_1_34' title="bbox 128 3473 1398 3546; baseline 0.002 -20"><span class='ocrx_word' id='word_1_356' title='bbox 128 3473 194 3526; x_wconf 87' lang='lat' dir='ltr'>tolli</span> <span class='ocrx_word' id='word_1_357' title='bbox 211 3473 384 3543; x_wconf 82' lang='lat' dir='ltr'>praecipiens</span> <span class='ocrx_word' id='word_1_358' title='bbox 402 3475 507 3528; x_wconf 87' lang='lat' dir='ltr'>subdit:</span> <span class='ocrx_word' id='word_1_359' title='bbox 539 3482 617 3531; x_wconf 87' lang='lat' dir='ltr'>Nobis</span> <span class='ocrx_word' id='word_1_360' title='bbox 637 3483 691 3532; x_wconf 85' lang='lat' dir='ltr'>Deo</span> <span class='ocrx_word' id='word_1_361' title='bbox 710 3483 851 3546; x_wconf 82' lang='lat' dir='ltr'>inspirante</span> <span class='ocrx_word' id='word_1_362' title='bbox 873 3482 1015 3545; x_wconf 81' lang='lat' dir='ltr'>provisuris</span> <span class='ocrx_word' id='word_1_363' title='bbox 1032 3479 1232 3535; x_wconf 80' lang='lat' dir='ltr'>rationabiliter,</span> <span class='ocrx_word' id='word_1_364' title='bbox 1251 3487 1277 3528; x_wconf 87' lang='lat' dir='ltr'>ut</span> <span class='ocrx_word' id='word_1_365' title='bbox 1294 3480 1398 3543; x_wconf 80' lang='lat' dir='ltr'>scripsi·</span> 
     </span>
     <span class='ocr_line' id='line_1_35' title="bbox 129 3565 1398 3632; baseline 0.002 -21"><span class='ocrx_word' id='word_1_366' title='bbox 129 3578 196 3617; x_wconf 82' lang='lat' dir='ltr'>mus.</span> <span class='ocrx_word' id='word_1_367' title='bbox 214 3565 238 3612; x_wconf 84' lang='lat' dir='ltr'>si</span> <span class='ocrx_word' id='word_1_368' title='bbox 260 3571 349 3611; x_wconf 84' lang='lat' dir='ltr'>cuneta</span> <span class='ocrx_word' id='word_1_369' title='bbox 370 3567 543 3621; x_wconf 82' lang='lat' dir='ltr'>convenerint,</span> <span class='ocrx_word' id='word_1_370' title='bbox 563 3573 589 3613; x_wconf 86' lang='lat' dir='ltr'>ut</span> <span class='ocrx_word' id='word_1_371' title='bbox 612 3583 709 3624; x_wconf 84' lang='lat' dir='ltr'>eorum,</span> <span class='ocrx_word' id='word_1_372' title='bbox 734 3583 796 3632; x_wconf 82' lang='lat' dir='ltr'>quos</span> <span class='ocrx_word' id='word_1_373' title='bbox 819 3568 946 3616; x_wconf 73' lang='lat' dir='ltr'>ordinauit</span> <span class='ocrx_word' id='word_1_374' title='bbox 968 3568 1007 3615; x_wconf 86' lang='lat' dir='ltr'>aet</span> <span class='ocrx_word' id='word_1_375' title='bbox 1028 3565 1165 3629; x_wconf 78' lang='lat' dir='ltr'>baptizavit</span> <span class='ocrx_word' id='word_1_376' title='bbox 1184 3566 1309 3628; x_wconf 81' lang='lat' dir='ltr'>Aeacius,</span> <span class='ocrx_word' id='word_1_377' title='bbox 1327 3567 1398 3614; x_wconf 83' lang='lat' dir='ltr'>salua</span> 
     </span>
     <span class='ocr_line' id='line_1_36' title="bbox 129 3645 1397 3715; baseline 0.003 -20"><span class='ocrx_word' id='word_1_378' title='bbox 129 3647 291 3708; x_wconf 83' lang='lat' dir='ltr'>confessione</span> <span class='ocrx_word' id='word_1_379' title='bbox 310 3649 434 3698; x_wconf 74' lang='lat' dir='ltr'>catholico</span> <span class='ocrx_word' id='word_1_380' title='bbox 450 3667 500 3713; x_wconf 88' lang='lat' dir='ltr'>pro</span> <span class='ocrx_word' id='word_1_381' title='bbox 518 3653 634 3700; x_wconf 84' lang='lat' dir='ltr'>caritatis</span> <span class='ocrx_word' id='word_1_382' title='bbox 653 3652 785 3701; x_wconf 84' lang='lat' dir='ltr'>Ecctesiae</span> <span class='ocrx_word' id='word_1_383' title='bbox 804 3653 1022 3715; x_wconf 78' lang='lat' dir='ltr'>redintepratione</span> <span class='ocrx_word' id='word_1_384' title='bbox 1040 3651 1101 3699; x_wconf 79' lang='lat' dir='ltr'>aiiii</span> <span class='ocrx_word' id='word_1_385' title='bbox 1117 3660 1217 3713; x_wconf 77' lang='lat' dir='ltr'>pereat.</span> <span class='ocrx_word' id='word_1_386' title='bbox 1252 3645 1302 3699; x_wconf 83' lang='lat' dir='ltr'>His</span> <span class='ocrx_word' id='word_1_387' title='bbox 1320 3663 1397 3715; x_wconf 85' lang='lat' dir='ltr'>prae·</span> 
     </span>
     <span class='ocr_line' id='line_1_37' title="bbox 129 3727 1398 3800; baseline 0.004 -20"><span class='ocrx_word' id='word_1_388' title='bbox 129 3727 204 3780; x_wconf 86' lang='lat' dir='ltr'>ierat</span> <span class='ocrx_word' id='word_1_389' title='bbox 220 3727 383 3781; x_wconf 83' lang='lat' dir='ltr'>Melcbiadis</span> <span class='ocrx_word' id='word_1_390' title='bbox 400 3730 428 3782; x_wconf 91' lang='lat' dir='ltr'>in</span> <span class='ocrx_word' id='word_1_391' title='bbox 447 3749 529 3785; x_wconf 89' lang='lat' dir='ltr'>causa</span> <span class='ocrx_word' id='word_1_392' title='bbox 547 3732 696 3786; x_wconf 88' lang='lat' dir='ltr'>Caeciliani</span> <span class='ocrx_word' id='word_1_393' title='bbox 715 3733 853 3791; x_wconf 86' lang='lat' dir='ltr'>sententia</span> <span class='ocrx_word' id='word_1_394' title='bbox 872 3733 907 3785; x_wconf 90' lang='lat' dir='ltr'>ab</span> <span class='ocrx_word' id='word_1_395' title='bbox 926 3733 1081 3800; x_wconf 83' lang='lat' dir='ltr'>Augustino</span> <span class='ocrx_word' id='word_1_396' title='bbox 1100 3731 1180 3800; x_wconf 89' lang='lat' dir='ltr'>epist.</span> <span class='ocrx_word' id='word_1_397' title='bbox 1191 3739 1224 3785; x_wconf 84' lang='grc'>43</span> <span class='ocrx_word' id='word_1_398' title='bbox 1243 3730 1319 3798; x_wconf 91' lang='lat' dir='ltr'>(olim</span> <span class='ocrx_word' id='word_1_399' title='bbox 1340 3737 1398 3800; x_wconf 74' lang='lat'>162)</span> 
     </span>
     <span class='ocr_line' id='line_1_38' title="bbox 128 3814 1398 3886; baseline 0.005 -22"><span class='ocrx_word' id='word_1_400' title='bbox 128 3830 158 3864; x_wconf 91' lang='lat' dir='ltr'>n.</span> <span class='ocrx_word' id='word_1_401' title='bbox 179 3817 210 3864; x_wconf 87' lang='grc'>16</span> <span class='ocrx_word' id='word_1_402' title='bbox 228 3814 374 3881; x_wconf 86' lang='lat' dir='ltr'>tantopere</span> <span class='ocrx_word' id='word_1_403' title='bbox 393 3815 518 3879; x_wconf 89' lang='lat' dir='ltr'>laudata,</span> <span class='ocrx_word' id='word_1_404' title='bbox 541 3835 610 3886; x_wconf 89' lang='lat' dir='ltr'>qua,</span> <span class='ocrx_word' id='word_1_405' title='bbox 634 3820 665 3869; x_wconf 90' lang='lat' dir='ltr'>ut</span> <span class='ocrx_word' id='word_1_406' title='bbox 683 3817 896 3885; x_wconf 84' lang='lat' dir='ltr'>Carthaginensi</span> <span class='ocrx_word' id='word_1_407' title='bbox 913 3817 1044 3871; x_wconf 87' lang='lat' dir='ltr'>ecclesiae</span> <span class='ocrx_word' id='word_1_408' title='bbox 1062 3834 1161 3886; x_wconf 87' lang='lat' dir='ltr'>pacem</span> <span class='ocrx_word' id='word_1_409' title='bbox 1179 3816 1320 3881; x_wconf 89' lang='lat' dir='ltr'>redderet,</span> <span class='ocrx_word' id='word_1_410' title='bbox 1344 3817 1398 3870; x_wconf 91' lang='lat' dir='ltr'>Do-</span> 
     </span>
     <span class='ocr_line' id='line_1_39' title="bbox 94 3898 1397 3969; baseline 0.005 -19"><span class='ocrx_word' id='word_1_411' title='bbox 94 3961 98 3969; x_wconf 25' lang='lat'>,</span> <span class='ocrx_word' id='word_1_412' title='bbox 128 3898 198 3950; x_wconf 86' lang='lat' dir='ltr'>nato</span> <span class='ocrx_word' id='word_1_413' title='bbox 217 3898 276 3951; x_wconf 89' lang='lat' dir='ltr'>solo</span> <span class='ocrx_word' id='word_1_414' title='bbox 300 3898 444 3965; x_wconf 88' lang='lat' dir='ltr'>damnato,</span> <span class='ocrx_word' id='word_1_415' title='bbox 466 3904 581 3969; x_wconf 90' lang='lat' dir='ltr'>paratus</span> <span class='ocrx_word' id='word_1_416' title='bbox 604 3904 696 3955; x_wconf 76' lang='lat' dir='ltr'>sircrat</span> <span class='ocrx_word' id='word_1_417' title='bbox 714 3902 973 3956; x_wconf 86' lang='lat' dir='ltr'>communicatorias</span> <span class='ocrx_word' id='word_1_418' title='bbox 993 3902 1101 3955; x_wconf 89' lang='lat' dir='ltr'>litteras</span> <span class='ocrx_word' id='word_1_419' title='bbox 1123 3902 1156 3955; x_wconf 91' lang='lat' dir='ltr'>iis</span> <span class='ocrx_word' id='word_1_420' title='bbox 1174 3902 1259 3955; x_wconf 89' lang='lat' dir='ltr'>etiam</span> <span class='ocrx_word' id='word_1_421' title='bbox 1277 3902 1397 3969; x_wconf 88' lang='lat' dir='ltr'>mittere,</span> 
     </span>
     <span class='ocr_line' id='line_1_40' title="bbox 129 3973 1397 4057; baseline 0.004 -22"><span class='ocrx_word' id='word_1_422' title='bbox 129 3999 202 4052; x_wconf 89' lang='lat' dir='ltr'>quos</span> <span class='ocrx_word' id='word_1_423' title='bbox 220 4000 237 4037; x_wconf 87' lang='lat' dir='ltr'>a</span> <span class='ocrx_word' id='word_1_424' title='bbox 254 3984 409 4052; x_wconf 85' lang='lat' dir='ltr'>Majoriano</span> <span class='ocrx_word' id='word_1_425' title='bbox 428 3986 455 4038; x_wconf 92' lang='lat' dir='ltr'>in</span> <span class='ocrx_word' id='word_1_426' title='bbox 473 3987 563 4040; x_wconf 89' lang='lat' dir='ltr'>locum</span> <span class='ocrx_word' id='word_1_427' title='bbox 578 3987 726 4041; x_wconf 83' lang='lat' dir='ltr'>Caeciliani</span> <span class='ocrx_word' id='word_1_428' title='bbox 744 3986 860 4041; x_wconf 63' lang='lat' dir='ltr'>adventis</span> <span class='ocrx_word' id='word_1_429' title='bbox 878 4006 928 4057; x_wconf 88' lang='lat' dir='ltr'>per</span> <span class='ocrx_word' id='word_1_430' title='bbox 946 4002 1082 4041; x_wconf 85' lang='lat' dir='ltr'>snmrnmn</span> <span class='ocrx_word' id='word_1_431' title='bbox 1101 3973 1178 4041; x_wconf 81' lang='lat' dir='ltr'>nefas</span> <span class='ocrx_word' id='word_1_432' title='bbox 1197 3987 1312 4042; x_wconf 85' lang='lat' dir='ltr'>suffecto</span> <span class='ocrx_word' id='word_1_433' title='bbox 1326 3986 1397 4053; x_wconf 73' lang='lat' dir='ltr'>ordi-</span> 
     </span>
     <span class='ocr_line' id='line_1_41' title="bbox 127 4070 1396 4142; baseline 0.002 -19"><span class='ocrx_word' id='word_1_434' title='bbox 127 4070 212 4123; x_wconf 79' lang='lat' dir='ltr'>natos</span> <span class='ocrx_word' id='word_1_435' title='bbox 229 4086 289 4123; x_wconf 89' lang='lat' dir='ltr'>csse</span> <span class='ocrx_word' id='word_1_436' title='bbox 307 4072 455 4124; x_wconf 89' lang='lat' dir='ltr'>constaret.</span> <span class='ocrx_word' id='word_1_437' title='bbox 492 4071 667 4142; x_wconf 80' lang='lat' dir='ltr'>Quapropter</span> <span class='ocrx_word' id='word_1_438' title='bbox 686 4072 754 4124; x_wconf 88' lang='lat' dir='ltr'>nihil</span> <span class='ocrx_word' id='word_1_439' title='bbox 772 4074 808 4126; x_wconf 89' lang='lat' dir='ltr'>ab</span> <span class='ocrx_word' id='word_1_440' title='bbox 826 4073 986 4139; x_wconf 67' lang='lat' dir='ltr'>Anastasis,</span> <span class='ocrx_word' id='word_1_441' title='bbox 1005 4073 1079 4139; x_wconf 88' lang='lat' dir='ltr'>quod</span> <span class='ocrx_word' id='word_1_442' title='bbox 1097 4073 1234 4141; x_wconf 87' lang='lat' dir='ltr'>majorum</span> <span class='ocrx_word' id='word_1_443' title='bbox 1252 4075 1336 4141; x_wconf 86' lang='lat' dir='ltr'>atque</span> <span class='ocrx_word' id='word_1_444' title='bbox 1355 4090 1396 4126; x_wconf 91' lang='lat' dir='ltr'>ec-</span> 
     </span>
     <span class='ocr_line' id='line_1_42' title="bbox 128 4153 1396 4226; baseline 0.002 -19"><span class='ocrx_word' id='word_1_445' title='bbox 128 4153 302 4208; x_wconf 86' lang='lat' dir='ltr'>clesiasticae</span> <span class='ocrx_word' id='word_1_446' title='bbox 334 4154 495 4225; x_wconf 90' lang='lat' dir='ltr'>disciplinae</span> <span class='ocrx_word' id='word_1_447' title='bbox 523 4158 626 4226; x_wconf 86' lang='lat' dir='ltr'>regulis</span> <span class='ocrx_word' id='word_1_448' title='bbox 652 4174 707 4209; x_wconf 90' lang='lat' dir='ltr'>non</span> <span class='ocrx_word' id='word_1_449' title='bbox 735 4157 861 4226; x_wconf 87' lang='lat' dir='ltr'>apprime</span> <span class='ocrx_word' id='word_1_450' title='bbox 888 4160 1102 4213; x_wconf 88' lang='lat' dir='ltr'>consentaneum</span> <span class='ocrx_word' id='word_1_451' title='bbox 1132 4158 1184 4223; x_wconf 87' lang='lat' dir='ltr'>sit,</span> <span class='ocrx_word' id='word_1_452' title='bbox 1213 4157 1258 4210; x_wconf 92' lang='lat' dir='ltr'>hic</span> <span class='ocrx_word' id='word_1_453' title='bbox 1285 4156 1396 4211; x_wconf 89' lang='lat' dir='ltr'>decerni</span> 
     </span>
     <span class='ocr_line' id='line_1_43' title="bbox 127 4237 227 4306; baseline 0.01 -15"><span class='ocrx_word' id='word_1_454' title='bbox 127 4237 227 4306; x_wconf 89' lang='lat' dir='ltr'>liquet.</span> 
     </span>
    </p>

    <p class='ocr_par' dir='ltr' id='par_1_9' title="bbox 125 4323 1396 4480">
     <span class='ocr_line' id='line_1_44' title="bbox 196 4323 1396 4398; baseline 0.008 -23"><span class='ocrx_word' id='word_1_455' title='bbox 196 4325 229 4393; x_wconf 82' lang='lat'>³¹)</span> <span class='ocrx_word' id='word_1_456' title='bbox 248 4323 308 4377; x_wconf 92' lang='lat' dir='ltr'>Hoc</span> <span class='ocrx_word' id='word_1_457' title='bbox 326 4328 378 4379; x_wconf 89' lang='lat' dir='ltr'>est:</span> <span class='ocrx_word' id='word_1_458' title='bbox 402 4326 437 4379; x_wconf 91' lang='lat' dir='ltr'>ab</span> <span class='ocrx_word' id='word_1_459' title='bbox 455 4326 578 4380; x_wconf 87' lang='lat' dir='ltr'>Ecclesia</span> <span class='ocrx_word' id='word_1_460' title='bbox 596 4328 679 4394; x_wconf 87' lang='lat' dir='ltr'>absit,</span> <span class='ocrx_word' id='word_1_461' title='bbox 703 4333 735 4382; x_wconf 93' lang='lat' dir='ltr'>ut</span> <span class='ocrx_word' id='word_1_462' title='bbox 752 4330 787 4383; x_wconf 89' lang='lat' dir='ltr'>ab</span> <span class='ocrx_word' id='word_1_463' title='bbox 807 4330 933 4383; x_wconf 86' lang='lat' dir='ltr'>adultero</span> <span class='ocrx_word' id='word_1_464' title='bbox 952 4329 995 4382; x_wconf 83' lang='lat' dir='ltr'>vel</span> <span class='ocrx_word' id='word_1_465' title='bbox 1017 4331 1077 4383; x_wconf 86' lang='lat' dir='ltr'>fure</span> <span class='ocrx_word' id='word_1_466' title='bbox 1101 4329 1255 4398; x_wconf 87' lang='lat' dir='ltr'>baptismus</span> <span class='ocrx_word' id='word_1_467' title='bbox 1273 4329 1396 4384; x_wconf 82' lang='lat' dir='ltr'>consera-</span> 
     </span>
     <span class='ocr_line' id='line_1_45' title="bbox 125 4409 972 4480; baseline 0.004 -18"><span class='ocrx_word' id='word_1_468' title='bbox 125 4409 182 4462; x_wconf 88' lang='lat' dir='ltr'>tur.</span> <span class='ocrx_word' id='word_1_469' title='bbox 219 4409 252 4461; x_wconf 92' lang='lat' dir='ltr'>In</span> <span class='ocrx_word' id='word_1_470' title='bbox 270 4409 391 4478; x_wconf 86' lang='lat' dir='ltr'>vulgatis</span> <span class='ocrx_word' id='word_1_471' title='bbox 409 4413 502 4464; x_wconf 86' lang='lat' dir='ltr'>autern</span> <span class='ocrx_word' id='word_1_472' title='bbox 519 4420 611 4480; x_wconf 84' lang='lat' dir='ltr'>procot</span> <span class='ocrx_word' id='word_1_473' title='bbox 625 4420 654 4479; x_wconf 78' lang='lat' dir='ltr'>fit</span> <span class='ocrx_word' id='word_1_474' title='bbox 673 4414 805 4467; x_wconf 90' lang='lat' dir='ltr'>mendose</span> <span class='ocrx_word' id='word_1_475' title='bbox 823 4416 972 4468; x_wconf 86' lang='lat' dir='ltr'>ferebatur.</span> 
     </span>
    </p>

    <p class='ocr_par' dir='ltr' id='par_1_10' title="bbox 196 4493 728 4566">
     <span class='ocr_line' id='line_1_46' title="bbox 196 4493 728 4566; baseline 0.019 -21"><span class='ocrx_word' id='word_1_476' title='bbox 196 4494 230 4561; x_wconf 79' lang='lat'>³²)</span> <span class='ocrx_word' id='word_1_477' title='bbox 248 4493 283 4546; x_wconf 69' lang='lat' dir='ltr'>E*</span> <span class='ocrx_word' id='word_1_478' title='bbox 300 4502 360 4564; x_wconf 81' lang='lat' dir='ltr'>quia</span> <span class='ocrx_word' id='word_1_479' title='bbox 377 4502 525 4550; x_wconf 85' lang='lat' dir='ltr'>declaratur</span> <span class='ocrx_word' id='word_1_480' title='bbox 543 4506 611 4566; x_wconf 82' lang='lat' dir='ltr'>quod</span> <span class='ocrx_word' id='word_1_481' title='bbox 628 4505 728 4555; x_wconf 85' lang='lat' dir='ltr'>dicitur.</span> 
     </span>
    </p>

    <p class='ocr_par' dir='ltr' id='par_1_11' title="bbox 116 4579 1393 4999">
     <span class='ocr_line' id='line_1_47' title="bbox 195 4579 1392 4655; baseline 0.008 -24"><span class='ocrx_word' id='word_1_482' title='bbox 195 4580 229 4647; x_wconf 80' lang='lat'>³³)</span> <span class='ocrx_word' id='word_1_483' title='bbox 248 4579 291 4632; x_wconf 77' lang='lat' dir='ltr'>lta</span> <span class='ocrx_word' id='word_1_484' title='bbox 312 4597 376 4637; x_wconf 85' lang='lat' dir='ltr'>mss.</span> <span class='ocrx_word' id='word_1_485' title='bbox 400 4583 429 4634; x_wconf 90' lang='lat' dir='ltr'>et</span> <span class='ocrx_word' id='word_1_486' title='bbox 453 4585 476 4634; x_wconf 81' lang='lat'>0¹</span> <span class='ocrx_word' id='word_1_487' title='bbox 501 4583 538 4635; x_wconf 71' lang='lat' dir='ltr'>hl.</span> <span class='ocrx_word' id='word_1_488' title='bbox 575 4583 628 4635; x_wconf 91' lang='lat' dir='ltr'>Alii</span> <span class='ocrx_word' id='word_1_489' title='bbox 650 4601 716 4638; x_wconf 86' lang='lat' dir='ltr'>vero</span> <span class='ocrx_word' id='word_1_490' title='bbox 740 4584 808 4638; x_wconf 82' lang='lat' dir='ltr'>aditi</span> <span class='ocrx_word' id='word_1_491' title='bbox 830 4589 928 4652; x_wconf 85' lang='lat' dir='ltr'>Spiritu</span> <span class='ocrx_word' id='word_1_492' title='bbox 950 4595 1038 4640; x_wconf 59' lang='lat' dir='ltr'>‹stracto</span> <span class='ocrx_word' id='word_1_493' title='bbox 1062 4584 1105 4640; x_wconf 85' lang='lat' dir='ltr'>vel</span> <span class='ocrx_word' id='word_1_494' title='bbox 1127 4593 1153 4641; x_wconf 86' lang='lat' dir='ltr'>in</span> <span class='ocrx_word' id='word_1_495' title='bbox 1176 4587 1275 4655; x_wconf 82' lang='lat' dir='ltr'>Spiritu</span> <span class='ocrx_word' id='word_1_496' title='bbox 1296 4597 1392 4644; x_wconf 83' lang='lat' dir='ltr'>sancto.</span> 
     </span>
     <span class='ocr_line' id='line_1_48' title="bbox 120 4663 1392 4738; baseline 0.006 -18"><span class='ocrx_word' id='word_1_497' title='bbox 120 4663 217 4720; x_wconf 90' lang='lat' dir='ltr'>Nemo</span> <span class='ocrx_word' id='word_1_498' title='bbox 236 4681 293 4719; x_wconf 91' lang='lat' dir='ltr'>non</span> <span class='ocrx_word' id='word_1_499' title='bbox 311 4663 398 4730; x_wconf 88' lang='lat' dir='ltr'>videt,</span> <span class='ocrx_word' id='word_1_500' title='bbox 417 4665 462 4719; x_wconf 90' lang='lat' dir='ltr'>hie</span> <span class='ocrx_word' id='word_1_501' title='bbox 480 4668 583 4721; x_wconf 87' lang='lat' dir='ltr'>firmari</span> <span class='ocrx_word' id='word_1_502' title='bbox 603 4669 770 4736; x_wconf 89' lang='lat' dir='ltr'>doctrinam,</span> <span class='ocrx_word' id='word_1_503' title='bbox 793 4687 877 4736; x_wconf 88' lang='lat' dir='ltr'>quam</span> <span class='ocrx_word' id='word_1_504' title='bbox 895 4672 1065 4738; x_wconf 85' lang='lat' dir='ltr'>Augustinus</span> <span class='ocrx_word' id='word_1_505' title='bbox 1083 4671 1214 4725; x_wconf 85' lang='lat' dir='ltr'>adversus</span> <span class='ocrx_word' id='word_1_506' title='bbox 1232 4672 1392 4728; x_wconf 76' lang='lat' dir='ltr'>Donatistae</span> 
     </span>
     <span class='ocr_line' id='line_1_49' title="bbox 118 4749 1393 4825; baseline 0.007 -21"><span class='ocrx_word' id='word_1_507' title='bbox 118 4750 230 4821; x_wconf 84' lang='lat' dir='ltr'>passim</span> <span class='ocrx_word' id='word_1_508' title='bbox 248 4749 375 4804; x_wconf 88' lang='lat' dir='ltr'>adstruit.</span> <span class='ocrx_word' id='word_1_509' title='bbox 406 4755 484 4818; x_wconf 76' lang='lat' dir='ltr'>Apud</span> <span class='ocrx_word' id='word_1_510' title='bbox 498 4757 661 4815; x_wconf 75' lang='lat' dir='ltr'>Cbtstiauos,</span> <span class='ocrx_word' id='word_1_511' title='bbox 680 4754 769 4822; x_wconf 88' lang='lat' dir='ltr'>inquit</span> <span class='ocrx_word' id='word_1_512' title='bbox 786 4755 950 4809; x_wconf 87' lang='lat' dir='ltr'>nominatim</span> <span class='ocrx_word' id='word_1_513' title='bbox 963 4757 1060 4809; x_wconf 88' lang='lat' dir='ltr'>contra</span> <span class='ocrx_word' id='word_1_514' title='bbox 1072 4756 1152 4825; x_wconf 86' lang='lat' dir='ltr'>epist.</span> <span class='ocrx_word' id='word_1_515' title='bbox 1165 4758 1291 4812; x_wconf 88' lang='lat' dir='ltr'>Parmcn.</span> <span class='ocrx_word' id='word_1_516' title='bbox 1306 4758 1353 4813; x_wconf 89' lang='lat' dir='ltr'>lib.</span> <span class='ocrx_word' id='word_1_517' title='bbox 1368 4760 1393 4813; x_wconf 94' lang='grc' dir='ltr'>ΙΙ</span> 
     </span>
     <span class='ocr_line' id='line_1_50' title="bbox 117 4841 1391 4911; baseline 0.006 -20"><span class='ocrx_word' id='word_1_518' title='bbox 117 4854 143 4891; x_wconf 77' lang='lat' dir='ltr'>a.</span> <span class='ocrx_word' id='word_1_519' title='bbox 159 4843 202 4902; x_wconf 89' lang='grc'><strong>10,</strong></span> <span class='ocrx_word' id='word_1_520' title='bbox 221 4846 280 4889; x_wconf 84' lang='lat' dir='ltr'>suut</span> <span class='ocrx_word' id='word_1_521' title='bbox 299 4841 378 4903; x_wconf 82' lang='lat' dir='ltr'>aliqui</span> <span class='ocrx_word' id='word_1_522' title='bbox 392 4844 538 4904; x_wconf 85' lang='lat' dir='ltr'>praepositi</span> <span class='ocrx_word' id='word_1_523' title='bbox 555 4848 592 4891; x_wconf 83' lang='lat' dir='ltr'>oet</span> <span class='ocrx_word' id='word_1_524' title='bbox 609 4845 725 4905; x_wconf 72' lang='lat' dir='ltr'>ntiaistri,</span> <span class='ocrx_word' id='word_1_525' title='bbox 745 4847 787 4908; x_wconf 80' lang='lat' dir='ltr'>qui</span> <span class='ocrx_word' id='word_1_526' title='bbox 802 4862 852 4908; x_wconf 83' lang='lat' dir='ltr'>per</span> <span class='ocrx_word' id='word_1_527' title='bbox 870 4847 1019 4909; x_wconf 82' lang='lat' dir='ltr'>impietatem</span> <span class='ocrx_word' id='word_1_528' title='bbox 1038 4853 1063 4894; x_wconf 88' lang='lat' dir='ltr'>ct</span> <span class='ocrx_word' id='word_1_529' title='bbox 1081 4848 1234 4911; x_wconf 82' lang='lat' dir='ltr'>iniquitatem</span> <span class='ocrx_word' id='word_1_530' title='bbox 1246 4865 1315 4898; x_wconf 87' lang='lat' dir='ltr'>suam</span> <span class='ocrx_word' id='word_1_531' title='bbox 1326 4866 1391 4900; x_wconf 85' lang='lat' dir='ltr'>uror·</span> 
     </span>
     <span class='ocr_line' id='line_1_51' title="bbox 116 4925 1296 4999; baseline 0.007 -23"><span class='ocrx_word' id='word_1_532' title='bbox 116 4929 158 4976; x_wconf 76' lang='lat' dir='ltr'>tui</span> <span class='ocrx_word' id='word_1_533' title='bbox 174 4932 244 4986; x_wconf 73' lang='lat' dir='ltr'>arunt,</span> <span class='ocrx_word' id='word_1_534' title='bbox 264 4925 324 4974; x_wconf 85' lang='lat' dir='ltr'>uiuit</span> <span class='ocrx_word' id='word_1_535' title='bbox 341 4933 422 4974; x_wconf 76' lang='lat' dir='ltr'>irenica</span> <span class='ocrx_word' id='word_1_536' title='bbox 440 4928 489 4983; x_wconf 85' lang='lat' dir='ltr'>ille,</span> <span class='ocrx_word' id='word_1_537' title='bbox 508 4929 539 4976; x_wconf 89' lang='lat' dir='ltr'>de</span> <span class='ocrx_word' id='word_1_538' title='bbox 558 4946 606 4993; x_wconf 85' lang='lat' dir='ltr'>quo</span> <span class='ocrx_word' id='word_1_539' title='bbox 625 4930 715 4978; x_wconf 83' lang='lat' dir='ltr'>dictura</span> <span class='ocrx_word' id='word_1_540' title='bbox 734 4939 772 4978; x_wconf 86' lang='lat' dir='ltr'>cst</span> <span class='ocrx_word' id='word_1_541' title='bbox 789 4932 815 4979; x_wconf 85' lang='lat' dir='ltr'>ia</span> <span class='ocrx_word' id='word_1_542' title='bbox 833 4933 975 4994; x_wconf 82' lang='lat' dir='ltr'>enorrpclio:</span> <span class='ocrx_word' id='word_1_543' title='bbox 992 4933 1032 4982; x_wconf 86' lang='lat' dir='ltr'>liic</span> <span class='ocrx_word' id='word_1_544' title='bbox 1050 4939 1097 4997; x_wconf 88' lang='lat' dir='ltr'>cst,</span> <span class='ocrx_word' id='word_1_545' title='bbox 1116 4934 1160 4999; x_wconf 88' lang='lat' dir='ltr'>qui</span> <span class='ocrx_word' id='word_1_546' title='bbox 1175 4933 1296 4997; x_wconf 82' lang='lat' dir='ltr'>baptizat.</span> 
     </span>
    </p>
   </div>
   <div class='ocr_carea' id='block_1_4' title="bbox 0 0 1606 5506">
    <p class='ocr_par' dir='ltr' id='par_1_12' title="bbox 0 0 1606 5506">
     <span class='ocr_line' id='line_1_52' title="bbox 0 0 1606 5506; baseline 0 3"><span class='ocrx_word' id='word_1_547' title='bbox 0 0 1606 5506; x_wconf 95' lang='lat' dir='ltr'> </span> 
     </span>
    </p>
   </div>
  </div>
 </body>
</html>
