3224 5506
109 79 165 159 noc
183 63 421 124 sacramentum
442 60 541 124 vitam
563 58 683 125 habere
703 59 873 125 videantur
894 63 1108 145 praesentem.
1147 46 1151 53 ’

119 164 171 235 est
191 182 269 246 ergo
291 161 376 247 quod
397 161 522 246 dicant,
551 163 636 246 quod
661 183 729 227 non
755 161 1031 261 renati-infantes
1053 167 1194 229 tantum·

109 284 232 344 reanum
259 270 411 330 coelorum
443 264 490 330 ire
522 285 587 329 non
618 264 763 349 valcant,
800 286 867 330 non
900 267 1007 331 autem
1040 269 1195 353 perpetua

109 388 130 432 e
155 366 352 453 puniantur3
385 367 460 432 dum
487 366 557 431 sine
586 367 780 453 baptismate
804 389 918 451 corpus
933 371 981 432 ct
1002 369 1195 453 sanguinem

109 469 241 535 cedere
255 469 386 533 valeant
399 491 460 534 nec
482 472 603 555 potare,
627 470 698 534 sine
721 472 827 534 autem
849 469 910 534 hoc
932 477 1024 535 vitam
1043 477 1075 536 in
1090 482 1193 537 semet·

109 592 132 638 e
151 593 219 638 nou
240 572 376 657 possint,
417 573 486 636 aine
515 572 582 636 vita
604 593 679 637 vero
700 573 831 637 nonnisi
852 574 970 639 mortui
992 574 1059 638 sint
1079 572 1192 638 futuri.

108 674 188 758 itur,
226 676 261 739 in
289 677 391 739 morte
418 678 574 759 perpetua
597 674 810 760 constitutiffi)
839 675 866 739 si
894 697 961 740 non
983 674 1194 740 aestimentur

109 777 175 845 rati.
224 776 355 842 Tollant
383 798 460 861 ergo
489 777 527 842 de
554 777 659 842 medio
693 777 801 841 neseio
827 799 922 862 quern
954 778 1015 861 ipsi
1050 778 1192 861 tertium,

109 879 234 964 piendis
257 879 397 963 parvulis
419 879 554 962 faciunt,
578 880 698 962 locum3
722 880 851 965 etquis
873 901 939 944 non
960 880 1024 944 nisi
1046 880 1192 945 dextram

109 982 205 1068 rimus
228 984 260 1046 et
282 981 460 1065 sinistram,
494 1003 559 1046 uon
587 982 658 1046 illos
685 981 810 1046 faciant
836 982 870 1046 in
899 982 1030 1047 sinistra
1058 982 1193 1068 regione

109 1084 258 1170 ptismate
280 1105 455 1168 remanere,
480 1084 535 1150 sed
557 1085 737 1170 baptizatos
759 1085 871 1149 sinant
895 1083 935 1149 ad
957 1084 1121 1165 dexteram
1144 1096 1192 1151 'sa-

109 1208 172 1251 rcra
194 1187 439 1271 regeneratione
461 1187 642 1252 transferri.
1033 1233 1038 1243 ·

109 1289 192 1354 ertio
221 1288 361 1373 capitulo
389 1290 458 1373 jam
490 1293 559 1354 toto
591 1290 710 1355 mundo
747 1289 878 1374 cognita
910 1292 1007 1375 atque
1041 1290 1190 1356 convicta

109 1413 170 1457 nm
203 1389 414 1457 deliramenta
447 1392 647 1476 circumfert,
682 1392 796 1477 quibus
824 1392 952 1476 dicunt,
984 1392 1068 1478 quod
1097 1391 1192 1458 homo

109 1516 139 1559 m
168 1493 352 1577 arbitrium,
387 1495 470 1579 quod
500 1496 656 1580 corrupit,
695 1494 836 1559 foedavit
858 1517 896 1559 ac
917 1495 1073 1579 perdidit,
1109 1496 1193 1561 bono

109 1600 279 1663 erraturae
301 1597 414 1662 beatus
444 1597 596 1681 efficitur3
626 1619 723 1682 quum
751 1597 790 1661 de
811 1596 1011 1662 beatitudine
1038 1597 1190 1681 paradisi,

109 1698 216 1763 fuerat
238 1700 414 1764 constituta
436 1700 632 1784 substantia,
666 1700 729 1763 nisi
757 1719 814 1763 suo
842 1698 959 1764 amisso
983 1698 1068 1764 bono
1090 1699 1192 1764 nulla·

109 1800 198 1866 risset
223 1801 354 1885 expelli:
383 1802 455 1866 ideo
480 1803 626 1890 mortalis
654 1802 778 1884 effecta,
809 1802 884 1886 quia
911 1801 949 1866 de
976 1801 1060 1865 bono
1083 1801 1192 1885 utique

110 1903 199 1968 tione
231 1903 401 1968 transisset
433 1904 473 1969 ad
503 1904 645 1986 malurn,
683 1906 716 1967 et
751 1926 770 1968 a
807 1902 1053 1987 participatione
1083 1902 1192 1967 divina

109 2026 151 2069 ca
175 2007 285 2087 ‚semet
316 2004 461 2071 facinora
494 2006 697 2089 contulisset3
729 2005 800 2068 idco
836 2004 997 2087 deceptori
1029 2025 1107 2086 suo,
1141 2005 1192 2069 cui

109 2109 240 2190 raserat,
265 2111 483 2192 competenter
505 2109 661 2191 addictus,
684 2107 756 2172 ideo
778 2107 817 2172 de
833 2105 999 2171 felicitatis
1021 2128 1097 2171 suae
1113 2106 1192 2171 cari-

109 2232 164 2274 sus
198 2213 294 2296 atque
323 2210 363 2275 ad
394 2211 504 2294 spinas
532 2214 565 2275 ct
590 2210 727 2275 tribidos
759 2209 966 2294 miseriasque
998 2207 1192 2293 multiplicas

109 2334 160 2377 oce
197 2311 368 2377 damnatus
400 2315 463 2394 est3
496 2335 577 2397 quaa
603 2315 714 2398 utique
741 2333 846 2396 poena
876 2310 958 2394 justi
983 2309 1096 2393 judicii
1124 2314 1192 2375 tam

114 2435 229 2499 aspera
254 2413 290 2479 in
317 2414 403 2478 bono
430 2415 649 2500 perseveranti
671 2414 856 2479 nullatenus
885 2415 969 2477 esset
995 2412 1130 2495 inflicta,
1160 2417 1193 2477 et

109 2567 114 2594 ,
142 2537 211 2581 non
241 2516 468 2581 convenienter
501 2516 593 2580 illata
620 2517 821 2602 probaretur.
866 2514 951 2579 Ecce
984 2515 1054 2579 sine
1083 2513 1192 2578 divino

109 2618 192 2704 quod
214 2617 249 2682 in
270 2618 326 2682 illa
348 2617 548 2683 beatitudine
562 2620 685 2703 positus
706 2639 872 2703 nunquam
886 2604 1006 2702 legitur
1021 2615 1191 2699 expetisse,

109 2719 256 2785 ‚homiui
279 2721 426 2807 naturale
455 2721 574 2785 bonum
601 2721 750 2806 prodesse
772 2740 838 2784 non
860 2719 977 2804 potnit,
1001 2740 1067 2783 non
1091 2716 1193 2782 solum

128 2823 275 2903 beatum,
294 2822 365 2889 sed
393 2844 491 2907 quum
518 2823 580 2888 hoc
601 2823 668 2888 solo
691 2822 823 2888 confidit
842 2824 941 2907 atque
966 2819 1006 2885 ad
1032 2820 1100 2903 ejus
1126 2840 1193 2883 non
