3204 5506
379 360 612 422 1111111116
636 355 697 439 (nx
717 369 813 419 noir.
837 355 1050 441 11111111).
1284 353 1346 420 411

100 546 174 590 rum
199 525 393 610 praesulum
412 509 499 591 certe
521 526 739 610 damnaverat,
763 548 856 612 quem
878 524 974 590 simili
996 525 1088 590 modo
1111 525 1200 589 sedes
1222 527 1381 608 aposto-a.
1394 538 1452 588 411,

100 648 120 693 a
143 614 260 693 etiam
283 628 363 712 sola,
387 629 549 714 quianon
572 628 744 712 consensit,
768 628 914 693 absolvit.
945 626 1091 713 Itemque
1113 630 1262 692 sanctum
1277 626 1348 690 Fla-

100 753 201 795 mum
225 730 418 816 pontificem
440 730 634 795 Graecorum
656 729 907 816 congregatione
929 729 1116 795 damnatum
1137 730 1208 815 pari
1223 733 1345 811 tenore,

100 834 227 898 oniam
250 832 322 898 sola
344 833 434 898 sedes
450 833 624 918 apostolica
639 856 705 898 non
727 833 904 917 consensit,
937 832 1088 916 absolvit3
1110 832 1278 917 potiusque
1294 832 1348 916 qui

100 957 121 1000 1
137 939 309 1019 receptus
329 935 445 1019 fuerat,
469 935 656 1000 Dioscorum
678 928 834 1000 secundae
850 935 933 1000 sedis
948 935 1127 1020 praesulem
1140 958 1197 1000 sua
1213 934 1347 999 auctori-

100 1059 124 1102 e
139 1038 339 1121 damnavit,
362 1041 396 1102 et
417 1037 550 1123 impiam
571 1038 726 1123 synodum
748 1060 814 1103 non
837 1037 1065 1103 consentiendo
1087 1038 1155 1101 sola
1177 1038 1346 1121 submouit,

100 1161 169 1226 pro
184 1140 338 1204 veritate
352 1143 390 1204 ut
409 1140 549 1226 synodus
564 1139 831 1207 Galobedoueusis
846 1141 946 1223 fieret,
970 1140 1038 1204 sola
1052 1140 1202 1205 decrevit.
1230 1139 1270 1204 ln
1285 1147 1348 1225 q'ua

108 1264 206 1328 ergo
232 1242 306 1307 sols
322 1243 378 1326 jus
402 1240 516 1308 babuit
537 1243 721 1307 absolvendi
755 1264 818 1326 eos,
848 1264 927 1328 quos
950 1242 1102 1327 synodica
1124 1242 1251 1307 decreta
1278 1232 1349 1327 per·

100 1349 233 1428 erm,
259 1345 309 1409 sic
331 1344 430 1409 etiam
452 1344 522 1410 sine
544 1345 667 1428 synodo
689 1345 723 1409 in
745 1347 806 1411 hac
828 1346 939 1410 eadem
961 1365 1057 1409 causa
1079 1344 1232 1428 plurimos
1250 1345 1348 1409 etiam

100 1446 346 1532 &spolitanus
367 1447 536 1512 damnasse
559 1447 771 1533 cognoscitur.

141 1548 281 1626 Quodsi
311 1549 383 1634 quis
414 1549 494 1615 haec
528 1550 570 1615 ab
598 1550 774 1635 apostolica
807 1549 881 1615 sede
913 1550 963 1614 vel
992 1551 1165 1616 secundum
1193 1549 1348 1635 synodum

100 1673 132 1719 ’.ι
153 1650 393 1735 reprehendit,
416 1655 544 1736 praeter
566 1652 648 1738 quod
670 1653 776 1737 prisca
796 1674 902 1717 rerum
925 1653 1114 1736 probatione
1135 1653 1347 1737 convincitur,

100 1755 200 1821 terim
226 1753 334 1818 multo
356 1754 461 1840 magis
483 1756 602 1820 Acacio
625 1777 691 1820 non
712 1754 839 1820 licuisse
861 1755 1026 1820 fatebitur.
1057 1755 1154 1820 Dicat
1175 1777 1262 1840 ergo,
1285 1777 1348 1841 qua

100 1880 127 1923 11
149 1855 293 1942 synodo
315 1857 473 1922 secundae
499 1856 584 1921 sedis
612 1858 792 1922 antistitem
814 1857 1076 1943 qualemcunque,
1107 1861 1192 1922 certe
1215 1856 1348 1923 catholi-

100 1982 133 2025 m
155 1964 198 2025 et
224 1981 245 2022 a
269 1957 437 2023 catholicis
459 1959 652 2043 ordinatum,
676 1981 735 2024 nec
757 1960 797 2024 de
818 1959 976 2024 catholica
990 1959 1052 2024 fide
1075 1963 1108 2023 et
1126 1960 1347 2025 communione

100 2064 283 2148 quatenus
312 2061 511 2145 impetitum,
540 2063 665 2127 duxerit
690 2062 936 2146 excludendum,
964 2065 996 2126 et
1023 2061 1219 2126 haereticum
1245 2064 1347 2127 mani-

100 2168 187 2229 m
213 2162 365 2248 Petrum,
389 2185 446 2227 sua
469 2185 598 2248 quoque·
614 2165 817 2229 exsecutione
840 2166 1036 2248 damnatum,
1066 2165 1222 2229 catholico
1243 2166 1347 2250 ponti-

100 2266 113 2331 i
136 2265 339 2352 permiserit
360 2266 538 2351 subrogari.
584 2265 652 2342 Qua
680 2266 801 2351 synodo
827 2268 942 2332 tertiae
965 2267 1047 2331 sedis
1070 2267 1253 2351 episcopum
1274 2289 1347 2331 san-

100 2391 152 2433 um
177 2366 421 2435 Calendionem
442 2368 521 2433 fecit
543 2369 669 2455 expelli,
701 2392 738 2434 sc
765 2369 972 2434 nihilominus
1001 2370 1104 2434 eidem
1124 2369 1255 2434 Petrum
1279 2374 1347 2434 tam

100 2470 291 2536 misestum
312 2470 519 2555 haereticum,
550 2474 586 2535 ut
608 2472 709 2535 eidem
730 2471 838 2556 palam
860 2494 919 2536 nec
942 2495 975 2536 se
998 2474 1231 2537 communicare
1257 2494 1347 2558 prae-

100 2571 234 2655 nderet,
271 2594 331 2637 sua
358 2595 471 2657 passus
500 2577 551 2637 est
577 2573 786 2657 dispositione
820 2573 994 2638 substitui?
1037 2573 1106 2650 Qua
1128 2575 1263 2659 denique
1291 2598 1349 2659 per

100 2677 173 2741 him
196 2674 372 2741 Orientem
394 2675 526 2760 synodo,
556 2676 666 2758 ejectis
689 2675 873 2740 orthodoxis
900 2676 989 2740 nullo
1011 2678 1144 2742 crimine
1166 2678 1346 2762 maculatis,

100 2799 186 2843 raros
219 2797 366 2862 quosque
393 2780 426 2841 et
454 2777 640 2841 criminibus
673 2777 833 2843 involutos
867 2800 925 2842 sua
955 2779 1135 2862 provisione
1158 2780 1348 2865 supposuit?

100 2900 140 2945 u
149 2878 288 2966 synodo
301 2883 352 2944 tot
369 2879 475 2946 aliena
490 2879 660 2965 privilegia
675 2881 832 2945 nefandus
847 2880 1018 2966 populator
1031 2881 1174 2947 invasit?
1197 2881 1259 2947 Sed
1272 2882 1345 2946 libri

100 3002 136 3049 n
156 2980 345 3066 sufficient,
369 2982 396 3046 si
418 2981 601 3068 tragoedias
625 2982 704 3066 ejus,
733 3005 813 3067 quas
834 3005 892 3066 per
911 2982 1060 3047 ecclesias
1083 2984 1181 3048 totius
1205 2984 1346 3048 Orientis

100 3084 232 3166 tacuit,
256 3082 449 3169 singillatim
472 3083 649 3148 describere
671 3085 850 3149 moliamur.

154 3187 188 3253 8.
239 3186 296 3250 An
317 3184 397 3249 illud
423 3185 523 3270 ipsius
546 3192 772 3272 argumentum
799 3188 892 3252 nobis
915 3188 1088 3253 aestimant
1109 3189 1344 3274 opponendum,

100 3309 136 3353 uo
154 3287 312 3355 facinora
340 3310 397 3352 sua
423 3288 459 3352 in
484 3289 682 3372 imperialem
710 3290 797 3355 visus
824 3294 873 3354 est
896 3290 1020 3373 jactare
1047 3290 1240 3374 personam?
1283 3291 1346 3357 Cur

100 3390 173 3475 gitur
195 3389 331 3476 quando
357 3389 458 3455 voluit
484 3391 611 3455 obstitit
639 3389 795 3458 Basilisco
823 3396 981 3478 tyranno,
1012 3395 1097 3456 certe
1126 3397 1158 3457 et
1184 3393 1345 3458 haeretico

100 3491 286 3559 menter
311 3491 454 3557 infesto?
486 3492 550 3558 Cur
577 3494 639 3578 ipsi
666 3495 853 3580 imperatori
880 3495 1012 3578 Zenoni,
1042 3496 1116 3579 quis
1143 3495 1250 3580 palam
1279 3497 1345 3560 An·

100 3593 228 3661 nubens
248 3593 350 3660 Petro
371 3594 474 3659 noluit
495 3595 739 3681 communicare,
763 3619 853 3661 suam
875 3620 941 3662 non
964 3598 1105 3662 subdidit
1123 3599 1345 3663 voluntatem?
1426 3676 1427 3683 ἵ

100 3694 157 3765 ’ωε
177 3696 293 3783 potuit
313 3696 350 3760 in
382 3695 452 3760 aliis
478 3696 645 3782 resultare,
679 3699 706 3762 si
734 3699 839 3764 vellet.
886 3701 940 3766 An
974 3722 1039 3764 non
1062 3702 1223 3784 apostolus
1250 3702 1435 3767 dieiuaom.

100 3800 144 3865 b
160 3805 264 3866 1111111
293 3805 349 3879 qui
369 3802 507 3878 focium,
537 3806 592 3864 sed
617 3806 706 3864 etiam
734 3809 788 3882 qui
814 3808 1005 3867 consentiunt
1030 3807 1225 3879 facientibus,
1257 3817 1345 3869 rectu
1359 3787 1431 3845 ¹³3²

100 3908 192 3969 usa
213 3911 289 3967 sunt
309 3907 442 3967 irretiti?
478 3900 538 3966 Sed
563 3904 600 3965 ut
621 3923 659 3966 ca
680 3925 761 3987 quae
783 3903 878 3967 latius
901 3903 1089 3988 explicanda
1115 3911 1192 3970 sunt
1219 3907 1343 3970 omitta-

100 4022 154 4091 m,
176 4003 272 4090 quid,
301 4003 385 4088 quod
406 4003 474 4088 ipse
497 4002 607 4068 Zenon
628 4004 802 4088 imperator
824 4006 889 4069 suis
911 4006 1028 4070 litteris
1043 4008 1211 4090 profitetur
1229 4012 1344 4072 cuncta

100 4124 144 4175 Ιι
170 4128 215 4171 ex
236 4104 353 4170 Aeacii
379 4105 517 4191 gessisse
544 4106 695 4191 consilio,
726 4130 785 4172 nec
813 4111 872 4172 hoc
896 4130 967 4171 eum
995 4109 1107 4174 tallere
1135 4110 1251 4173 litteris
1279 4110 1344 4172 suis

100 4228 143 4293 μ
160 4228 295 4297 quoque
308 4210 448 4274 testatur
462 4208 616 4293 Aeacius,
640 4209 695 4294 qui
717 4213 749 4274 et
772 4231 843 4275 eum
865 4208 1073 4275 nihilominus
1095 4213 1243 4281 mriversa
1258 4214 1344 4273 recte

100 4312 216 4381 uisse
237 4310 442 4396 conscripsit,
471 4315 504 4375 et
530 4333 587 4376 suo
610 4311 742 4376 oonsilio
770 4312 849 4377 haec
878 4313 987 4376 eadem
1014 4316 1108 4398 gesta
1128 4304 1200 4377 'non
1227 4313 1343 4375 tacuit!

100 4416 170 4488 h?
192 4434 274 4481 vero
295 4415 424 4478 tantum
444 4414 480 4479 in
502 4413 713 4479 Alexandrini
734 4413 823 4478 Petri
852 4415 1073 4479 communione
1096 4414 1232 4479 Aeacius
1254 4435 1344 4497 prae-

100 4517 236 4585 mator
258 4514 431 4599 exstiterit,
461 4519 493 4579 et
514 4538 580 4582 non
602 4517 637 4581 in
658 4517 822 4601 omnibus,
855 4538 933 4602 quos
961 4518 1011 4582 vel
1032 4517 1111 4581 fecit
1132 4516 1272 4601 depulsis
1295 4538 1344 4580 11-

100 4618 204 4687 ulida
230 4617 441 4704 pontificibus
467 4621 630 4703 tamquam
652 4623 809 4704 tyrannus
832 4619 973 4684 ecclesiis
994 4619 1231 4705 quibuscunque
1253 4641 1344 4703 prae-

100 4723 164 4810 ni,
202 4721 256 4787 sel
288 4719 400 4786 taliter
432 4721 622 4805 praepositis
650 4742 799 4805 perversa
831 4722 1052 4786 communione
1080 4721 1256 4806 permixtus
1284 4723 1343 4803 cst,

100 4824 210 4893 ritca
231 4824 309 4911 ipso
331 4822 505 4888 secundum
527 4845 666 4889 canones
680 4823 810 4888 fuerant
831 4824 873 4888 ab
893 4824 1108 4889 ecclesiastica
1123 4823 1345 4889 communione
1447 4839 1449 4847 ·

100 4927 224 5014 rlleudi,
255 4947 324 5012 quo
351 4947 386 4990 sc
411 4926 498 5011 passi
525 4930 602 4992 sunt
624 4928 820 4993 successores
842 4927 922 4991 vivis
946 4926 1162 4993 sacerdotibus
1185 4925 1344 4993 adhiberi!

103 5048 268 5087 ninom
280 5045 390 5085 sonu.
403 5046 516 5084 roario.
534 5034 556 5085 1.
1101 5037 1140 5095 27
