3204 5506
585 336 780 385 EPISTOLAF.
803 326 950 384 89—91.
1338 321 1399 386 887

127 496 264 578 affectu,
293 496 331 557 ut
352 491 541 557 beneficium
564 514 584 554 a
605 491 694 554 vobis
715 489 750 553 in
777 489 975 574 perfectione
998 491 1086 575 pacis
1109 489 1273 554 Ecclesiae
1296 489 1400 556 velitis
1413 521 1438 558 a.
1449 510 1506 558 519.

127 597 235 682 magis
257 595 344 681 exigi
365 616 462 679 quarn
483 593 601 678 rogari,
621 591 804 676 judicantes
825 592 949 657 meritis
964 593 1173 658 excellentiae
1189 595 1315 658 vestrae
1330 616 1402 678 pro-

128 699 233 776 ficere,
261 697 344 783 quod
371 718 427 761 vos
455 694 677 781 generalitatis
705 694 861 759 desiderio
889 695 1051 780 contingit
1077 695 1201 759 offerre.
1246 694 1341 761 Unde
1369 700 1403 761 et

127 822 189 865 uos
212 823 232 864 a
253 798 342 864 vobis
364 800 568 882 praesumpte
590 796 771 882 quaerimus
792 800 958 881 tamquam
980 796 1139 882 debitum,
1168 798 1251 882 quod
1279 798 1401 862 meritis

127 902 243 966 vestris
266 901 411 966 novimus
440 921 508 964 esse
536 900 748 982 profuturum.
793 899 838 963 Et
864 899 951 983 ideo,
981 899 1108 964 domine
1136 899 1197 981 fili,
1226 901 1286 964 sub
1313 901 1400 965 omni

128 1004 265 1068 caritate
287 1002 464 1068 salutantes
486 1022 661 1085 speramus,
685 1003 722 1064 ut
743 1001 938 1066 immineatis
960 1002 1059 1086 operi,
1083 1002 1166 1087 quod
1186 1001 1325 1067 Domino
1347 1003 1400 1067 ad-

123 1107 260 1190 juvante
282 1105 459 1188 fundastis,
482 1125 637 1167 memores
660 1103 758 1167 divini
788 1103 979 1168 testimonii:
1026 1108 1084 1180 Oai
1105 1113 1349 1186 perseveraverit
1369 1069 1511 1202 irrffi‘ljii

123 1216 226 1285 finem,
249 1213 298 1272 iric
319 1213 420 1270 salvus
441 1213 509 1271 erit.

213 1310 244 1372 2.
277 1308 448 1373 Praeterea
469 1307 654 1392 monachos,
677 1328 756 1392 quos
778 1307 903 1373 venisse
925 1307 1061 1372 Romam
1084 1309 1292 1395 significastis
1314 1310 1399 1376 litte-
1433 1347 1437 1355 ·

126 1413 172 1476 ris
183 1412 207 1499 ¹)
230 1412 360 1495 vestris,
384 1412 425 1474 ad
446 1411 577 1496 propria
599 1432 672 1474 mox
693 1410 850 1475 voluimus
871 1411 999 1475 reverti.
1045 1410 1107 1476 Sed
1128 1412 1203 1496 quia
1226 1413 1285 1477 sub
1307 1414 1396 1478 testi-
1409 1444 1451 1498 ep.
1465 1434 1504 1485 ts.

126 1515 278 1581 ficatione
300 1515 464 1598 potentiae
487 1513 614 1577 (livinae
642 1512 793 1608 dicebant
818 1534 876 1597 per
902 1511 1036 1577 insidias
1063 1514 1098 1578 in
1125 1514 1240 1579 itinere
1268 1518 1399 1599 paratas

127 1619 212 1684 vitae
235 1638 303 1681 sese
326 1615 483 1680 sustinere
506 1637 599 1698 posse
622 1615 809 1698 discrimen,
839 1613 1020 1701 nolentesl)
1046 1616 1150 1680 redire
1173 1615 1398 1682 Constantino-

124 1718 236 1804 polim,
259 1718 346 1802 passi
368 1739 433 1781 non
456 1738 564 1781 sumus
588 1716 743 1781 violenter
765 1716 891 1802 expelli.
929 1715 1130 1802 Quapropter
1152 1741 1281 1784 necesse
1303 1720 1399 1785 habe-

125 1821 231 1885 bimus
253 1819 454 1884 venientibus
476 1819 593 1904 legatis
608 1819 727 1883 nostris
742 1817 913 1904 inquirere,
937 1842 999 1904 qua
1021 1842 1132 1884 revera
1146 1820 1286 1886 faciente
1304 1845 1399 1888 causa

124 1923 213 1986 inter
235 1944 289 1986 cos
310 1921 410 1986 fuerit
431 1924 588 1986 commota
611 1921 779 1986 discordia.

110 2052 115 2061 ·
212 2025 241 2088 3.
276 2022 540 2088 Beatissimorum
567 2045 642 2087 vero
670 2023 888 2108 apostolorum
909 2023 998 2088 Petri
1025 2028 1058 2088 et
1079 2024 1171 2089 Pauli
1201 2027 1396 2111 sanctuaria,

123 2127 210 2192 sicut
231 2124 470 2211 religiosissimo
498 2125 668 2210 quaesistis
697 2125 829 2211 affectu,
859 2148 918 2210 per
943 2125 1058 2190 harum
1087 2126 1310 2214 portitoreml)
1339 2131 1398 2195 sub

122 2228 213 2293 omni
229 2228 435 2292 veneratione
450 2228 697 2312 transmisimus,
721 2230 882 2312 optantes,
905 2228 1103 2293 orationibus
1123 2251 1231 2294 eorum
1238 2231 1264 2314 ⁴)
1280 2233 1397 2296 mentis

122 2333 251 2395 vestrae
274 2329 393 2394 oblatio
416 2333 449 2394 et
464 2329 620 2394 desideria
640 2331 765 2415 gratiae
787 2330 854 2394 sint
867 2329 1057 2396 Divinitatis
1073 2334 1215 2416 accepta.
1253 2332 1397 2400 Petimus

120 2435 250 2517 itaque,
279 2435 316 2496 ut
336 2436 404 2496 tam
426 2432 465 2496 de
486 2432 537 2495 his
560 2454 640 2517 quae
663 2435 820 2517 gerrmtur
841 2454 900 2517 pro
922 2432 1107 2516 concordia,
1131 2455 1228 2519 quam
1250 2434 1289 2499 de
1310 2435 1396 2501 inco·

120 2535 283 2599 lumitatis
298 2537 423 2598 vestrae
438 2534 521 2599 bono
538 2535 694 2599 nuntietis
714 2534 922 2599 sollicitudini
937 2536 1066 2599 nostrae
1081 2536 1232 2620 gaudium
1249 2542 1396 2603 currente

118 2637 247 2722 pagina
261 2637 452 2701 litterarum.
483 2636 569 2701 Data
589 2636 636 2700 IV
652 2637 764 2702 Nonas
779 2636 987 2722 Septembris,
1009 2637 1218 2726 Eutharicol)
1241 2641 1309 2704 viro
1333 2639 1395 2705 cla-

119 2738 250 2803 rissimo
272 2739 413 2804 consule.

630 2924 813 3027 Epistola
840 2926 895 3009 91.

318 3077 530 3145 Hormisdac
554 3094 664 3161 papae
686 3077 730 3142 ad
752 3077 1002 3144 ‚lastinianum
1024 3080 1203 3145 comitem.
1382 3070 1535 3206 *lg-3503}

156 3219 300 3270 Menoetes
328 3219 437 3283 Scythas
464 3234 544 3284 usque
572 3219 607 3266 od
631 3219 771 3281 legatorum
796 3218 903 3267 reditura
926 3219 1020 3269 Romae
1047 3219 1196 3270 detinendos
1222 3222 1358 3271 existimat.

72 3298 98 3345 l·
156 3305 209 3354 Det
226 3306 281 3368 ipse
292 3304 450 3355 lastinianus
467 3319 584 3368 operam,
603 3310 629 3351 ut
643 3302 732 3352 Victor
744 3303 867 3352 diaeonus
884 3302 916 3352 od
933 3305 984 3352 illis
1001 3311 1134 3353 accusatus
1152 3311 1177 3354 ct
1194 3306 1240 3355 atii
1254 3323 1359 3370 peruer-

402 3405 446 3438 sas
464 3393 624 3453 quaestiones
642 3388 792 3451 objicientes
813 3388 840 3436 ia
860 3387 951 3438 Urbem
970 3389 1122 3452 dirigentem

275 3521 486 3587 Hormisda
507 3521 530 3585 J
535 3520 743 3584 ustiniano
765 3520 930 3584 illustri.

208 3642 345 3728 Eulogio
366 3641 435 3706 viro
457 3639 633 3705 clarissimo
655 3639 721 3703 filio
735 3642 846 3704 nostro
868 3640 1032 3704 deferente
1047 3641 1172 3706 litteras
1188 3643 1386 3709 celsitudinis
1400 3680 1443 3732 ep.
1455 3669 1496 3719 78.

116 3749 249 3812 vestrae
264 3743 472 3828 suscepimus,
496 3764 594 3826 eoque
610 3743 772 3807 remeante
795 3742 1170 3827 debitumpersolventes
1186 3745 1390 3812 salutationis

117 3848 275 3931 officium,
299 3841 517 3932 significamus
527 3846 569 3931 ¹),
599 3843 735 3928 Scythas
757 3844 930 3909 monachos
953 3839 1285 3930 allegasseplurima,
1310 3871 1391 3934 quae

118 3973 181 4017 nos
207 3950 388 4035 relinquere
415 3947 594 4012 indiscussa
614 3968 681 4011 non
708 3968 890 4031 possumus:
919 3947 974 4011 sed
1001 3947 1181 4033 legatorum
1208 3953 1390 4016 nostrorum

118 4124 426 4135 ———--——-—

118 4230 154 4279 90
192 4224 212 4290 ¹)
230 4219 307 4286 Quae
325 4237 410 4290 supra
427 4218 509 4289 epist.
527 4225 574 4285 ts,
592 4235 647 4272 non
665 4219 790 4289 proxime
808 4217 974 4274 antecedens
992 4217 1072 4288 epist.
1092 4224 1132 4273 89.

188 4309 210 4376 ²)
227 4306 279 4360 Ed.
297 4312 417 4360 veientes.
454 4302 618 4358 concinnius
636 4304 669 4358 G'
691 4312 811 4358 nolentes.
846 4303 906 4357 Hoc
922 4302 1020 4357 scribit
1037 4303 1198 4370 Hormisda,
1222 4305 1288 4374 quia
1305 4307 1389 4360 Justi-

117 4392 220 4449 nianns
231 4390 311 4461 epist.
326 4396 371 4457 78,
389 4391 421 4444 ut
432 4389 583 4443 monachos
601 4387 662 4442 illos
676 4405 732 4443 ase
745 4387 885 4457 depellere
899 4388 1074 4458 dignaretur,
1092 4387 1178 4443 semel
1190 4391 1274 4458 atque
1288 4391 1389 4446 iterum

116 4477 249 4550 petierat.
285 4475 351 4530 Mox
369 4474 411 4529 ed.
430 4478 567 4532 tabuimus,

187 4565 209 4631 ³)
227 4559 376 4630 Eulogium
393 4559 522 4614 uidelicet
539 4558 764 4627 magistrianum,
787 4557 834 4626 qui
852 4559 931 4628 epist.
952 4564 985 4613 tt
1006 4577 1068 4614 eam
1086 4560 1121 4614 ab
1141 4574 1253 4614 causam
1271 4578 1289 4615 a
1305 4561 1389 4616 Justi·

115 4648 204 4703 niano
222 4645 378 4701 destinatus
396 4644 504 4700 dicitur.
776 4652 780 4664 '

188 4735 210 4801 ⁴)
229 4736 255 4786 οὅ
273 4748 331 4798 seq.
350 4730 413 4784 add.
434 4742 473 4797 at,
493 4730 568 4799 quod
587 4728 741 4798 elegantius
758 4727 898 4784 reticetur.

189 4820 211 4886 ³)
229 4816 264 4872 G¹
277 4819 304 4871 a¹
323 4819 492 4884 Eutyelrario,
511 4813 652 4869 mendose.

115 4912 151 4961 91
191 4905 209 4968 ¹)
228 4901 303 4957 G¹a¹
320 4907 500 4970 significantes.
