3204 5506
692 399 891 448 nancradus
914 401 945 445 v.
1390 383 1454 448 595

125 546 336 614 decorum
358 551 547 634 integritate
562 550 721 614 reddatur.
760 552 805 615 Et
826 552 988 635 proprium
1005 573 1135 634 corpus,
1159 552 1242 614 sicut
1257 553 1452 635 unumquod-

125 664 197 731 que
236 654 444 733 seminum,
468 653 537 715 sine
560 651 654 715 dubio
677 655 835 736 recepturi
859 658 949 717 sunt:
972 652 1054 737 quod
1078 654 1152 736 quia
1168 653 1291 716 diverso
1307 653 1396 716 sexui
1418 653 1453 716 in

126 765 202 811 uno
242 755 393 817 semine
416 755 591 837 comparari
615 776 680 817 non
703 758 843 837 poterat,
869 777 905 818 ex
922 756 1079 819 seminum
1095 754 1279 817 diversitate
1303 754 1453 818 collatum

128 849 205 926 est,
259 860 317 918 ut
338 878 375 919 ex
398 855 583 919 diversitate
604 855 761 919 seminum
784 878 950 939 corporum
978 858 1158 940 proprietas
1180 857 1373 940 signaretur.
1419 854 1454 920 Si

129 968 222 1013 vero
268 957 447 1040 proprium
470 980 582 1041 corpus
604 959 811 1021 resuscitatus
827 958 959 1042 quisque
975 958 1143 1042 suscipiet,
1167 957 1389 1021 indubitanter
1405 961 1454 1022 est

131 1071 402 1142 consequenS,
432 1064 468 1122 ut
490 1059 659 1143 unicuique
688 1061 775 1123 sexui
800 1081 912 1144 corpus
941 1061 1103 1143 proprium
1132 1060 1339 1143 reformetur3
1368 1060 1452 1144 quia,

132 1152 247 1218 sieut
260 1159 317 1246 ⁷¹³)
341 1160 463 1225 dictum
486 1166 550 1244 est,
575 1165 607 1224 et
630 1162 798 1245 unicuique
821 1162 978 1225 seminum
1000 1161 1163 1245 proprium
1180 1183 1294 1245 corpus
1314 1162 1454 1226 restitui-

132 1258 193 1318 tur
232 1263 464 1327 attributum.
505 1263 598 1326 Etsi
621 1263 791 1347 unicuique
815 1264 971 1327 seminum
993 1264 1157 1348 proprium
1180 1285 1293 1346 corpus
1315 1264 1455 1328 restitui·

133 1359 223 1439 tur,
267 1386 337 1447 per
359 1388 441 1449 quae
463 1365 572 1448 utique
595 1366 717 1428 semina
739 1366 782 1429 in
796 1369 929 1450 utroque
953 1387 1029 1428 sexu
1051 1388 1144 1428 omne
1167 1387 1269 1450 genus
1291 1366 1455 1430 hominum

134 1458 392 1547 designatum
415 1472 480 1550 est,
505 1465 662 1551 sequitur,
686 1472 723 1530 ut
745 1489 840 1531 omne
862 1489 964 1552 genus
986 1467 1178 1548 humanum,
1208 1467 1291 1551 quod
1313 1468 1348 1530 in
1370 1471 1455 1531 utro-

134 1581 211 1644 que
252 1588 347 1632 sexu
370 1568 440 1632 istis
463 1573 512 1632 est
534 1568 708 1632 seminibus
732 1569 951 1653 designatum,
976 1570 1141 1653 proprium
1157 1570 1199 1633 sit
1215 1570 1377 1654 eorpuald)
1400 1568 1455 1632 ha·

137 1660 341 1734 biturum.

256 1771 323 1835 25.
369 1770 440 1836 Hoc
466 1795 525 1837 nos
554 1795 592 1836 ex
620 1773 725 1837 verbis
753 1774 888 1857 apostoli
915 1774 965 1837 fas
994 1778 1043 1838 est
1069 1775 1176 1837 sobria
1200 1774 1455 1838 consideratione

136 1869 308 1956 metiri,
339 1874 425 1938 ultra
453 1896 534 1958 quae
557 1876 732 1939 cavendum
755 1880 804 1940 est
830 1877 1002 1939 temeraria
1026 1876 1209 1939 curiositate
1238 1898 1490 1988 prorumpere.E
1523 1933 1543 1988 fi

137 1965 428 2060 propterquod
451 1977 548 2040 ctiam
571 1999 824 2042 commonemur:
862 1986 982 2042 Altioro
1005 1990 1034 2041 tc
1055 1999 1093 2041 ae
1121 1985 1300 2056 quaesieris,
1333 1991 1362 2042 et
1386 1982 1454 2054 for·
1469 1951 1550 2066 ὦ]

138 2074 256 2136 liora
290 2089 320 2141 te
342 2082 500 2157 refereris
521 2093 689 2153 scrutatus·
713 2084 760 2145 et:
785 2085 854 2144 Non
870 2087 934 2143 ulta
948 2088 1114 2159 sapienter,
1139 2081 1193 2143 sed
1213 2085 1372 2144 humilibus
1386 2101 1456 2144 con·
1469 2071 1549 2192 {22⁰¹ss

139 2182 353 2244 sentientes.
391 2179 556 2245 Postremo
572 2183 776 2246 attendentes
799 2182 894 2264 illud,
919 2182 1001 2265 quod
1025 2181 1199 2265 apostolica
1219 2203 1343 2266 quoque
1366 2203 1456 2266 prae·
1504 2180 1510 2205 '
1551 2181 1556 2192 '

142 2268 348 2346 dicacione
371 2282 532 2347 firmatum
555 2288 619 2348 est:
642 2290 723 2364 qaod
744 2291 849 2348 oculus
870 2300 929 2348 aon
951 2290 1041 2362 vidit,
1066 2305 1121 2348 ricc
1144 2289 1230 2347 auris
1245 2290 1376 2362 audiuit,
1401 2290 1598 2358 morbosae

144 2376 177 2433 ²⁸²1
213 2390 446 2449 cortamina·
467 2392 617 2464 ascendit,
642 2408 720 2465 quoe
736 2394 939 2465 praepararit
953 2391 1034 2450 oeus
1055 2391 1224 2450 timentibus
1243 2407 1289 2463 se,
1314 2385 1456 2469 quisquis

146 2485 334 2558 superius
360 2490 526 2551 memorati
555 2510 665 2552 sensus
694 2489 829 2571 apostoli
857 2511 923 2551 non
947 2493 995 2551 est
1016 2487 1235 2571 intelligentia
1257 2486 1307 2550 vel
1331 2509 1456 2571 compa-

148 2578 315 2652 ratione
337 2592 524 2683 contentuS,
554 2589 593 2652 ad
620 2589 681 2654 hoc
704 2593 804 2672 certe,
835 2590 912 2653 velit
940 2589 1037 2671 nolit,
1067 2589 1136 2652 sine
1159 2589 1359 2653 dubitatione
1383 2611 1456 2653 con·

148 2674 377 2775 dungina,
407 2694 443 2754 ut
469 2713 550 2775 quae
572 2692 681 2755 oculus
703 2714 768 2754 non
791 2691 871 2754 vidit
898 2714 958 2755 nec
986 2693 1070 2755 auris
1103 2692 1224 2755 audivit
1251 2713 1311 2755 nec
1340 2691 1374 2754 in
1403 2712 1456 2756 cor
1492 2717 1496 2723 ·

148 2771 327 2857 hominis
350 2794 509 2877 ascendit,
533 2795 674 2878 qualibet
697 2794 813 2857 audeat
835 2794 896 2856 sibi
912 2794 1104 2857 mediatione
1121 2815 1319 2877 componere.
1358 2791 1456 2868 Quasi
1531 2847 1540 2864 ‚

149 2892 311 2981 ver0⁵³¹)
340 2894 473 2959 humani
496 2897 636 2980 corporis
659 2896 765 2980 aliqua
787 2897 928 2959 membra
958 2896 1130 2979 culpabilia
1152 2896 1202 2959 vel
1230 2895 1384 2959 dedecora
1405 2895 1457 2958 vel

148 2995 454 3063 reprehensibilia
476 2998 544 3061 sint
566 3002 683 3080 creata,
708 3021 804 3082 quum
827 2997 913 3061 Deus
936 2997 1050 3060 fecerit
1072 2999 1179 3060 omnia
1201 2997 1286 3059 bona
1308 2996 1400 3060 valde
1424 3000 1594 3074 etGen.1‚31

149 3096 445 3188 u{nunquamque
472 3101 610 3184 speciem
637 3102 672 3163 in
695 3123 750 3163 suo
773 3121 890 3183 genere
913 3098 1107 3182 competenti
1136 3099 1247 3161 decore
1274 3098 1454 3181 subnixam,

146 3185 233 3295 mffi
269 3201 357 3284 quod
379 3201 475 3286 haec,
505 3224 586 3286 quae
613 3202 784 3266 inhonesta
806 3204 915 3265 nostra
941 3204 1017 3263 sunt
1044 3201 1146 3282 dicta,
1178 3200 1455 3284 concupiscentiae

144 3295 404 3367 thordialis
426 3304 638 3368 decolorasset
660 3326 821 3369 excessus:
845 3325 925 3386 quae
948 3301 1057 3386 utique
1080 3302 1126 3365 sic
1140 3302 1271 3366 fuerant
1292 3302 1454 3384 instituta,

143 3379 190 3440 ut
221 3402 291 3467 ad
317 3408 431 3469 nutum
458 3408 575 3471 mentis
597 3407 756 3471 humanae
779 3404 986 3486 famulantia,
1017 3404 1238 3467 tantummodo
1264 3427 1302 3467 ex
1330 3404 1457 3467 animae

141 3485 358 3571 ratiOnalis
381 3508 514 3572 arbitrio
537 3510 576 3572 ad
598 3509 813 3593 procreandae
835 3507 952 3571 sobolis
975 3529 1103 3569 causam
1125 3506 1190 3569 suis
1207 3506 1322 3570 officiis
1344 3506 1456 3590 funge-

138 3592 317 3692 rentur,
351 3613 478 3694 praeter
505 3610 590 3674 hanc
618 3633 691 3674 vero
720 3632 848 3674 causam
876 3609 958 3673 nihil
990 3611 1101 3673 contra
1129 3609 1245 3672 mentis
1275 3609 1455 3692 imperium,

139 3683 205 3749 vel
217 3694 293 3795 82)
313 3713 547 3796 praeveniendo
569 3713 759 3778 insolentius
783 3713 989 3793 voluntatem,
1014 3712 1063 3774 vel
1081 3733 1178 3795 quum
1193 3710 1225 3773 id
1241 3710 1390 3774 voluntas
1406 3731 1457 3774 ex·

135 3817 401 3868 Χ...-
408 3862 496 3868 ...-...

129 3904 324 4024 finendmn
345 3934 413 3988 vitio
435 3933 577 3987 inductum
601 3933 720 3999 librarii,
743 3934 790 4000 qui
813 3934 898 3987 verba
921 3951 954 3986 ex
978 3936 1025 3985 ore
1049 3932 1179 3986 dict-antis
1202 3932 1339 4000 accipiens
1361 3948 1457 3986 vocem

150 3998 312 4071 ⁰⁰⁰”am
327 4018 356 4071 in
375 4018 444 4074 duas
462 4019 639 4073 dividendam
656 4017 773 4088 putavit.

241 4094 386 4169 η)Ε(1111
404 4111 464 4174 quio
481 4111 546 4158 111111
563 4110 662 4158 dietum.

143 4224 152 4234 ·
176 4236 186 4246 .
242 4181 294 4256 80)
312 4193 339 4243 a¹
358 4206 420 4242 cum
439 4189 472 4243 G¹
493 4191 521 4242 et
532 4189 595 4243 Vat.
617 4192 665 4256 (a3)
685 4194 784 4256 Corpus
801 4194 931 4242 arbitrium
950 4193 996 4242 doc
1015 4208 1060 4241 nos
1077 4200 1140 4247 etc„·
1159 4188 1279 4242 editores
1292 4195 1385 4240 autem
1398 4204 1459 4240 con·

121 4307 174 4367 ab
192 4262 319 4326 ol'um
336 4273 397 4328 loeo
409 4273 484 4328 vocis
501 4279 631 4328 arbitrium
644 4273 846 4326 substituerunt
857 4284 1048 4341 resmaptorum.
1079 4273 1121 4327 Ab
1135 4273 1233 4326 eadem
1246 4288 1312 4324 voce
1331 4268 1460 4339 proprius

175 4341 279 4410 ⁸⁸1:
293 4363 443 4422 muitarum,
467 4377 522 4426 quo
540 4360 625 4414 verbo
644 4357 783 4413 Gelasium
801 4375 880 4410 usum
900 4373 1032 4411 essenon
1054 4356 1220 4410 dubitamus.
1256 4356 1320 4408 Mox
1339 4355 1373 4408 G¹
1393 4362 1461 4408 oltra
1494 4384 1495 4388 =

119 4408 244 4478 quae
279 4450 507 4511 praevaricandum
524 4457 571 4501 ecl.

119 4594 126 4606 .
250 4525 567 4598 ⁸¹)1ta00rrigendum
586 4529 723 4594 duximus,
743 4528 817 4597 quod
834 4528 910 4596 prius
930 4526 969 4580 sio
984 4526 1163 4580 efferebatur:
1192 4532 1265 4595 quari·
1276 4528 1350 4579 uerbo
1362 4528 1464 4578 humani

138 4599 176 4624 ·.
223 4618 388 4682 evaporata
405 4621 446 4669 uel
462 4620 566 4670 decora.

118 4733 185 4792 ‘Q
255 4695 298 4766 ⁸²)
314 4701 339 4754 a'
360 4720 424 4770 qaae
440 4706 629 4768 praeveniendo
648 4706 783 4756 volantare.
819 4699 862 4751 Ab
881 4701 906 4751 οἵ
924 4700 961 4751 0¹⁰
983 4696 1095 4764 quidem
1118 4695 1278 4749 restitutum
1297 4697 1460 4749 91111υοί1111-

118 4803 169 4875 in
186 4773 288 4843 ΕΜ,
308 4783 355 4838 sed
376 4786 486 4839 retento
509 4806 573 4854 qaue
595 4800 646 4854 pro
668 4790 707 4837 vel
730 4783 820 4837 adhuc
838 4782 1014 4836 claudicabat
1031 4781 1134 4835 Gelasii
1155 4780 1258 4846 oratic,
1284 4797 1367 4847 quam
1389 4796 1462 4832 nuuc

119 4829 353 4973 Bal-§griffi
374 4887 439 4924 suae
461 4869 600 4923 redditam
622 4871 759 4937 putamus.
798 4867 879 4921 Certe
902 4866 970 4935 quid
989 4866 1041 4921 sibi
1060 4866 1126 4921 velit
1144 4865 1283 4931 Gelanos,
1306 4881 1361 4919 non
1382 4865 1460 4918 latet.

198 4940 331 5008 Quem
347 4955 512 5010 sententiam
525 4955 694 5024 Augustinus
713 4954 746 5007 do
766 4951 838 5006 civit.
869 4951 921 5006 Dei
939 4952 956 5006 l.
973 4957 1004 5006 14
1017 4970 1038 5006 c.
1052 4958 1085 5007 23
1103 4951 1228 5021 pluribus
1240 4951 1371 5006 adstruit:
1390 4955 1462 5013 honr,

1199 5036 1263 5105 38*
