3204 5506
327 337 391 405 422
791 357 828 405 vs.
845 353 986 405 canaan
1007 351 1121 401 mrsu

222 554 246 589 a.
258 541 317 590 495,
417 511 464 575 16.
509 508 597 586 Quae
619 510 659 574 ad
681 510 926 576 instructionem
955 510 1080 574 vestrae
1101 507 1284 574 dilectionis
1306 507 1384 573 satis
1405 507 1495 575 abund

328 613 474 678 sufficere
492 613 687 698 judicamus,
717 612 861 698 quamvis
887 611 998 676 eadem
1024 611 1137 695 latius,
1166 610 1193 676 si
1216 608 1374 677 Dominus
1402 632 1495 677 conco

327 716 527 798 facultatem,
555 715 737 781 studeamus
768 736 941 800 exponere:
969 717 1126 800 quatenus
1154 714 1188 778 et
1214 712 1357 779 fidelium
1383 712 1495 799 quisque

328 822 474 905 gnoscat,
497 817 577 882 nihil
601 818 810 902 apostolicam
827 816 944 900 sedem,
968 816 1051 901 quod
1064 816 1158 899 absit,
1186 837 1400 902 praepropere
1421 838 1495 882 cena

328 920 416 998 Quae
445 925 554 986 tamen
581 921 742 985 sententia
769 922 805 986 in
827 919 982 984 Acacium
1010 918 1182 1002 destinata,
1211 918 1273 984 etsi
1302 919 1495 985 nominator

329 1024 423 1089 modo
444 1022 601 1108 praesidis
623 1023 801 1107 apostolici,
826 1023 916 1107 cujus
938 1025 1008 1086 erat
1028 1021 1138 1106 utique
1152 1021 1335 1106 potestatis,
1357 1021 1495 1109 legitime

330 1126 424 1190 batur
439 1147 506 1189 esse
522 1125 720 1210 deprompta,
744 1125 933 1209 praesertim
948 1146 1045 1208 quum
1061 1124 1209 1189 secretim
1231 1123 1403 1210 dirigenda
1423 1123 1495 1190 vids

329 1249 371 1292 ne
401 1227 551 1292 custodiis
578 1227 695 1312 ubique
712 1227 889 1312 praetentis
915 1226 1081 1312 dispositio
1103 1224 1255 1292 salutaris
1284 1226 1479 1311 quibuslibet

331 1330 504 1395 crdtatibus
525 1329 679 1414 impedita
701 1329 916 1394 necessarium
938 1328 1057 1394 habere
1079 1351 1144 1394 non
1165 1332 1276 1413 posset
1297 1328 1462 1394 effectum:
1485 1332 1495 1396 l

329 1432 405 1517 quia
426 1432 608 1496 orthodoxis
631 1432 746 1516 ubique
768 1431 902 1517 dejectis
931 1436 964 1496 et
985 1430 1155 1495 haereticis
1182 1430 1407 1497 tantummodo
1428 1452 1495 1497 coro

331 1534 529 1599 consortibus
547 1533 617 1618 jam
638 1533 770 1618 rehctis,
800 1535 836 1599 in
858 1534 991 1600 Oriente
1020 1532 1171 1600 catholici
1192 1534 1363 1618 pontifices
1397 1537 1455 1600 aut
1478 1555 1495 1599 r

330 1637 461 1701 omnino
483 1658 548 1701 non
570 1639 678 1701 essent
699 1639 755 1701 aut
782 1637 904 1701 nullam
926 1639 1076 1722 gererent
1096 1636 1296 1720 libertatem,
1324 1636 1495 1722 plurimoru

330 1738 427 1803 Italia
456 1738 685 1803 catholicorum
714 1739 924 1825 congregatio
951 1739 1152 1805 sacerdotum
1178 1738 1418 1805 rationabiliter
1448 1762 1495 1828 cop

330 1840 526 1905 sententiam
552 1841 587 1904 in
616 1841 772 1905 Acacium
803 1841 902 1905 fuisse
934 1842 1103 1925 prolatam.
1147 1841 1236 1918 Quae
1266 1843 1481 1930 congregatio

330 1943 518 2026 pontificum
541 1965 606 2007 non
629 1945 741 2008 contra
764 1942 1069 2025 Calchedoneusem,
1092 1966 1159 2009 non
1173 1946 1339 2030 tamquam
1359 1967 1448 2012 nora
1461 1968 1495 2032 sy

332 2047 445 2111 contra
467 2048 607 2110 veterem
628 2045 827 2130 primamque
850 2046 1010 2129 convenit,
1039 2046 1094 2112 sed
1123 2046 1228 2131 potius
1250 2047 1430 2114 secundum
1457 2052 1495 2116 te]

331 2147 447 2211 veteris
478 2148 645 2213 constituti
673 2149 834 2233 particeps
867 2148 1061 2233 apostolicae
1089 2142 1302 2214 exsecutionis
1330 2149 1451 2216 effecta
1477 2173 1495 2217 a

331 2249 411 2314 satis
433 2254 599 2334 appareat,
634 2250 813 2315 Ecclesiam
847 2250 1038 2316 catholicam
1066 2251 1233 2337 sedemque
1261 2253 1494 2338 apostolicam,

332 2351 407 2416 alibi
426 2351 495 2434 jam
518 2353 648 2417 omnino
670 2375 737 2417 non
758 2356 877 2438 posset,
901 2353 955 2418 ubi
977 2353 1083 2437 potuit
1105 2358 1231 2419 etcum
1253 2354 1371 2440 quibus
1387 2356 1495 2441 potuit

331 2455 460 2537 penitus
482 2454 635 2536 omisisse,
660 2455 742 2539 quod
764 2456 805 2520 ad
826 2456 1005 2520 fraternum
1032 2455 1210 2541 pertineret
1236 2478 1297 2542 pro
1317 2456 1495 2526 intemeral

332 2557 365 2619 et
386 2555 512 2620 sincera
535 2558 756 2623 communione
778 2560 962 2622 tractatum.

836 2797 1017 2901 Epistola
1042 2798 1088 2882 27

938 2950 987 2986 SOU

204 3062 240 3116 (a.
253 3050 324 3118 sss.)
378 3042 476 3101 Beati
497 3044 626 3102 Galerii
647 3059 755 3115 papae
776 3047 821 3102 ad
842 3043 1020 3114 episcopos
1042 3044 1191 3102 Orientis
1218 3046 1262 3103 de
1285 3047 1409 3105 eadem
1431 3048 1495 3107 rati

855 3138 1074 3223 reddenda.¹)

420 3328 449 3389 l.
488 3324 602 3410 Quid2)
631 3347 708 3412 ergo
736 3325 790 3391 isti
816 3325 990 3411 prudentes
1018 3325 1078 3390 viri
1107 3329 1140 3390 et
1167 3326 1291 3412 argutis
1318 3328 1491 3394 mentibus

332 3425 499 3511 religionis
521 3427 651 3492 interna
672 3429 838 3512 rimantes,
860 3427 896 3492 in
910 3427 1053 3494 Orientis
1075 3428 1221 3511 partibus
1236 3429 1421 3515 constituti,
1445 3431 1495 3496 si«

332 3531 448 3591 verrmt
474 3527 655 3612 hujusmodi
683 3531 887 3616 personam³)
915 3531 951 3594 in
977 3529 1183 3595 Antiochena
1215 3530 1353 3596 ecclesia
1381 3535 1495 3600 consti

334 3650 390 3694 cur
418 3631 682 3697 communicando
710 3632 828 3697 tahbus
861 3634 1036 3718 praebuere
1070 3632 1283 3698 consensum?
1332 3632 1400 3701 (bu
1429 3658 1495 3702 non

401 3903 421 3969 ¹)
439 3902 483 3956 lta
494 3921 560 3959 mss.
569 3903 769 3960 D¹F⁶F==N³u²
781 3908 888 3975 (Incipit
901 3912 932 3960 de
951 3910 1039 3960 eodem
1055 3910 1156 3961 racione
1167 3909 1301 3962 reddendo
1312 3911 1352 3962 od
1362 3913 1495 3980 episeopo

333 3989 388 4056 lr'r);
407 3987 435 4041 d¹
455 3991 501 4041 Eo
518 3994 627 4057 epistola
647 3994 743 4045 Gelasio·
761 4010 848 4060 popae
866 3996 902 4045 ad
919 3994 1062 4045 dramata
1080 3995 1216 4060 episcopor
1229 4001 1290 4060 port
1307 3997 1376 4059 olio,
1396 4010 1495 4067 praep

332 4093 368 4126 ex
379 4088 498 4127 necnon
508 4072 601 4128 verbis
618 4086 678 4143 post
689 4080 753 4140 aba,
772 4075 872 4145 quibus
890 4077 1078 4145 fragmentum
1091 4075 1236 4132 dumtaxat
1250 4075 1295 4130 hic
1306 4075 1413 4133 baberi
1431 4079 1495 4151 prad

332 4158 388 4211 tius
405 4156 589 4226 significatur,
608 4159 642 4214 de
660 4176 708 4213 suo
727 4159 850 4229 adjectis.

399 4245 420 4311 ²)
438 4242 656 4298 N⁸0¹x1v¹c⁵
673 4243 719 4298 hic
736 4244 861 4314 subjicit:
891 4250 1066 4301 Dilectissimis
1081 4250 1210 4314 fratribus
1226 4251 1357 4316 episcopie
1369 4249 1495 4307 Oriente}

332 4334 423 4395 lmine,
444 4328 519 4396 quod
537 4346 622 4398 quum
640 4329 714 4384 abut
732 4331 767 4385 ab
786 4330 990 4401 exemplaribus
1007 4330 1206 4386 vetustioribus
1223 4330 1400 4388 collectionis
1419 4334 1447 4391 D
1464 4336 1495 4392 et

331 4413 438 4468 Isidoro
451 4414 592 4482 adjectum
604 4414 784 4485 suspicamur,
801 4416 920 4471 maxime
933 4435 1018 4486 quum
1031 4416 1164 4483 Gelasius,
1178 4416 1244 4470 dum
1255 4415 1332 4472 istud
1344 4418 1495 4477 scribebat

332 4498 431 4554 talium
449 4499 668 4556 communionem
690 4508 842 4572 respueret.
878 4501 976 4557 Venet.
994 4521 1015 4556 s.
1032 4486 1118 4557 ldarc.
1140 4507 1201 4569 169,
1219 4502 1255 4557 0¹
1267 4504 1304 4569 0¹,
1323 4504 1357 4559 ut
1369 4504 1439 4573 jam
1456 4510 1488 4563 in

332 4582 446 4653 praevio
459 4585 649 4653 observatum,
667 4585 725 4642 siue
743 4586 799 4641 ulla
817 4586 992 4642 distinctione
1004 4585 1107 4642 Gelasii
1120 4586 1255 4656 epistolae
1266 4592 1300 4642 26
1312 4605 1341 4642 n.
1356 4595 1390 4643 14
1403 4592 1485 4661 (post

334 4671 478 4737 aarum)
500 4675 625 4726 nostram
648 4671 812 4727 adnectunt:
843 4676 909 4737 Quid
925 4692 986 4742 erpo
1005 4674 1051 4728 isti
1068 4672 1119 4726 cte.
1155 4671 1211 4727 Sed
1233 4688 1353 4742 pravam
1374 4672 1495 4747 ligatura

333 4751 392 4821 ipse
409 4769 503 4809 sensus
520 4755 615 4825 palam
632 4755 734 4826 prodit.

401 4841 422 4903 ³)
440 4838 543 4910 Supple
566 4847 647 4911 qratia
670 4853 728 4896 aar
746 4847 838 4897 Petras
855 4847 940 4906 Fullo,
963 4843 998 4898 do
1021 4859 1075 4913 quo
1094 4843 1178 4898 antea
1197 4860 1371 4913 sermonem,
1396 4847 1450 4919 qui
1467 4866 1495 4905 er

333 4923 461 4978 habitum
479 4941 538 4978 esse
556 4926 649 4996 palam
667 4927 715 4981 cst.
