3204 5506
615 370 785 421 mussona
810 361 879 421 137.
1293 356 1355 422 963

89 547 185 609 quam
206 547 265 609 pro
288 525 447 589 communi
472 524 654 589 conditione
676 526 799 610 posuit,
828 547 886 610 pro
912 525 1068 610 singulari
1098 526 1214 590 virtute
1242 529 1276 591 et
1303 525 1357 590 ad·
1370 563 1394 601 a.
1406 551 1463 602 521.
1489 576 1491 580 -

88 626 226 691 mirabili
249 627 444 714 potentia²³)
467 647 540 690 mox
563 628 744 711 resumpsit.

171 730 202 794 5.
237 728 327 793 Haeo
348 730 394 793 ita
416 750 483 793 esse
504 751 563 794 nee
577 729 677 793 ullam
691 729 925 794 dubitationem
939 733 1086 814 oportere
1101 730 1252 815 recipere,
1275 730 1356 814 ida)

87 834 152 914 est,
180 853 223 895 ne
245 831 401 896 Dominus
423 834 533 896 noster
554 831 649 896 Jesus
672 830 818 897 Christus
841 835 897 895 aut
918 832 1002 897 iuter
1025 833 1165 916 eorporis
1192 833 1357 917 passiones

86 932 175 998 Deua
197 955 263 998 non
285 955 354 999 esse
378 931 574 1017 crederetur,
603 937 660 997 aut
681 956 722 999 ne
744 932 831 999 Deus
851 937 997 1020 tantum,
1028 957 1094 1000 non
1127 936 1224 1000 etiam
1250 934 1356 1018 homo,

86 1037 174 1100 inter
200 1057 298 1121 opera
324 1035 520 1101 mirabilium
547 1037 705 1121 stupenda
731 1037 902 1119 virtutum,
937 1037 1099 1122 proposito
1132 1058 1190 1103 nos
1225 1037 1359 1102 duorum

87 1137 303 1221 apostolorum
324 1138 512 1203 informavit
533 1138 695 1222 exemplo,
726 1137 829 1203 Deum
851 1160 920 1203 esse
945 1160 978 1203 se
1001 1138 1164 1205 Christum
1186 1138 1359 1204 Dominum

88 1241 234 1303 nostrum
258 1238 347 1303 Petri
368 1240 446 1323 fide,
474 1239 638 1304 hominem
658 1240 800 1305 Thomas
826 1240 1026 1306 dubitatione
1053 1241 1230 1306 declarans.
1276 1239 1359 1317 Quid

87 1341 175 1405 enim
196 1341 368 1425 intererat,
392 1344 430 1406 ut
451 1363 545 1426 quem
566 1364 600 1406 se
622 1341 767 1407 homines
790 1342 948 1426 dicerent,
972 1341 1145 1426 discipulos
1168 1365 1241 1408 suos
1263 1343 1359 1408 vellet

85 1442 264 1527 inquirere,
294 1443 357 1508 nisi
378 1447 415 1507 ut
436 1442 650 1529 respondente
671 1443 784 1510 Petro:
814 1449 860 1510 Ta
881 1466 913 1510 es
935 1450 1070 1510 Christus
1093 1451 1191 1510 Filias
1212 1450 1270 1510 Ilei
1289 1451 1357 1523 riri,
1371 1430 1471 1567 {iffi}

85 1548 199 1609 notum
221 1545 408 1632 sacerna),
438 1566 504 1610 non
526 1545 586 1611 hoe
611 1547 649 1611 d'e
679 1567 775 1611 earne
803 1550 837 1611 et
864 1548 1023 1633 sanguine
1051 1547 1228 1632 proditum,
1257 1547 1313 1611 sed
1340 1569 1360 1611 a

89 1646 184 1711 Patre
199 1647 268 1712 Deo
282 1647 462 1732 inspirante
483 1648 668 1731 revelatum,
693 1652 727 1712 et
747 1670 805 1733 per
825 1649 1045 1714 testimonium
1066 1648 1359 1735 laudataerespon·

86 1748 186 1813 sionis
208 1749 286 1814 fides
308 1749 491 1834 patefactae
499 1750 539 1835 ²⁶)
568 1751 659 1814 fieret
681 1749 849 1814 veritatis?
892 1749 974 1826 Quid
1002 1750 1174 1835 intererat,
1203 1752 1240 1815 ut
1262 1773 1359 1837 appa-

86 1853 179 1915 rente
206 1854 279 1935 post
305 1852 572 1916 resurrectionem
598 1851 752 1935 Domino,
782 1851 920 1917 Thomas
948 1852 1122 1940 tantum27)
1152 1856 1208 1917 aut
1234 1853 1358 1918 deesset
1369 1839 1485 1964 2ἐοξὼ

87 1952 203 2016 ceteris
225 1955 282 2017 aut
303 1953 388 2017 solus
408 1954 597 2039 ambigeret,
620 1954 685 2018 nisi
705 1957 742 2018 ut
756 1953 894 2018 mundus
911 1952 1064 2038 erederet,
1088 1955 1172 2039 quod
1187 1954 1357 2040 ambigens

86 2054 262 2138 diseiprdus
275 2055 482 2139 explorasset,
505 2059 543 2120 ut
558 2055 633 2119 dum
646 2055 742 2120 unius
757 2055 905 2120 manibus
919 2077 954 2121 se
968 2059 1133 2140 pateretur
1147 2057 1251 2142 tangi,
1269 2058 1310 2122 ab
1318 2058 1358 2144 ²⁸)

86 2156 299 2222 universitate
321 2156 473 2241 fidelium,
497 2157 574 2242 quid
596 2161 690 2241 esset,
713 2161 823 2242 posset
845 2157 1000 2245 agnosci?
1037 2157 1112 2223 Non
1135 2180 1211 2243 ergo
1234 2158 1275 2223 ad
1301 2160 1359 2224 im-

87 2258 289 2342 probandum
311 2259 502 2344 discipulum
523 2260 715 2344 interposita
738 2264 786 2324 est
808 2259 985 2343 dubitatio,
1009 2259 1065 2324 sed
1087 2261 1232 2344 quaesita
1254 2265 1359 2346 poste-

87 2359 195 2424 ritatis
221 2360 402 2425 instmotio.
454 2363 549 2425 Anne
578 2361 663 2425 aliud
691 2362 882 2445 spectata),
917 2360 1000 2447 quod
1026 2384 1060 2426 se
1088 2361 1172 2426 idem
1202 2361 1360 2427 Dominus
1369 2353 1492 2476 ,fig-ss.

88 2459 249 2546 Cleopbae
277 2485 349 2527 eum
377 2463 439 2527 alio
467 2463 637 2547 discipulo,
671 2485 768 2548 quum
795 2466 836 2529 ad
863 2464 1034 2529 Emmaum
1061 2464 1231 2529 tendentes
1259 2464 1297 2529 de
1325 2487 1359 2529 se
1404 2463 1410 2488 '

87 2562 310 2649 loquerentur,
347 2565 499 2649 inseruit,
536 2567 569 2630 et
595 2586 786 2650 quamquam
813 2565 852 2630 de
884 2566 1116 2632 resurreetione
1145 2565 1275 2631 Domini
1302 2589 1360 2651 per

87 2665 253 2750 mulieres,
281 2689 361 2752 quae
389 2667 511 2752 primae
538 2666 578 2731 ad
605 2671 847 2733 monumentum
875 2670 1108 2752 convenerant,
1138 2669 1357 2754 agnovissent,
1458 2744 1460 2751 Α

87 2770 198 2834 tamen
224 2771 262 2832 ut
289 2790 346 2852 per
373 2790 482 2833 eorum
510 2768 743 2834 dubitationem
770 2769 861 2835 daret
892 2770 1041 2835 credendi
1073 2769 1190 2834 futuris
1224 2770 1359 2836 saeculis

87 2868 286 2954 firmitatem,
310 2877 460 2951 incipiens
475 2892 495 2935 α
510 2877 614 2952 Moyse
629 2883 658 2936 er
673 2876 809 2937 omnibus
817 2878 986 2953 prophetis,
1012 2878 1179 2951 oportuisse
1186 2880 1260 2952 pori
1274 2878 1357 2937 Cirri-

87 2982 174 3048 stum,
199 2984 228 3036 et
250 2979 293 3037 ito
316 2979 434 3037 intrare
455 2979 488 3037 in
508 2979 638 3052 gloriam
660 2994 754 3053 suom,
779 2974 1058 3058 interpretatusil)
1080 2973 1230 3056 ostendit,
1255 2977 1287 3037 et
1301 2995 1360 3057 per

87 3073 271 3156 passionem
292 3071 466 3139 humanam
488 3077 654 3157 naturam,
683 3077 716 3138 et
744 3074 885 3138 divinam
913 3075 948 3139 in
971 3096 1008 3139 eo
1030 3095 1099 3139 esse
1121 3096 1178 3159 per
1200 3073 1360 3159 gloriam?

173 3175 204 3239 6.
231 3175 522 3260 'Multiplioibus³¹)
556 3176 636 3240 haee
668 3179 852 3240 sanctarum
884 3174 1122 3261 Scripturarum
1153 3175 1360 3241 insinuantur

88 3276 253 3361 exemplis,
278 3300 338 3343 nee
361 3278 445 3362 apud
468 3277 650 3363 religiosam
667 3278 898 3342 conscientiam
906 3278 945 3364 ³²)
962 3282 1063 3362 tuam,
1085 3276 1279 3343 venerabilis
1302 3279 1359 3343 im·

157 3481 189 3547 ²⁸)
208 3482 235 3534 a¹
255 3496 312 3549 seq.
328 3486 472 3549 patientia,-
490 3481 673 3535 emendantur
691 3498 724 3536 ex
742 3480 803 3535 aliis
819 3480 897 3535 libris
916 3480 962 3550 (6¹
975 3481 1002 3535 H
1013 3481 1030 3535 J
1039 3480 1062 3534 0
1075 3481 1103 3535 h¹
1114 3481 1155 3549 i¹).

156 3566 190 3634 ²⁴)
208 3565 252 3619 Ita
270 3569 293 3619 e¹
308 3567 334 3619 οἳ
345 3565 373 3618 h¹
386 3565 408 3618 i²
421 3582 483 3619 eum
495 3565 529 3620 G¹
543 3566 597 3620 HJ
610 3565 641 3620 Ο.
673 3568 698 3620 a¹
712 3582 789 3633 sequ.
808 3576 833 3620 et
846 3572 967 3636 deinceps
980 3572 1044 3621 idem
1058 3572 1176 3620 Dominae
1193 3578 1280 3621 noster
1291 3571 1315 3622 J.
1330 3570 1357 3621 G.

87 3669 121 3704 ne
139 3655 207 3705 inter
277 3660 373 3704 tantam
391 3663 416 3705 ei
433 3670 484 3705 nor
501 3656 582 3706 tomo.

157 3736 190 3801 ¹⁵)
208 3734 240 3788 lu
258 3733 365 3804 aliquot
381 3752 444 3789 mss.
464 3736 493 3789 et
510 3736 531 3788 i²
546 3740 677 3802 fateretur
694 3755 757 3799 non,
775 3751 894 3804 moxque
912 3736 949 3790 H⁸
961 3736 989 3790 h¹
1003 3735 1024 3789 ἰ2
1041 3742 1089 3791 sed
1106 3741 1194 3792 Patre.

157 3821 190 3888 ²⁸)
207 3818 247 3872 J¹⁷
261 3827 398 3889 patefieret
415 3827 518 3875 veritas.
560 3824 626 3887 Quid
646 3828 721 3875 eiiam
742 3826 881 3881 intererat:
900 3825 926 3875 οἳ
939 3824 965 3875 0³
980 3827 1118 3890 patefieret
1135 3827 1258 3879 veritatis.
1294 3824 1360 3886 Quid

86 3909 179 3965 etiarm
197 3904 234 3957 ΗΒ
248 3909 384 3974 patefacta
397 3912 481 3973 fleret

157 3991 190 4057 ¹⁷)
208 3990 253 4043 lta
269 3989 299 4041 h¹
311 3989 332 4042 1²
351 4007 412 4044 eum
430 4007 506 4056 msa,
524 3989 577 4043 nisi
594 3989 669 4058 quod
686 3989 715 4043 in
733 3989 872 4060 aliquibus
889 3989 1023 4060 sequioris
1034 3991 1118 4045 notae
1131 3990 1163 4044 ut
1174 3989 1249 4060 apud
1262 3991 1286 4044 e¹
1301 4001 1357 4043 ron-

86 4085 140 4128 ium
158 4084 184 4126 ret
202 4079 313 4138 abesset,
332 4075 369 4128 Hl
386 4086 481 4128 ioniam
499 4082 599 4130 deesset
670 4086 714 4129 aat
731 4081 811 4138 solue,
831 4078 856 4129 θ’
874 4085 969 4130 tantam
987 4087 1032 4130 aui
1043 4079 1155 4136 abesset,
1174 4077 1201 4128 a*
1220 4085 1302 4128 tamen
1314 4085 1357 4128 aui

87 4165 180 4213 deesse
254 4165 380 4229 ambigere
398 4165 537 4229 discipulae
554 4166 716 4230 exploraret,
737 4162 762 4214 οὓ
779 4176 836 4227 seq.
856 4171 939 4215 tamea
1010 4165 1110 4214 deesset
1172 4162 1309 4228 ambigeret

87 4251 250 4312 eaeplorarer.
333 4279 336 4285 -

157 4330 191 4396 ²⁸)
210 4331 236 4383 a¹
256 4345 314 4399 seq.
331 4335 367 4384 ad
383 4335 586 4391 arianarum
603 4345 722 4398 moxque
741 4331 764 4384 e'
779 4332 805 4384 0²
823 4347 885 4384 eum
903 4329 1076 4400 aequioribus
1094 4346 1157 4383 mss.
1169 4334 1206 4383 ad
1216 4335 1355 4397 capierun-

86 4419 160 4475 dum,
179 4413 216 4466 Ha
228 4416 254 4467 a¹
274 4420 310 4468 ad
326 4421 516 4485 implorandum.

158 4501 189 4567 ³⁹)
206 4498 323 4554 Veteres
340 4499 448 4556 codices
466 4502 508 4571 (ut
525 4501 554 4556 et
571 4502 595 4555 e¹
609 4503 635 4556 e²
647 4501 687 4571 h¹)
705 4517 782 4555 more
800 4500 914 4568 antiquo
933 4512 1062 4569 caperrat,
1093 4498 1215 4553 Subinde
1232 4498 1358 4568 plerique

85 4600 153 4638 mss.
171 4587 291 4653 Cleopae.

158 4671 190 4739 ³⁰)
209 4672 235 4723 e⁰
253 4687 329 4739 sequ.
349 4671 412 4726 add.
432 4678 583 4741 scripturas.

110 4747 113 4753 ’
157 4756 189 4824 ³¹)
207 4754 251 4809 lta
269 4755 398 4810 HJOh¹
413 4758 436 4811 e'
451 4758 477 4810 οἵ
488 4755 521 4823 i²;
545 4756 579 4810 G¹
593 4758 619 4810 a¹
638 4760 814 4825 maiiiplieitur
875 4766 1002 4811 testantur
1019 4761 1143 4824 exemplis
1161 4774 1221 4814 ner:
1244 4756 1270 4807 0⁸
1283 4757 1309 4808 οἵ
1322 4756 1359 4807 0¹⁰

86 4845 263 4910 raaliiple'er'ter
335 4848 485 4908 testificatus
503 4848 634 4910 exemplis.
670 4846 745 4896 Haec
762 4847 840 4911 apud.
876 4842 913 4895 Η8
932 4845 971 4895 Ne
988 4847 1065 4911 apud.

157 4929 190 4995 ⁸²)
209 4926 245 4979 H⁸
262 4927 354 4996 prima
371 4943 456 4981 manu
474 4932 628 4982 elementiam
646 4938 724 4989 triam,
742 4943 795 4981 aee.
816 4944 871 4982 cur.
891 4930 1076 4983 conscientiam.

1089 5012 1153 5077 61*
