3224 5506
581 334 828 415 nsrsromn‘s.
844 353 876 412 4.
1302 350 1361 416 137

203 524 241 588 Il.
275 520 356 586 Illud
383 522 549 605 praeterea
581 519 746 584 insinuare
773 540 840 583 non
868 519 976 583 distuli
1007 522 1138 604 propter
1165 520 1470 587 ‹liversorumassa

136 624 292 698 paschalium
320 622 511 705 conditores,
540 622 594 687 ubi
616 622 651 686 in
679 622 740 686 hoe
763 621 873 685 eodem
895 621 984 706 cyclo
1006 621 1073 687 dios
1096 623 1240 688 Paschae
1262 625 1361 709 gemi·

131 726 191 786 aaa
207 725 414 812 designatione
435 725 557 809 positus
579 724 752 807 invenitur,
774 724 807 787 id
830 727 888 806 est,
912 724 967 788 ubi
989 724 1066 789 luna
1080 724 1142 788 XV
1164 729 1197 790 et
1218 726 1285 790 dies
1307 727 1360 791 do-

127 821 230 912 minica,
251 831 278 893 et
297 830 370 913 post
391 827 454 892 VII
477 827 544 891 dies
572 825 666 890 XXII
689 825 911 909 conscribitur,
934 848 1000 890 non
1023 848 1094 891 meo
1105 827 1226 911 judicio
1241 828 1361 912 aliquid

120 916 275 1014 dotatum,
308 930 365 995 sed
396 951 455 1015 pro
482 928 688 994 ecclesiarum
716 951 794 1014 paee
828 928 994 1013 apostolici
1020 929 1183 1012 pontificis
1211 929 1361 995 electioni

112 1035 269 1097 suatum:
289 1036 446 1117 quatenus
468 1054 529 1097 nec
550 1052 611 1116 ego
634 1031 717 1116 quod
739 1031 779 1095 ad
794 1053 900 1096 mermi
915 1030 1099 1115 pertinebat
1114 1032 1256 1097 officium
1270 1055 1360 1116 prae-

106 1122 242 1217 batem,
268 1137 298 1199 et
319 1135 355 1199 in
382 1135 450 1218 ejus
479 1134 726 1199 constitueretur
755 1133 899 1215 arbitrio,
923 1133 977 1217 qui
999 1133 1172 1198 universali
1195 1134 1360 1201 Ecclesiae

97 1236 295 1320 presideret,
318 1257 477 1321 quaenam
498 1235 700 1320 potissimum
722 1236 788 1299 dies
811 1237 846 1299 in
867 1235 927 1299 tali
953 1235 1134 1299 conditione
1151 1236 1360 1301 sollemnitati

90 1339 281 1423 canipae
302 1328 482 1424 deputetur.
527 1336 613 1403 Nam
636 1336 760 1420 aeteus,
790 1359 870 1422 quae
899 1360 918 1400 a
943 1337 1043 1400 latere
1064 1337 1213 1403 similiter
1234 1339 1361 1423 adjecta

84 1438 159 1520 Sunt,
186 1463 267 1506 non
287 1442 432 1506 firmatur
453 1441 627 1505 arroteritas
653 1440 709 1504 sed
731 1440 819 1504 varia
842 1439 1043 1524 significatur
1064 1439 1182 1523 opinio.

154 1542 230 1608 12.
266 1542 367 1620 Quum
394 1565 471 1629 ergo
500 1543 673 1629 contigerit
699 1543 809 1607 lunam
836 1540 961 1606 XXVII
990 1542 1125 1606 sabbato
1150 1543 1200 1607 vel
1222 1544 1359 1609 maxime

74 1629 121 1698 ‘lie
131 1638 374 1711 Kalendarum
391 1645 619 1710 Ianuarianmr
640 1646 808 1730 provenire
831 1645 949 1730 absque
972 1644 1122 1727 bissexto,
1146 1646 1272 1711 noverit
1286 1668 1359 1711 san-

69 1736 156 1808 estas
204 1753 335 1831 vestra,
370 1747 544 1833 Paschall)
571 1747 635 1812 nisi
665 1748 721 1811 aut
743 1746 823 1811 XIII
845 1747 1008 1811 Kalendas
1037 1747 1158 1831 Aprilis
1186 1748 1359 1813 secmrdum

65 1832 218 1938 Latinos
247 1850 340 1936 (quod
362 1872 527 1934 nunquam
548 1850 752 1934 celebratum,
777 1850 903 1915 etiamsi
925 1850 1003 1914 luna
1026 1850 1206 1934 conveniat,
1229 1851 1359 1934 penitus

61 1937 278 2039 inventur),
307 1955 364 2018 aut
385 1951 465 2016 VIII
487 1951 648 2016 Kalendas
671 1951 751 2037 Maji
779 1953 952 2018 secundum
975 1952 1164 2038 Aegyptios,
1196 1952 1279 2037 quod
1301 1952 1358 2016 ali·

58 2049 199 2126 quoties
241 2055 439 2121 observatum
461 2056 520 2139 est,
544 2054 676 2138 reperiri
697 2076 764 2119 non
785 2077 888 2140 posse.

601 2241 782 2345 Epistola
807 2242 842 2325 4.

1370 2370 1451 2420 alta
1464 2365 1490 2418 d.

159 2391 321 2463 Hilari
344 2413 455 2483 papae
477 2394 521 2461 ad
544 2395 736 2463 Leontium
758 2396 962 2478 episcopum
985 2393 1246 2462 arelatensem.
1345 2433 1350 2439 .
1374 2437 1476 2488 mm,

21 2533 41 2578 3,
87 2526 288 2590 humectus
303 2540 343 2589 sui
359 2538 504 2603 pmmards'a
525 2538 550 2586 ei
565 2538 677 2593 Iudicat,
698 2551 749 2600 per
765 2538 846 2601 Ipsam
867 2537 892 2585 ia
911 2537 1014 2585 omnium
1032 2537 1208 2600 episcoporum
1227 2539 1323 2589 Galliae

597 2622 708 2671 notitiam
724 2621 842 2684 ferenda.

244 2754 516 2821 Dilectissimo
537 2753 660 2818 fratri
682 2752 881 2839 Leontio¹)
903 2752 1069 2819 Hilarus
1091 2775 1201 2838 papa.

134 2863 171 2926 l·
246 2874 405 2952 Quantum
434 2875 632 2939 reverentiae
659 2873 694 2938 in
722 2872 837 2958 spiritu
864 2873 939 2956 Dei,
974 2873 1028 2957 qui
1050 2872 1194 2938 subditos
1221 2875 1282 2939 sibi
1309 2876 1357 2940 in-

56 2962 203 3032 bsslllst
246 2979 439 3060 sacerdotes,
473 2976 568 3042 beato
601 2975 698 3040 Petro
731 2975 873 3060 apostolo
902 2978 934 3040 et
962 2962 1029 3040 sedi
1056 2975 1155 3059 ipsius
1184 2976 1355 3062 deferatur,

58 3064 242 3143 omnibus
266 3081 404 3146 arbitror
432 3101 500 3145 esse
529 3081 741 3163 compertum,
776 3077 888 3163 quibus
914 3081 1121 3162 lanternarum
1147 3080 1357 3146 traditionum

60 3170 275 3265 lnfflfflllsts
302 3182 447 3248 custodia
474 3185 532 3246 est.
581 3179 666 3256 Quos
701 3202 797 3265 quum
830 3180 973 3245 volumus
1007 3181 1045 3245 de
1075 3186 1204 3246 nostrae
1230 3183 1355 3248 ordina·
1398 3196 1407 3207 “

61 3268 149 3333 5οΠῘῦ
189 3285 389 3364 primordiis
415 3283 586 3369 gratulari,
615 3304 712 3368 opera
735 3304 815 3366 quae
837 3283 906 3367 in²)
929 3303 987 3347 nos
1009 3283 1136 3347 divinae
1157 3284 1288 3367 pietatis
1311 3286 1356 3351 di-

66 3442 152 3452 ———·—⁴··

175 3449 241 3467 'Nm
273 3462 327 3469 ...η
342 3463 372 3468 ..,
382 3463 391 3467 ..

124 3538 152 3603 ”l
187 3546 283 3615 Beda
300 3558 334 3615 de
352 3559 406 3613 rat.
425 3558 511 3627 temp.
526 3574 547 3611 e.
561 3562 595 3612 49
612 3556 695 3626 legit:
715 3561 783 3625 qaod
795 3559 895 3610 Pascha
908 3559 987 3610 XIII
998 3560 1133 3611 Kalendas
1146 3562 1252 3626 Apriles
1268 3579 1356 3614 secan·

64 3629 117 3677 ω
126 3625 267 3697 latim
282 3647 350 3698 laad
367 3663 474 3715 anquam
491 3646 675 3713 celebrandum,
693 3647 792 3695 estanar·
809 3648 868 3695 tana
885 3648 1025 3704 conveniat,
1044 3649 1145 3710 pertitas
1161 3650 1294 3706 iuvenitur,
1313 3656 1356 3717 ant

68 3707 136 3758 Vm
148 3708 314 3783 Korada
327 3731 420 3796 Maias
436 3732 571 3782 secundam
583 3731 734 3797 Aspyptios,
754 3731 823 3796 qaod
838 3731 973 3795 aliquoties
985 3731 1167 3781 obseruandum
1179 3740 1225 3794 est,
1244 3737 1358 3799 repertur·

65 3808 111 3926 z:
119 3808 249 3948 ἔξω
271 3815 355 3883 atque
373 3829 407 3867 ex
424 3813 477 3867 hae
493 3811 613 3867 lectione
631 3810 805 3866 occasionem
823 3810 922 3880 arripIt
940 3810 1055 3866 Victorii
1073 3813 1194 3880 systema
1211 3814 1356 3871 vehemen-

197 3896 332 3953 tobaudi
1369 3912 1371 3917 ¹

128 3977 145 4041 ¹)
171 3980 250 4053 Qu
264 4000 392 4056 Leontius
410 4016 465 4070 quo
483 4015 556 4055 anno
573 3999 744 4055 Arelatensis
766 3999 897 4054 scelestae
920 3998 1046 4066 regiaren
1063 3999 1229 4069 susceperit,
1255 4001 1355 4057 deinde

67 4075 127 4154 ”ull
141 4059 316 4141 R*timerium
333 4103 370 4143 an
386 4083 534 4156 Augustali
550 4083 710 4139 immediate
728 4084 899 4151 successerit,
918 4083 1140 4139 controvertitur.
1164 4084 1355 4155 Augustalem‚

67 4161 139 4211 “¹³⁰³
154 4162 285 4225 1¹Omen
301 4170 330 4227 in
348 4168 470 4240 antiquis
488 4168 548 4238 ejus
566 4168 697 4241 ecclesiae
716 4165 854 4239 diptychis
872 4168 1054 4235 desideratur,
1073 4169 1186 4238 quidam
1204 4168 1355 4225 admittunt

69 4246 102 4282 ²¹
114 4246 155 4323 ,⁰⁰⁹
191 4253 278 4319 qnod
295 4255 353 4310 dies
365 4253 466 4309 natalis
478 4253 538 4323 ejus
549 4254 663 4309 Arelate
674 4256 787 4308 notetur
799 4253 827 4308 ia
840 4254 1041 4323 martyrologio
1054 4254 1159 4319 Bedae;
1178 4254 1249 4309 hanc
1261 4256 1354 4310 autem

70 4315 233 4408 aaronem
240 4336 335 4409 Pagina
353 4338 390 4394 ad
408 4354 470 4393 ann.
484 4343 534 4393 462
553 4357 578 4392 n.
592 4332 762 4393 l'convellit.
782 4338 962 4394 -Leontius
980 4354 1035 4392 non
1054 4338 1142 4394 solum
1152 4338 1250 4406 Hilaro
1262 4357 1354 4409 papae
1447 4329 1448 4333 ¹

72 4414 251 4494 Qus
264 4424 322 4491 fuit,
340 4424 412 4479 dent
430 4425 576 4492 sequentes
594 4423 727 4493 epistolae
746 4424 936 4490 declarabunt,
953 4440 1005 4477 nec
1023 4425 1131 4477 tantum
1149 4421 1355 4495 Sidoniohpol·

72 4483 155 4579 ΜΨ
186 4507 237 4559 ut
251 4523 280 4561 ex
295 4506 373 4562 istius
392 4507 471 4577 epist.
488 4508 564 4576 Vl,3
582 4509 807 4578 deprehendiiur,
824 4527 921 4563 verum
940 4508 1024 4562 etiam
1041 4508 1174 4564 Faustum
1189 4507 1356 4577 Regiensem

77 4579 285 4665 {fflffiffssilnum
301 4592 409 4659 habuit,
427 4592 474 4663 qui
492 4594 552 4663 ejus
570 4594 685 4648 hortatu
697 4596 726 4648 et
738 4593 850 4648 consilio
863 4594 948 4648 libros
961 4594 995 4648 dc
1008 4594 1096 4648 libero
1110 4593 1226 4649 arbitrIo
1238 4594 1355 4664 scripsit,

80 4671 110 4707 Μ
124 4656 244 4751 tmpus
256 4679 289 4732 ab
300 4676 439 4733 Ecclesiae
457 4677 585 4735 doctrIna
601 4680 685 4748 longe
703 4679 823 4734 aberrat.
847 4678 918 4733 Hinc
930 4678 1051 4732 editores
1064 4677 1171 4734 Galliae
1188 4678 1354 4735 christianae

84 4739 233 4888 m
246 4760 337 4819 adduci
352 4763 504 4831 manhu,
529 4765 562 4818 ut
584 4763 710 4829 credant,
733 4763 880 4819 Leontium
902 4763 1043 4821 erroribus
1059 4758 1270 4822 Massiliensium
1292 4781 1355 4821 coa·

157 4912 180 4980 'l
206 4928 289 4997 “flia
305 4937 375 4989 actis
392 4938 492 4990 diuisae
507 4939 593 5008 ptetas
612 4939 774 5005 dtpnattam's.
