3204 5506
504 342 720 422 ‚ammonia
741 330 889 392 40—42.
1278 327 1339 393 831

68 517 143 559 mur
164 495 309 580 proinde,
334 499 370 561 ut
391 494 512 562 sanctis
534 498 733 563 orationibus
754 495 870 561 vestris
885 496 1012 560 divinae
1034 496 1198 580 potentiae
1220 495 1339 581 suppli·
1352 520 1376 557 a.
1387 509 1445 558 518.

71 597 153 660 cetis
159 646 169 679 ,
198 601 354 682 quatenus
383 598 478 663 initia
505 600 608 664 nostri
630 600 820 664 roborentur
841 598 978 683 imperii.
1023 597 1095 662 Hoc
1118 597 1203 661 enim
1225 601 1258 662 et
1280 620 1338 662 nos

69 720 200 784 sperare
223 702 256 763 et
276 723 331 765 vos
354 701 446 765 dccet
467 701 610 786 implere.
655 701 741 765 Data
769 700 918 767 Calendis
946 700 1086 783 Augusti
1113 699 1339 765 Constantino-

67 801 148 885 poli,
172 800 294 888 Magno
318 801 385 867 viro
408 803 584 868 clarissimo
607 803 746 868 consule.
831 890 834 897 Ι

574 1023 757 1127 Epistola
782 1024 839 1106 42.

271 1175 411 1242 tustini
433 1177 668 1260 imperatoris
689 1175 733 1242 ad
755 1175 982 1242 Hormisdam
1006 1193 1143 1260 papam.
1351 1184 1476 1306 appleto.

10 1321 52 1375 [10⁸
98 1312 202 1377 Synodi
211 1314 509 1380 Constantinopolitanae
526 1319 619 1366 litteris
634 1333 684 1380 pro
704 1318 865 1366 ecclesiaram
879 1332 945 1380 pace
964 1319 1019 1380 ipse
1035 1318 1176 1380 imperator
1193 1318 1222 1365 id
1237 1318 1304 1381 peti·
1407 1269 1463 1322 ep.

102 1406 144 1449 tur
162 1416 211 1464 per
230 1401 333 1450 Gratum
354 1406 426 1450 cucur·
442 1403 589 1453 concinenti
604 1404 716 1453 comitem
733 1417 793 1450 arras
805 1403 929 1464 ndjrnrpit,
948 1409 1023 1467 utque
1037 1402 1177 1452 Horurisda
1193 1409 1303 1466 propter

424 1486 471 1536 loc
489 1489 613 1551 nepotiana
631 1490 728 1551 lepatoa
746 1489 866 1541 destinet,
886 1487 984 1536 inuitat.

221 1634 244 1699 J
250 1635 409 1700 ustinus
431 1636 638 1720 Augustus
660 1633 893 1700 Hormisdae
915 1658 1050 1721 papae.

154 1752 322 1818 Johannes
346 1755 394 1818 vir
415 1755 635 1837 beatissimus,
665 1754 761 1838 hujus
782 1755 891 1839 regiae
903 1756 926 1840 ¹)
949 1756 1036 1819 urbis
1059 1757 1210 1839 antistes,
1235 1760 1268 1821 et
1290 1778 1338 1820 ce·

63 1855 130 1918 teri
154 1855 218 1918 viri
238 1856 381 1940 religiosi
403 1857 544 1941 episcopi
564 1857 602 1920 de
617 1857 750 1920 diversis
772 1856 849 1920 locis
872 1861 906 1920 et
927 1856 1110 1921 civitatibus
1133 1857 1185 1922 hic
1207 1859 1336 1943 reperti,

62 1961 214 2020 nostram
236 1959 443 2022 serenitatem
466 1959 652 2041 docuerunt,
676 1980 734 2042 pro
758 1958 927 2022 concordia
948 1981 1056 2023 veram
1083 1962 1116 2023 et
1130 1959 1338 2024 orthodoxam

62 2057 166 2122 fidem
189 2058 360 2124 colentium
382 2060 533 2144 proquei)
562 2061 687 2124 uilitate
708 2060 940 2123 venerabilium
968 2061 1036 2143 ejus
1059 2061 1265 2126 ecclesiarum
1286 2062 1337 2125 lit-

61 2163 156 2224 teras
184 2164 258 2225 tuae
288 2163 455 2226 sanctitati
484 2163 661 2257 offerendas
688 2161 877 2244 confecisse,
912 2184 949 2226 ac
975 2183 1170 2247 magnopere
1198 2163 1337 2248 postula·

63 2266 158 2344 rimt,
182 2266 309 2326 nostras
332 2265 430 2328 etiam
453 2263 639 2348 epistolares
660 2264 798 2347 paginas
821 2286 916 2348 super
938 2264 998 2328 hoc
1021 2265 1060 2328 ad
1083 2287 1153 2329 eam
1176 2287 1335 2329 emanare.

62 2362 211 2439 Quorum
239 2365 427 2448 petitiones,
467 2369 578 2449 utpote
607 2387 732 2448 semper
767 2365 902 2429 unitatis
931 2370 1088 2431 amatores
1123 2368 1287 2432 constituti
1299 2369 1336 2454 ³),

61 2465 208 2530 libenter
236 2467 389 2550 amplexi,
418 2466 477 2532 hos
505 2467 630 2531 divinos
658 2466 764 2551 apices
787 2467 826 2530 ad
848 2471 937 2531 tuam
958 2468 1190 2534 beatitudinem
1214 2471 1337 2534 censui-

60 2589 139 2630 mus
162 2569 391 2652 prorogandos.
422 2567 542 2644 Quibus
565 2570 704 2652 scriptis,
728 2568 892 2633 desideriis
915 2571 1170 2654 supradictorum
1191 2593 1337 2637 reveren-

62 2669 272 2733 dissimorum
294 2670 478 2734 antistitum
501 2671 685 2752 subvenire,
714 2692 834 2755 proque
861 2672 955 2736 nobis
978 2677 1011 2736 et
1032 2673 1212 2759 republica,
1246 2674 1337 2758 cujus

61 2771 263 2856 gubernatio
285 2776 414 2836 nostrae
436 2773 550 2855 pietati
573 2773 705 2837 coelitus
722 2773 842 2837 credita
858 2777 916 2857 est,
940 2796 1112 2858 supernam
1133 2776 1337 2859 majestatem

62 2872 136 2936 suis
160 2872 357 2938 orationibus
380 2874 509 2957 placare
532 2875 692 2960 dignetur.
738 2873 782 2939 Ut
811 2880 918 2940 autem
944 2879 1019 2940 tuae
1042 2877 1226 2941 sanctitatis
1247 2879 1336 2962 pacis

61 2977 101 3038 et
123 2973 260 3038 unitatis
283 2979 378 3059 atque
395 2976 581 3040 concordiae
600 2976 674 3060 jura
696 2975 822 3060 plenius
844 2979 1011 3062 patefiant,
1036 2980 1188 3063 quosdam
1210 2979 1336 3063 religio·

63 3076 211 3140 sisaimos
234 3077 413 3142 sacerdotes
442 3101 553 3162 pacem
582 3078 812 3161 amplectentes
835 3083 868 3142 et
890 3079 1105 3145 desiderantes
1129 3081 1168 3144 ad
1191 3073 1337 3145 sacratis-

62 3178 186 3242 simum
207 3183 354 3243 nostrum
376 3181 542 3263 pervenire
565 3179 715 3263 disponat
738 3181 932 3245 comitatum.
978 3181 1028 3246 Ob
1050 3181 1135 3246 hanc
1157 3183 1243 3246 enim
1266 3204 1336 3246 cau-

64 3302 138 3345 sam
162 3279 298 3345 Gratum
320 3283 424 3346 virum
447 3281 658 3346 clarissimum
679 3282 762 3346 sacri
784 3282 886 3346 nostri
915 3283 1096 3347 consistorii
1125 3285 1272 3349 comitem
1305 3290 1338 3349 et

65 3550 142 3606 dieo
160 3554 308 3623 repentina
324 3557 415 3608 morte
427 3554 546 3621 sublato,
565 3552 715 3608 secundum
728 3553 877 3609 chronicon
885 3554 1102 3609 Alexandrinum
1113 3555 1179 3609 Julii
1191 3563 1206 3609 9
1225 3556 1270 3611 dia
1288 3557 1337 3611 im·

67 3639 185 3707 perator
196 3638 371 3693 renuntiatus
389 3643 439 3705 est,
458 3657 543 3708 quum
559 3641 630 3693 teate
644 3639 791 3694 Theodoro
809 3640 913 3694 lectore
931 3658 996 3710 pag.
1011 3647 1060 3694 565
1078 3657 1095 3694 a
1112 3641 1212 3694 militia
1224 3657 1336 3696 exorsus

66 3723 102 3777 ad
120 3723 293 3777 senatorium
317 3742 402 3792 usque
422 3725 547 3778 ordinem
564 3725 747 3794 pervenisset,
767 3725 795 3779 et
812 3724 840 3778 in
859 3725 935 3778 omni
951 3726 1010 3781 vita
1027 3726 1156 3795 egregius
1178 3726 1334 3781 exstitisset.

64 3807 204 3878 Euagrius
223 3808 248 3862 h.
269 3826 291 3863 e.
311 3810 356 3876 IV,
375 3817 390 3864 2
410 3809 519 3876 scribit,
538 3828 601 3864 eum
619 3828 755 3864 summam
772 3809 907 3880 pecuniae
924 3810 981 3864 vim
999 3811 1035 3865 ab
1053 3811 1184 3865 Amantio
1202 3812 1336 3879 eunuch0,

66 3895 96 3948 ut
115 3893 268 3947 Theocrito
287 3894 397 3949 cuidam
416 3911 546 3949 eoronam
564 3894 738 3963 imperialem
755 3895 928 3961 conciliaret,
947 3896 1099 3965 accepisse,
1118 3913 1205 3966 eaque
1217 3898 1337 3966 pecunia

63 3977 181 4032 sibimet
198 3995 246 4032 seu
262 3980 360 4049 populi
377 3980 511 4049 suffragia
529 3997 578 4033 seu
596 3979 787 4033 excubitorum
804 3979 1027 4034 benevolentiam
1045 3980 1201 4035 redemisse.
1234 3981 1337 4046 Quodsi

62 4061 104 4117 ita
124 4063 181 4128 est,
200 4063 269 4117 haec
286 4064 388 4118 Justini
407 4065 482 4120 dicta
500 4082 583 4133 aegre
602 4066 781 4119 emendacio
799 4071 964 4135 purgentur.
1001 4064 1056 4119 Sed
1074 4082 1133 4119 rem
1151 4067 1277 4120 eamdem
1295 4066 1337 4120 ita

60 4149 166 4202 namet
189 4147 372 4218 Theophanes
393 4167 459 4220 pag.
480 4156 526 4204 141
551 4151 580 4203 et
603 4155 663 4215 142,
687 4151 810 4218 atquae
833 4150 878 4203 hie
901 4148 1002 4203 asserit
1023 4150 1160 4217 Justinus,
1189 4168 1250 4204 cum
1277 4151 1336 4219 ejus

59 4231 230 4288 narratione
248 4250 413 4304 componere
432 4252 464 4289 ac
483 4234 629 4289 conciliare
646 4233 737 4289 liceat.
774 4235 853 4288 Hanc
871 4252 978 4290 sacram
996 4253 1047 4304 per
1064 4235 1251 4290 Alexandrum
1269 4254 1294 4294 r.
1312 4254 1333 4290 c.

58 4317 207 4390 perlatam
225 4336 293 4386 esse,
312 4336 345 4374 ex
362 4320 527 4375 Hormisdae
546 4319 665 4389 epistola
683 4326 716 4375 45
733 4320 797 4374 huic
814 4319 950 4389 rescripta
969 4319 1115 4389 colligitur.

57 4411 95 4459 42
135 4405 155 4472 ¹)
174 4402 192 4457 b
210 4409 298 4473 rapine
314 4411 391 4460 sedis.

133 4491 156 4556 ²)
175 4489 310 4560 bpropue
328 4497 504 4546 universitate:
528 4491 667 4546 mendose.
708 4491 771 4545 Non
795 4492 905 4546 exstant
925 4492 978 4546 hae
1002 4492 1194 4562 episcoporum
1215 4491 1335 4560 litterae,

59 4572 118 4628 nisi
136 4573 210 4627 forte
231 4573 277 4629 hio
298 4578 411 4631 notetur
433 4594 551 4645 sequens
578 4577 707 4646 epistola,
735 4594 818 4645 quam
845 4577 984 4632 Johanncs
1011 4577 1125 4647 proprio
1151 4577 1263 4632 nomine
1290 4578 1336 4632 de·

61 4657 191 4713 atinavit.

132 4746 156 4813 ³)
175 4742 299 4818 Verbum
316 4754 447 4802 coinrandi
463 4749 526 4803 Bar.
546 4749 685 4818 expunxit.
726 4748 785 4802 Hoc
803 4736 905 4801 Justirii
927 4748 961 4802 de
984 4766 1012 4803 sc
1036 4748 1225 4804 testimonium
1243 4750 1334 4804 Theo·

63 4825 151 4884 dorus
172 4828 261 4883 lector
283 4849 348 4900 pag.
371 4838 419 4888 555
444 4834 594 4888 confirmat.
639 4833 680 4886 Eo
705 4833 807 4902 quippe
828 4834 901 4888 teste
923 4833 947 4887 is
968 4833 1121 4904 imperator
1142 4835 1219 4904 prius
1242 4834 1335 4903 eliam,

63 4931 151 4982 quam
169 4914 280 4984 imperii
297 4915 423 4984 regimen
442 4919 606 4989 suscipere-t,
627 4932 713 4973 rectae
728 4926 791 4986 fidei
808 4927 890 4974 cretton
908 4930 965 4974 erat
982 4926 1181 4976 ardentissimus.
