3224 5506
588 117 782 168 saissonis
805 108 833 167 3.
857 108 888 167 4.
1310 99 1372 169 627

88 263 223 338 debers
241 272 373 337 mittere
393 271 559 357 flagitasti,
586 273 669 356 quod
692 273 815 337 nullum
839 295 982 338 amarum
1004 296 1107 358 neque
1129 274 1220 339 dulce
1242 275 1374 339 noxium
1386 285 1504 352 (assi)

97 369 325 460 videndumw)
348 373 472 458 refugit
494 377 536 439 te.
581 374 666 438 Nam
689 376 781 439 etde
805 379 914 440 nostro
936 380 1096 440 conventu
1117 376 1373 460 disposueramus

113 475 258 550 quosdam
280 476 429 561 dirigere,
454 477 480 539 si
503 476 585 540 ratio
607 478 640 539 id
661 477 814 561 temporis
836 478 903 541 fieri
927 478 1138 561 permisisset:
1162 479 1245 563 quod
1266 478 1373 543 facere

10 582 22 607 '²
123 578 263 642 uelimus
278 581 468 662 opportune,
492 600 589 662 quum
604 579 732 642 illarum
747 581 887 662 partium
911 580 1063 644 correctio
1087 580 1126 643 acl
1148 603 1217 664 nos,
1238 584 1373 664 juvante

10 669 35 708 ³
128 667 258 763 Domino,
289 680 499 765 legationen)
522 679 724 764 plenissima,
759 682 841 745 sicut
870 682 1056 745 confidimus
1086 682 1184 745 fuerit
1211 683 1371 747 nuntiata.

134 775 280 861 Speranus
302 781 401 846 etiam
429 782 468 846 de
490 781 551 846 Dei
578 783 680 846 nostri
707 782 941 865 misericordia,
976 788 1012 847 ut
1040 783 1114 848 huic
1143 784 1374 869 praedicationi

10 898 30 939 ⁵.
133 887 236 948 nostrae
256 884 521 948 clementissimus
551 887 583 948 et
605 884 897 950 Christianissimus
926 886 1099 969 imperator
1127 886 1375 969 unanimitatem

131 1001 202 1049 mam
221 985 434 1070 auxiliumque
457 986 650 1070 conjungat:
674 990 832 1070 quatenus
855 1010 912 1071 pro
935 988 1006 1069 fide,
1031 1009 1093 1071 qua
1115 987 1224 1072 pollet,
1254 988 1289 1051 in
1311 987 1383 1052 illis·

125 1088 292 1171 regionibus
315 1088 519 1174 coerceat¹²),
544 1089 598 1173 qui
620 1089 685 1151 suis
707 1088 958 1173 quaestiunculis
981 1092 1014 1152 ct
1028 1089 1201 1153 secundum
1217 1089 1375 1153 elementa

118 1190 229 1274 mundi,
251 1191 334 1255 sicut
356 1213 411 1254 vas
434 1189 599 1255 electionis
622 1193 697 1254 ante
715 1191 884 1274 praedixit,
909 1191 1069 1275 superflua
1085 1214 1231 1276 vanaque
1248 1191 1375 1255 concin-

111 1294 201 1375 nant,
223 1293 369 1357 nolentes
393 1292 549 1356 contineri
578 1291 771 1356 salutaribus
799 1292 988 1377 disciplinis
1034 1298 1097 1356 Sed
1124 1315 1189 1371 uos,
1220 1294 1303 1357 sicut
1331 1293 1525 1372 aitEph.4‚·20.

108 1395 193 1459 idem
214 1395 392 1478 apostolus,
421 1417 482 1459 aon
505 1400 717 1458 itmdidr‘cistis
740 1401 901 1472 Christum,
932 1395 958 1458 si
987 1398 1097 1459 tamen
1125 1395 1215 1459 illum
1243 1394 1385 1459 audistis

105 1501 139 1560 et
163 1495 197 1559 in
219 1495 274 1560 illo
297 1496 383 1560 docti
405 1496 497 1580 estis,
527 1498 610 1560 sicut
632 1499 682 1561 est
703 1497 820 1560 veritas
843 1497 877 1560 in
899 1497 1028 1579 desum,
1060 1520 1155 1582 quam
1183 1497 1292 1583 utique
1320 1496 1375 1561 ille

102 1597 347 1683 apprehendere
369 1598 503 1682 poterit,
532 1599 586 1683 qui
600 1591 860 1662 ¹orthodoxorum
888 1601 1032 1683 patrum,
1071 1599 1154 1663 sicut
1183 1599 1252 1682 jam
1280 1621 1375 1683 saepe

100 1701 227 1765 dictum
261 1705 325 1784 est,
359 1701 575 1765 observaverit
606 1701 765 1765 instituta.
822 1700 907 1764 Deus
936 1705 967 1765 te
995 1701 1175 1765 incolumen
1205 1701 1373 1784 custodiat,

100 1803 207 1868 frater
230 1803 409 1867 carissime!

623 2006 804 2109 Epistola
829 2008 863 2088 l.
1389 2053 1505 2118 pm,

289 2158 471 2226 Anastasii
494 2160 533 2224 ΙΙ
557 2176 667 2242 papae
690 2159 733 2224 ad
758 2159 962 2224 Ursicinum
985 2160 1202 2241 fragmenta.

47 2097 89 2148 84.

191 2317 223 2378 1.
328 2312 411 2377 Nam
434 2313 628 2397 principium
651 2312 737 2376 Deus
760 2312 902 2375 Verbum
925 2312 983 2375 has
1005 2315 1132 2375 nostrae
1155 2315 1290 2377 naturae
1313 2312 1376 2396 pri·

97 2417 214 2482 mitiss
236 2437 297 2500 per
318 2414 452 2479 multam
474 2415 535 2478 sibi
557 2414 733 2478 bonitatem
757 2415 848 2477 unire
871 2415 1097 2499 dignatusest,
1122 2415 1197 2497 quia
1219 2436 1284 2477 non
1307 2436 1376 2496 per-

96 2521 244 2601 mixtus,
283 2517 396 2581 sedin
417 2517 559 2601 utrisque
582 2516 771 2579 substantiis
799 2539 880 2578 unus
908 2521 940 2579 et
967 2517 1038 2598 ipse
1066 2516 1151 2578 visus
1159 2565 1167 2596 ,
1203 2516 1377 2578 secundum

94 2621 185 2709 quod
212 2603 371 2703 scriptum
393 2621 456 2682 est:
479 2624 589 2682 Solvite
610 2625 750 2698 templum
766 2623 857 2695 istud,
879 2629 907 2680 et
922 2625 952 2680 ln
968 2623 1064 2680 tribus
1078 2622 1181 2680 dicbus
1195 2622 1526 2690 resusciraoorohsss.

91 2729 191 2791 illud.
249 2718 392 2786 Solvitur
424 2720 508 2784 enim
541 2719 687 2785 Christus
718 2719 811 2783 Jesus
841 2719 1014 2783 secundum
1048 2741 1117 2782 eam
1151 2718 1375 2801 substantiam,

88 2848 200 2914 quam
226 2822 380 2907 suscepit,
404 2825 437 2886 et
458 2821 595 2886 solutum
618 2822 752 2885 suscitat
775 2822 937 2905 proprium
960 2821 1124 2904 templum.

406 2998 521 3058 Iterum
542 2996 699 3058 Anastasii
720 3012 819 3073 papae
842 2995 882 3055 sd
903 2995 1085 3056 Ursicinum.

183 3116 223 3180 2.
261 3112 458 3178 Confitemur
479 3134 567 3197 ergo,
591 3111 762 3175 Dominum
785 3111 929 3172 nostrum
950 3108 1061 3172 lesum
1077 3106 1239 3173 Christum
1262 3107 1378 3173 Filium

71 3223 150 3292 Dei
180 3215 400 3300 unigenitum
422 3218 498 3278 ante
520 3213 628 3278 omnia
650 3212 778 3298 quidem
799 3212 927 3276 saecula
950 3211 1018 3274 sine
1040 3210 1199 3294 principio
1222 3232 1261 3273 ex
1281 3208 1377 3274 Patre

10 3308 12 3337 ⁵
68 3330 220 3397 nasum
245 3319 422 3382 secundum
444 3317 611 3398 deitatem,
644 3314 825 3379 novissimis
848 3317 955 3378 autem
982 3313 1093 3376 diebus
1116 3313 1154 3376 de
1182 3316 1295 3377 sancta
1316 3313 1378 3376 vir-

64 3433 170 3521 gine
202 3419 317 3488 Maria
344 3419 488 3483 eumdem
515 3419 718 3482 incarnatum
750 3421 783 3480 et
808 3417 987 3501 perfectum
1015 3414 1176 3478 hominem
1205 3437 1243 3478 ex
1271 3414 1379 3479 anima

63 3522 263 3602 rationali
287 3524 320 3585 et
342 3520 481 3604 corporis
503 3520 719 3602 susceptione,
749 3517 935 3582 homousion
958 3517 1048 3581 Patri
1076 3516 1249 3581 secundum
1279 3516 1378 3580 deita-

59 3646 153 3705 tem
164 3681 178 3715 ,
224 3629 264 3689 et
290 3621 478 3687 homousion
506 3622 599 3684 nobis
626 3620 799 3685 secundum
827 3619 1071 3683 humanitatem.
1123 3617 1267 3682 Duarum
1294 3619 1379 3682 eninr

60 3740 304 3810 naturarum
325 3725 540 3809 perfectarum
567 3723 675 3787 unitas
697 3722 786 3786 facta
808 3725 857 3786 est
883 3720 1103 3803 ineffabiliter,
1138 3723 1270 3805 propter
1296 3718 1379 3804 quod

62 3882 417 3910 st

158 3992 207 4058 ¹⁰)
227 3982 269 4039 (3¹
289 3985 408 4050 resopita,
427 3977 502 4048 qnod
519 3974 694 4033 correximus.
730 3976 865 4032 Baronius
883 3974 920 4031 ad
937 3993 999 4030 ann.
1014 3981 1062 4028 492
1084 3967 1228 4028 substituit
1245 3977 1330 4026 bibere
1348 3992 1379 4027 ne

58 4086 233 4150 resumes:
260 4084 297 4122 ex
314 4082 369 4134 quo
386 4063 416 4117 id
434 4062 505 4117 effici
523 4063 640 4129 videtur,
659 4065 690 4116 ut
699 4062 858 4116 Anastasius
877 4068 978 4116 noxium
996 4064 1068 4112 dulce
1086 4057 1237 4111 bibendum
1254 4057 1378 4111 suadeat.

59 4162 192 4237 mgis
213 4151 350 4227 placeret
372 4151 501 4203 bibendum
525 4160 548 4202 te
571 4169 622 4202 non
638 4154 712 4216 serpit.
748 4146 854 4201 Alludit
878 4145 980 4215 quippe
998 4142 1160 4197 Anastasius
1184 4142 1220 4196 ad
1237 4140 1380 4195 Laurentii

61 4251 203 4312 verba,
225 4236 335 4310 quibus
353 4239 498 4289 medicinam
515 4232 557 4286 his
576 4232 735 4302 regionibus
747 4230 959 4285 ministrandam
970 4228 1123 4297 flagitarat,
1143 4243 1176 4280 ac
1193 4227 1264 4280 forte
1283 4227 1380 4280 auctor

60 4337 138 4413 ἱρή
161 4323 286 4390 suerat,
304 4323 337 4375 ut
355 4319 391 4374 ab
408 4317 593 4389 asperioribus
610 4317 702 4371 verbis
719 4318 896 4385 temperaret.

160 4416 205 4483 ¹⁸)
225 4404 376 4476 Augurari
392 4403 457 4458 hinc
473 4402 546 4469 licet,
564 4402 744 4457 Laurentium
761 4402 790 4454 in
803 4400 921 4471 epistola
932 4416 983 4453 sua
994 4398 1028 4452 de
1041 4396 1190 4466 legatione,
1202 4413 1285 4466 quam
1296 4395 1381 4451 'Phes-

66 4492 294 4567 salonioensis
312 4488 430 4546 antistes
447 4491 507 4543 tum
524 4489 657 4558 parabat,
682 4504 819 4556 quamque
843 4484 919 4539 brevi
938 4484 1037 4553 postea
1054 4480 1222 4536 destinatam
1240 4498 1298 4535 esse
1317 4496 1380 4534 mox

68 4586 187 4653 ,imi
207 4595 321 4644 sumus,
341 4573 467 4629 nonnihil
485 4573 661 4643 significasse.

163 4672 206 4741 ¹¹)
227 4664 289 4721 Seu
306 4681 353 4718 eas
372 4672 497 4722 comesus,
517 4665 628 4729 quisuis
700 4663 859 4712 concinnunt.
895 4654 970 4709 Editi
988 4661 1046 4724 quin
1119 4659 1261 4708 concinunt.

1164 4739 1230 4805 40*
