3204 5506
215 353 279 418 250
666 370 693 415 s.
712 367 847 417 ramors
871 370 897 415 n
919 368 1033 415 raras

109 539 201 589 sees
215 523 428 588 humanarmn
450 524 510 587 sihi
533 505 638 587 rerum
660 523 828 605 fastigium
849 523 975 586 noverit
998 545 1065 586 esse
1088 522 1304 604 commissum,
1331 525 1515 591 attamen.

215 651 262 707 ea,
292 649 372 711 quae
402 627 509 689 divina
532 630 622 707 sunt,
654 648 711 709 per
739 625 974 708 dispensatores
1002 625 1155 689 divinitus
1184 624 1364 688 attributos
1394 626 1496 709 perei-

214 730 424 812 piendanon
459 728 612 812 ambigat.
657 727 754 809 Puto,
793 727 875 810 quod
903 727 993 790 volus
1023 727 1091 791 sine
1119 726 1185 790 ulla
1212 726 1427 792 dubitatione
1454 729 1496 793 sit

214 831 301 911 utile,
325 832 352 894 si
376 830 553 894 Ecclesiam
577 829 767 893 catholicam
792 830 886 893 vestri
909 834 1051 913 tempore
1077 829 1279 913 principatus
1303 829 1428 894 sinatis
1448 822 1495 897 uli

215 934 339 1016 legibus
355 934 429 1014 suia,
455 955 514 995 nee
536 932 678 995 libertati
702 933 769 1015 ejus
792 954 982 1016 quemquam
1005 932 1199 1015 permittatis
1214 932 1389 1014 obsistere,
1415 955 1494 1017 quae

213 1036 306 1119 regni
329 1036 418 1098 vobis
441 1036 582 1098 restituit
603 1037 806 1117 potestatem.
846 1036 975 1098 Certum
992 1039 1042 1098 est
1064 1035 1160 1115 enim,
1184 1034 1245 1098 hoo
1260 1032 1361 1098 iebus
1379 1035 1493 1100 vestris

214 1159 281 1200 esse
304 1137 454 1218 salutare,
486 1141 521 1200 ut
542 1159 639 1221 quum
662 1137 700 1200 de
724 1137 826 1200 causis
849 1136 908 1200 Dei
932 1139 1050 1221 agitur,
1076 1139 1109 1200 et
1127 1137 1221 1219 juxta
1241 1135 1348 1219 ipsius
1375 1138 1493 1203 eonsti-

212 1242 319 1302 tutum
340 1240 462 1323 regiam
484 1238 682 1302 voluntatem
704 1239 920 1303 sacerdotibus
936 1239 1055 1303 Christi
1077 1238 1232 1301 studeatis
1248 1239 1403 1322 subdere,
1427 1262 1493 1305 non

113 1366 121 1374 ·
213 1342 385 1423 praeferre,
415 1346 447 1405 et
474 1345 679 1405 sacrosancta
709 1364 765 1425 per
787 1363 896 1404 eorum
924 1341 1086 1425 praesules
1115 1341 1235 1405 discere
1257 1341 1372 1424 potius
1396 1364 1493 1426 quem

137 1505 143 1514 ,
213 1443 335 1524 docere,
360 1443 523 1508 Ecclesiae
546 1444 682 1507 formam
706 1444 803 1526 sequi,
833 1466 899 1507 non
922 1443 996 1507 huie
1018 1443 1204 1507 humanitus
1227 1443 1398 1527 sequenda
1416 1444 1493 1528 jura

213 1546 399 1627 praefigere,
432 1568 533 1629 neque
562 1546 631 1627 ejus
654 1546 873 1609 sanctionilms
895 1545 976 1608 velle
999 1546 1166 1627 dominari,
1198 1545 1249 1609 cni
1272 1545 1366 1617 Deus
1392 1546 1494 1611 voluit

214 1645 414 1710 elementiam
438 1652 526 1710 tuam
550 1649 620 1730 piae
644 1648 820 1712 devotionis
844 1646 925 1709 eolla
947 1647 1150 1711 submittere:
1174 1647 1315 1711 nedum
1336 1669 1495 1713 mensura

213 1747 358 1811 eoelestis
381 1750 598 1832 dispositionis
627 1751 803 1829 exceditur,
835 1754 926 1812 eatur
952 1750 986 1812 in
1014 1749 1239 1812 contumeliam
1269 1749 1491 1833 disponentis.

212 1850 256 1913 Et
279 1873 316 1914 ex
339 1851 399 1914 hoe
422 1851 548 1935 quidem
571 1853 609 1915 de
632 1852 681 1915 his
704 1853 851 1916 onmibus
875 1852 1106 1915 conscientiam
1128 1873 1232 1915 meam
1247 1854 1326 1915 ante
1343 1852 1494 1918 tribunal

212 1952 332 2016 Christi
356 1976 483 2016 (εειιιὸιιιιι
507 1955 649 2018 dicturus
673 1954 812 2017 absolvo.
856 1953 991 2017 Vestrae
1014 1954 1130 2017 mentis
1152 1953 1305 2017 intererit
1318 1954 1432 2040 magis
1455 1976 1495 2020 aa

211 2055 314 2138 magis
339 2056 491 2139 cogitare,
523 2060 555 2119 et
581 2057 614 2119 in
639 2079 744 2119 rerum
766 2057 982 2139 praesentium
1006 2059 1092 2119 statu
1114 2056 1172 2119 sub
1195 2055 1307 2119 divina
1330 2078 1396 2121 nos
1419 2079 1494 2121 exa·

211 2156 388 2221 minatione
419 2158 601 2240 subsistere,
633 2181 668 2222 ae
698 2162 770 2241 post
798 2158 892 2240 hujus
920 2159 1005 2222 ritae
1029 2179 1154 2221 cursum
1177 2157 1217 2221 ad
1240 2157 1395 2223 divinum
1418 2181 1494 2225 eon·

211 2262 381 2349 sequenter
413 2264 562 2323 venturos
596 2282 664 2323 csse
694 2259 860 2342 judieiimr.
906 2265 944 2324 Et
973 2267 1035 2324 (elio
1063 2282 1164 2324 marca.
1215 2258 1305 2324 Data
1336 2260 1495 2330 Calendis

211 2361 351 2444 Augusti
373 2361 535 2425 Venantio
559 2386 586 2426 v.
612 2386 639 2426 c.
664 2361 802 2425 consule.
1366 2353 1371 2362 ⁹
1527 2344 1532 2357 ’

725 2532 906 2633 Epistola
934 2533 967 2613 9.

823 2669 870 2703 seu

84 2720 118 2769 (a.
130 2714 180 2762 484

59 2743 334 2847 irat.hag.)F⁰¹i⁰i⁸
356 2759 465 2811 papea
493 2746 537 2800 ad
559 2746 736 2813 episcopos
763 2759 823 2813 per
845 2747 1054 2814 Aegyptum,
1084 2744 1312 2813 Thebaidem,
1342 2747 1494 2818 Libyam

479 2850 513 2902 et
535 2848 747 2915 Pentapolim
769 2847 976 2904 constitutos
994 2843 1213 2917 [remeantum.

227 2978 302 3026 Felix
319 2991 386 3040 pepe
403 2980 529 3041 episeopis
547 2993 592 3041 per
610 2980 768 3041 Aegyptam,
786 2980 954 3039 Thebaidem,
972 2979 1078 3040 Libyam
1096 2981 1123 3027 et
1134 2978 1300 3040 Pentapolim
1317 2983 1475 3035 ωιιιῑὶιιθι
1495 2986 1533 3051 pl

774 3070 832 3128 pos!
852 3066 912 3117 (ilia.

293 3163 457 3248 Petrrun¹l
482 3187 570 3245 vero,
601 3164 654 3247 qui
684 3185 717 3226 se
741 3164 781 3226 ah
800 3162 963 3226 Ecclesiae
992 3165 1117 3226 unitate
1148 3162 1207 3225 sub
1234 3161 1358 3229 beatae
1388 3188 1492 3233 reeor-

208 3264 346 3329 dationis
369 3265 513 3329 Proterio
542 3266 736 3349 separarit'2')
778 3269 810 3328 et
832 3266 866 3328 in
888 3267 1024 3328 mortem
1045 3265 1145 3348 ipsius
1172 3264 1361 3347 parricidae
1385 3268 1491 3335 Timo·

208 3368 283 3432 theo
306 3369 346 3430 ad
368 3367 602 3451 persequendos
627 3367 788 3449 sejunxit
810 3366 1017 3449 orthodoxos,
1048 3365 1135 3431 nulla
1154 3365 1240 3429 tanti
1264 3369 1415 3436 nominis
1434 3374 1496 3437 aut

185 3545 189 3554 1
208 3468 338 3532 honoris
354 3469 567 3552 permittimus
583 3471 735 3532 societate
751 3468 913 3551 laetari³):
937 3468 1063 3551 quando
1079 3469 1114 3531 in
1130 3468 1332 3535 creatoribus
1348 3456 1490 3558 propriis

207 3592 273 3633 uon
302 3570 507 3633 dissimilibus
535 3571 605 3654 ipso
633 3572 680 3634 sui
705 3572 832 3635 exordio
857 3571 1020 3650 eaduemn,
1044 3570 1125 3653 quod
1149 3591 1182 3633 se
1206 3572 1376 3657 aestimat,
1400 3595 1490 3661 repe-

208 3671 299 3734 ritur.
340 3670 400 3733 Est
422 3694 498 3756 ergo
518 3673 681 3756 praefatus
706 3674 828 3737 cernetis
852 3672 1033 3755 cerrathema,
1058 3694 1117 3735 nee
1139 3672 1180 3735 ab
1201 3672 1357 3740 Ecclesia
1381 3677 1489 3742 catho-

208 3773 271 3836 lica
294 3772 441 3836 credatur
463 3798 604 3859 unquam
626 3776 735 3858 recipi,
760 3776 813 3859 qni
836 3777 909 3858 post
928 3774 1181 3838 cohortationem
1204 3776 1437 3860 saepissimam
1457 3784 1490 3845 et

207 3896 264 3957 per
287 3877 336 3938 tot
358 3897 513 3939 annorum
538 3879 675 3961 spatiall
704 3878 737 3940 in
760 3877 969 3960 perversitate
992 3876 1121 3959 propria
1143 3897 1360 3959 perseverans
1383 3881 1490 3949 locum

207 3976 437 4040 satisfactionis
462 3978 577 4040 annsit.

276 4150 294 4212 ¹)
315 4148 356 4202 aa
375 4148 417 4201 G'.
448 4147 524 4201 Editi
542 4152 643 4200 Petras.

273 4234 294 4298 ²)
313 4233 437 4300 Eamque
456 4234 491 4286 ob
511 4249 623 4285 causam
642 4233 677 4286 ab
696 4232 757 4301 ipso
776 4233 916 4299 I‘roteri0,
935 4235 1013 4300 enjus
1031 4231 1163 4286 diaeonus
1181 4233 1256 4298 erat,
1281 4252 1342 4291 una
1360 4255 1427 4295 cum
1445 4239 1490 4295 'lh'-

206 4317 318 4370 motheo
332 4317 434 4370 hcluro
453 4320 518 4369 tanc
536 4318 699 4384 presbytero
719 4317 866 4371 damnatus
884 4318 987 4385 legitur
1006 4317 1033 4369 in
1051 4320 1122 4386 gost.
1136 4317 1170 4371 de
1182 4334 1258 4372 nom.
1272 4320 1361 4376 Aeac„
1383 4324 1489 4391 (Gelu.

206 4402 285 4454 tract..
306 4402 329 4457 li
348 4419 374 4453 n.
387 4409 416 4462 4,
435 4408 463 4455 et
481 4421 507 4455 n.
527 4409 542 4455 8
560 4402 645 4470 ipsius
664 4401 804 4455 'l'imothei
824 4402 952 4456 catholici
970 4401 1129 4455 testimonio
1148 4402 1343 4460 confirmatur.

274 4490 294 4551 ³)
313 4486 495 4548 ltestituimus
520 4494 635 4557 picando,
660 4488 725 4542 licet
746 4489 775 4540 in
793 4506 856 4541 mss.
877 4499 981 4556 quamo.
1022 4487 1128 4542 Deinde
1146 4499 1283 4544 creatores
1304 4493 1493 4562 appellantur

205 4571 282 4623 Petri
306 4570 486 4625 ordinatores.
529 4572 587 4625 Neo
609 4573 716 4636 obstat,
740 4573 814 4641 qnod
833 4572 909 4625 l‘elix
932 4591 990 4641 sup.
1011 4573 1091 4641 epist.
1109 4577 1125 4626 8
1141 4579 1202 4626 ιι.3
1225 4572 1350 4631 Petrum
1372 4579 1411 4634 ab
1434 4597 1490 4636 une

207 4655 351 4709 dumtaxat
370 4656 529 4710 ordinatum
548 4657 660 4710 scribat.
696 4659 722 4710 ls
742 4657 815 4711 enim
839 4657 962 4726 tropicus
980 4657 1112 4725 loquendi
1129 4657 1242 4723 modus,
1269 4677 1330 4728 quo
1350 4663 1387 4720 de
1404 4664 1491 4739 pluri·

205 4740 257 4793 bns
270 4741 414 4805 asseritur,
434 4741 509 4810 quod
528 4742 606 4794 unius
626 4744 666 4796 est
684 4743 841 4813 proprium,
859 4759 909 4796 nec
927 4741 1075 4797 inusitatus
1087 4741 1172 4796 Felici
1185 4745 1228 4798 est
1241 4760 1296 4801 nee
1307 4740 1492 4821 inelefinffl

205 4825 249 4879 hic
268 4825 424 4879 adhibetur.
1195 4893 1198 4898 ,

273 4913 294 4979 ¹¹)
313 4910 375 4964 scil.
395 4928 444 4982 por
463 4911 580 4981 triginta
597 4913 654 4967 fere
673 4930 771 4981 annos,
791 4915 821 4968 ut
840 4913 937 4968 scribit
953 4914 1031 4968 Felix
1049 4913 1153 4983 epistt
1173 4931 1201 4968 n.
1216 4920 1259 4971 12.
