3204 5506
207 168 224 200 4

252 377 315 441 774
693 389 720 435 s.
738 386 944 435 normanna
968 384 1082 433 rursu

122 563 157 625 (a.
170 559 240 623 oro.)
253 546 312 611 sub
335 543 504 609 velocitate
526 541 682 606 remittite
704 543 888 627 portantem
910 540 1073 605 doctrinas
1096 541 1220 604 vestras
1243 538 1415 624 apostoliam
1440 546 1466 607 n

252 653 316 714 alis
337 668 445 713 manm
469 644 665 709 ineolumem
688 666 738 707 me
761 665 832 727 ora,
857 642 1060 707 sanctissime
1082 645 1177 726 pater
1199 643 1337 727 patrum!
1523 630 1525 643 ¹

338 749 409 834 Ego
426 747 594 812 Johannes
618 746 784 830 episeopus
806 745 964 830 rursus¹²)
987 744 1098 809 retuli:
1121 744 1316 810 Incolumcm
1336 767 1378 810 me
1394 747 1466 811 onir

254 851 402 934 Domino,
427 850 628 915 sanctissime
652 870 690 912 ne
712 847 895 911 beatissime
918 850 1010 931 pater
1032 848 1180 930 patrum!

338 953 410 1038 Ego
432 951 618 1016 Matthaeus
641 950 808 1034 episcopus
831 948 1007 1035 Butroti¹³)
1031 948 1137 1013 retuli.

338 1054 410 1138 Ego
427 1051 660 1119 Constantinus
675 1052 842 1136 episcopus
858 1050 1175 1135 Hacrnnopoleosss)
1196 1050 1306 1116 retuli:
1327 1051 1468 1116 lncolunen

254 1158 288 1221 in
311 1155 450 1220 Domino
472 1177 522 1218 mc
545 1176 616 1237 ora,
640 1154 841 1217 sanctissime
865 1175 901 1217 ac
924 1153 1107 1217 beatissime
1129 1157 1225 1237 pater
1247 1155 1376 1238 patrum!

339 1257 411 1341 Ego
434 1255 657 1323 christodorus
681 1256 849 1340 episcopus
874 1255 1088 1341 Anciasmi¹⁵)
1111 1255 1218 1320 retuli.

340 1359 412 1443 Ego
435 1357 578 1421 Hilarius
601 1359 769 1442 episcopus
790 1357 988 1442 Photicesll)
1011 1357 1117 1421 retuli.

341 1461 413 1545 Ego
435 1459 604 1544 Philippus
627 1459 794 1545 episcopus
816 1458 1018 1523 Photieensis
1040 1459 1145 1524 ret-uli.

342 1562 415 1647 Ego
436 1560 587 1626 Julianus
610 1562 778 1645 episcopus
800 1560 950 1625 Dodones
972 1562 1077 1625 retuli.

343 1663 416 1748 Ego
438 1662 637 1749 Chrysippus
661 1664 828 1749 episeopus
851 1662 1043 1748 Cercires¹⁷)
1066 1663 1173 1727 retuli.

764 1849 946 1954 Epistola
973 1850 1025 1932 17.

120 1997 242 2120 ²15⁵&
301 2002 512 2069 llorrnlsdae
536 2020 646 2087 papae
667 2003 711 2068 ad
735 2002 933 2070 Johannem
955 2002 1244 2085 Nicopolitanum
1267 2004 1465 2086 episcopm.

295 2144 368 2193 Illius
390 2144 545 2193 commendat
567 2143 728 2193 bumilitatem
751 2159 782 2192 oe
801 2145 886 2205 fldem.
923 2143 1014 2208 Carpit
1036 2159 1093 2201 eor,
1116 2145 1161 2209 qni
1181 2144 1336 2194 comedentis
1354 2123 1513 2193 cremati

290 2229 366 2290 fidem
382 2244 453 2278 suom
470 2228 549 2279 libere
566 2231 685 2292 profiteri
701 2244 752 2278 non
769 2230 872 2278 nudent
900 2227 953 2287 Quo
972 2229 1062 2278 ordine
1080 2230 1224 2294 reeipiendi
1239 2230 1291 2278 rint
1308 2229 1349 2293 qui
1358 2224 1513 2277 manc

715 2316 779 2363 riom
799 2319 967 2372 reuertuntur,
986 2319 1075 2364 necnee.

412 2444 814 2511 HormisdaJohanni
836 2443 1338 2529 episcopoNicopolitano.
1363 2441 1524 2510 serv

506 2551 625 2613 finum
647 2551 858 2612 diaconum.

348 2668 375 2730 1.
415 2666 525 2731 Gavisi
553 2689 661 2731 sumus
687 2667 722 2731 in
746 2666 883 2730 Domino
911 2665 1019 2749 valde,
1053 2667 1156 2730 frater
1178 2667 1355 2750 carissime,
1386 2643 1525 2747 accep?fi

261 2768 378 2832 litteris
400 2768 475 2851 tuis,
499 2769 534 2832 in
557 2769 671 2853 quibus
692 2773 726 2833 te
740 2768 900 2853 profiteris
915 2768 1129 2844 sacerdotium
1144 2767 1206 2833 Dei
1221 2768 1328 2853 gratia
1342 2764 1525 2851 suscepirssss⁴

261 2869 351 2934 Haec
373 2870 451 2934 fides
474 2873 577 2953 certa,
608 2870 688 2934 haec
715 2892 787 2954 spes
814 2869 883 2934 sinc
912 2869 1123 2955 ambiguitate
1152 2891 1281 2953 secura,
1309 2892 1369 2954 qua
1389 2858 1525 2935 creditu

330 3076 361 3142 ¹²)
379 3073 445 3128 Ideo
462 3093 563 3135 rursus,
588 3073 654 3140 quia
672 3072 845 3142 superiorem
867 3072 982 3143 proprio
1000 3072 1111 3126 nomine
1129 3071 1254 3128 miserat.
1292 3073 1436 3128 Subneran
1449 3066 1525 3122 rss¹

261 3174 387 3227 precem,
412 3162 563 3214 ineolumem
581 3179 618 3212 me
636 3177 684 3212 oro
701 3159 753 3211 etc.
772 3157 818 3211 hie
836 3159 865 3210 et
882 3157 997 3211 iuferius
1014 3157 1115 3211 Baton.
1136 3157 1279 3228 expungit.

331 3245 361 3310 ¹³)
380 3245 407 3296 αι
425 3246 546 3298 auena:

330 3330 361 3395 ¹⁴)
379 3327 542 3396 Legendum
559 3326 671 3381 videtur
688 3332 922 3395 Hadrianopoleos.
960 3325 1042 3382 Certe
1065 3326 1167 3382 litteris
1185 3327 1378 3398 episcoporum
1392 3324 1457 3398 Epiri
1484 3322 1525 3367 ἵ(

262 3412 329 3467 teris
352 3413 389 3467 od
411 3412 532 3466 Leonem
550 3413 622 3480 Aug.
646 3412 751 3477 (concil.
778 3411 943 3466 Calchedon.
968 3430 994 3481 p.
1015 3411 1067 3478 ΙΙΙ,
1090 3430 1116 3465 n.
1136 3419 1170 3467 38
1193 3411 1280 3468 Hard.
1300 3414 1337 3478 ll,
1360 3416 1414 3478 ¹165)
1434 3399 1525 3491 null}²

264 3503 492 3565 Hcencnopoleos,
512 3497 561 3552 sed
579 3502 785 3565 Hadrianopolis
803 3497 949 3566 episcopus
967 3496 1106 3566 Hypatius
1124 3497 1322 3563 subscribitur,
1344 3512 1424 3565 eaque
1437 3486 1525 3548 loe-tw

264 3599 297 3636 ex
315 3581 565 3652 subscriptionibus
585 3581 680 3635 concil.
701 3579 867 3634 Calchedon.
886 3584 939 3635 act.
959 3588 976 3634 4
994 3581 1090 3647 (Hand.
1109 3581 1146 3647 11,
1165 3585 1226 3650 393)
1246 3583 1425 3638 confirmatur.

333 3669 363 3734 ¹⁵)
381 3669 564 3729 Mnemeion,
584 3669 609 3720 a¹
624 3672 770 3719 Aneiaemo.
801 3665 833 3719 ln
850 3681 914 3719 mox
932 3665 1008 3720 dieta
1026 3672 1119 3721 autem
1138 3666 1259 3737 epistola
1277 3667 1313 3723 ad
1329 3667 1438 3722 Leonem
1446 3665 1506 3724 3⁰3·

262 3751 366 3820 legitur
385 3757 521 3805 Ancinenn'.
563 3751 599 3804 Et
620 3751 648 3803 in
672 3749 922 3819 subscriptionibus
945 3749 1040 3805 concil.
1061 3749 1228 3807 Calchedon.
1249 3753 1303 3807 act.
1321 3751 1360 3806 IV
1381 3737 1496 3819 (Hardll

264 3843 313 3891 393
332 3837 403 3891 conf.
423 3841 483 3903 765)
499 3831 674 3905 Ἀγχιασμοῦ.

334 3923 363 3988 ¹⁶)
383 3919 550 3990 Coujeetura
567 3923 620 3982 est,
643 3920 688 3974 hic
706 3920 907 3975 restituendum
926 3937 984 3975 esse
1003 3925 1143 3975 Phoenices
1161 3922 1192 3976 et
1213 3938 1280 3976 mox
1299 3925 1436 3981 Phocensis»
1452 3915 1490 3969 ¹⁰⁰⁰

264 4012 437 4061 I'ton'eenris:
459 4008 490 4060 ut
511 4006 642 4060 nimirum
664 4004 807 4060 consensio
830 4005 866 4058 sit
888 4023 950 4060 eum
972 4004 1091 4075 epistola
1112 4004 1229 4061 laudata
1251 4005 1489 4068 senonensia

266 4091 310 4145 cui
329 4090 508 4145 subscribunt
529 4090 693 4146 Valerianus
718 4095 869 4144 phoeniciae
892 4092 921 4145 ct
938 4090 1059 4145 Didacus
1083 4095 1187 4146 Pherae
1210 4091 1308 4158 (Hard.
1335 4092 1489 4146 mnan..

267 4179 395 4243 Pholieer)
415 4174 544 4245 episcopi.

335 4263 366 4327 17)
384 4260 433 4313 Ed.
453 4265 578 4330 Conprce.
616 4266 729 4328 Cer-cyra
747 4261 841 4313 autem
859 4260 1011 4314 secundum
1028 4262 1137 4316 veteres
1155 4260 1243 4316 libros
1261 4264 1290 4317 et
1307 4277 1402 4331 graeca
1413 4262 1492 4326 W

266 4344 373 4398 dicitur.
411 4345 454 4399 Ita
476 4346 523 4413 qui
541 4345 675 4415 epistolae
694 4344 729 4398 ad
747 4345 869 4399 Leonem
886 4346 958 4414 Aug.
983 4344 1133 4400 subscribit
1153 4345 1315 4401 Soterichus
1332 4351 1456 4415 Corcyrae.
1467 4355 1494 4394 t

267 4429 387 4482 cundum
404 4447 453 4483 ms.
472 4430 553 4485 Corb.
573 4430 733 4484 scribendus
751 4431 793 4483 est
806 4433 934 4498 Cercproe
952 4436 1102 4499 episcopor,
1121 4431 1263 4499 quomodo
1281 4434 1311 4486 et
1327 4431 1396 4486 inter
1410 4423 1496 4483 subm

266 4512 376 4584 ptiones
388 4518 441 4569 act.
455 4522 470 4568 4
489 4515 584 4569 concil.
599 4514 764 4569 Calchedon.
786 4514 882 4581 (Hard.
896 4516 935 4582 11,
948 4521 1008 4581 399)
1022 4511 1178 4578 ἐπίσκοπος
1191 4511 1340 4587 Κερκύρας
1356 4508 1497 4586 moelcol

266 4600 319 4652 tur.
357 4598 454 4654 Obiter
472 4600 602 4666 observo,
620 4599 648 4653 in
667 4599 783 4654 concilio
797 4599 1016 4656 Calchedonensi
1033 4602 1118 4656 actt
1136 4600 1233 4667 (Hard.
1252 4602 1292 4668 11,
1309 4604 1369 4669 999)
1384 4593 1499 4655 internb

267 4681 431 4752 scriptiones
449 4684 642 4754 episcoporum
660 4684 737 4754 Epiri
754 4685 857 4739 veteris
881 4686 937 4754 legi
960 4685 1047 4740 latine
1065 4685 1226 4757 episcopum
1246 4687 1448 4758 Eunaesgrseoo
1463 4672 1501 4736 Εὖ

267 4770 363 4836 polae,
388 4770 416 4822 et
437 4768 465 4822 in
487 4770 602 4824 laudata
624 4770 742 4839 epistola
762 4769 798 4824 ad
816 4771 937 4826 Leonem
955 4776 1025 4840 Aug.
1047 4770 1209 4841 episcopum
1227 4775 1356 4828 Eurotae
1372 4763 1503 4829 memorarit

266 4852 294 4905 in
313 4851 355 4904 his
373 4854 467 4906 autem
484 4854 563 4920 locis,
581 4855 717 4923 Procopio
736 4857 863 4922 auctore,
881 4856 928 4924 qui
947 4861 1076 4910 Ererueam
1087 4854 1166 4926 Epiri
1185 4855 1327 4912 civitatem
1345 4873 1363 4912 a
1378 4852 1505 4912 Jusliojm

268 4938 428 5008 reparatam
446 4938 546 5005 tradit,
565 4956 665 5008 graece
686 4935 827 5010 Εὐροίας,
846 4940 932 4998 latine
951 4945 1072 4995 Enraeae
1088 4940 1293 4998 restituendum
1311 4957 1378 4997 esee.
