<?xml version="1.0" encoding="UTF-8"?>
<!DOCTYPE html PUBLIC "-//W3C//DTD XHTML 1.0 Transitional//EN"
    "http://www.w3.org/TR/xhtml1/DTD/xhtml1-transitional.dtd">
<html xmlns="http://www.w3.org/1999/xhtml" xml:lang="en" lang="en">
 <head>
  <title>
</title>
<meta http-equiv="Content-Type" content="text/html;charset=utf-8" />
  <meta name='ocr-system' content='tesseract 3.04.00' />
  <meta name='ocr-capabilities' content='ocr_page ocr_carea ocr_par ocr_line ocrx_word'/>
</head>
<body>
  <div class='ocr_page' id='page_1' title='image "./epistolaeromano00thiegoog/epistolaeromano00thiegoog_0071.png"; bbox 0 0 3204 5506; ppageno 0'>
   <div class='ocr_carea' id='block_1_1' title="bbox 122 315 1019 378">
    <p class='ocr_par' dir='ltr' id='par_1_1' title="bbox 122 315 1019 378">
     <span class='ocr_line' id='line_1_1' title="bbox 122 315 1019 378; baseline 0 0"><span class='ocrx_word' id='word_1_1' title='bbox 122 315 164 378; x_wconf 90' lang='grc'><strong><em>22</em></strong></span> <span class='ocrx_word' id='word_1_2' title='bbox 495 330 629 378; x_wconf 80' lang='lat' dir='ltr'><strong><em>uonma</em></strong></span> <span class='ocrx_word' id='word_1_3' title='bbox 652 330 803 378; x_wconf 77' lang='lat' dir='ltr'><strong><em>nnanvm</em></strong></span> <span class='ocrx_word' id='word_1_4' title='bbox 827 331 864 377; x_wconf 77' lang='lat' dir='ltr'><strong><em>ns</em></strong></span> <span class='ocrx_word' id='word_1_5' title='bbox 878 328 1019 378; x_wconf 78' lang='lat' dir='ltr'><strong><em>ennusn</em></strong></span> 
     </span>
    </p>
   </div>
   <div class='ocr_carea' id='block_1_2' title="bbox 119 492 1396 2354">
    <p class='ocr_par' dir='ltr' id='par_1_2' title="bbox 119 492 1396 2354">
     <span class='ocr_line' id='line_1_2' title="bbox 123 492 1392 566; baseline 0 -17"><span class='ocrx_word' id='word_1_6' title='bbox 123 493 285 550; x_wconf 74' lang='lat' dir='ltr'><strong><em>turbatione</em></strong></span> <span class='ocrx_word' id='word_1_7' title='bbox 306 510 361 549; x_wconf 90' lang='lat' dir='ltr'><strong><em>non</em></strong></span> <span class='ocrx_word' id='word_1_8' title='bbox 382 510 439 549; x_wconf 91' lang='lat' dir='ltr'><strong><em>uno</em></strong></span> <span class='ocrx_word' id='word_1_9' title='bbox 459 494 572 550; x_wconf 87' lang='lat' dir='ltr'><strong><em>taboret</em></strong></span> <span class='ocrx_word' id='word_1_10' title='bbox 590 495 670 549; x_wconf 88' lang='lat' dir='ltr'><strong><em>loco:</em></strong></span> <span class='ocrx_word' id='word_1_11' title='bbox 696 492 800 566; x_wconf 85' lang='lat' dir='ltr'><strong><em>quibus</em></strong></span> <span class='ocrx_word' id='word_1_12' title='bbox 820 496 846 548; x_wconf 91' lang='lat' dir='ltr'><strong><em>si</em></strong></span> <span class='ocrx_word' id='word_1_13' title='bbox 864 495 960 549; x_wconf 87' lang='lat' dir='ltr'><strong><em>stilum</em></strong></span> <span class='ocrx_word' id='word_1_14' title='bbox 981 493 1109 566; x_wconf 86' lang='lat' dir='ltr'><strong><em>adjicias</em></strong></span> <span class='ocrx_word' id='word_1_15' title='bbox 1129 493 1297 565; x_wconf 89' lang='lat' dir='ltr'><strong><em>quibusdam</em></strong></span> <span class='ocrx_word' id='word_1_16' title='bbox 1318 494 1392 549; x_wconf 89' lang='lat' dir='ltr'><strong><em>loeis</em></strong></span> 
     </span>
     <span class='ocr_line' id='line_1_3' title="bbox 123 578 1392 652; baseline -0.001 -16"><span class='ocrx_word' id='word_1_17' title='bbox 123 581 272 652; x_wconf 87' lang='lat' dir='ltr'><strong><em>aliquanto</em></strong></span> <span class='ocrx_word' id='word_1_18' title='bbox 295 580 452 650; x_wconf 81' lang='lat' dir='ltr'><strong><em>implexum</em></strong></span> <span class='ocrx_word' id='word_1_19' title='bbox 472 578 732 651; x_wconf 73' lang='lat' dir='ltr'><strong><em>difficultatemque</em></strong></span> <span class='ocrx_word' id='word_1_20' title='bbox 759 595 798 635; x_wconf 81' lang='lat' dir='ltr'><strong><em>ea</em></strong></span> <span class='ocrx_word' id='word_1_21' title='bbox 824 581 1066 650; x_wconf 90' lang='lat' dir='ltr'><strong><em>interpunctionis</em></strong></span> <span class='ocrx_word' id='word_1_22' title='bbox 1093 585 1181 651; x_wconf 83' lang='lat' dir='ltr'><strong><em>atque</em></strong></span> <span class='ocrx_word' id='word_1_23' title='bbox 1201 579 1392 635; x_wconf 86' lang='lat' dir='ltr'><strong><em>distinctionis</em></strong></span> 
     </span>
     <span class='ocr_line' id='line_1_4' title="bbox 122 663 1393 737; baseline -0.001 -18"><span class='ocrx_word' id='word_1_24' title='bbox 122 665 239 737; x_wconf 81' lang='lat' dir='ltr'><strong><em>defectu</em></strong></span> <span class='ocrx_word' id='word_1_25' title='bbox 260 663 465 736; x_wconf 79' lang='lat' dir='ltr'><strong><em>scriptionibus</em></strong></span> <span class='ocrx_word' id='word_1_26' title='bbox 486 667 612 736; x_wconf 81' lang='lat' dir='ltr'><em>antiquis</em></span> <span class='ocrx_word' id='word_1_27' title='bbox 634 679 816 734; x_wconf 89' lang='lat' dir='ltr'><strong><em>communem,</em></strong></span> <span class='ocrx_word' id='word_1_28' title='bbox 841 679 894 720; x_wconf 88' lang='lat' dir='ltr'><strong><em>cae</em></strong></span> <span class='ocrx_word' id='word_1_29' title='bbox 915 663 1095 720; x_wconf 82' lang='lat' dir='ltr'><strong><em>creabantur</em></strong></span> <span class='ocrx_word' id='word_1_30' title='bbox 1110 663 1253 737; x_wconf 80' lang='lat' dir='ltr'><strong><em>ambapes,</em></strong></span> <span class='ocrx_word' id='word_1_31' title='bbox 1278 671 1309 719; x_wconf 93' lang='lat' dir='ltr'><strong><em>ut</em></strong></span> <span class='ocrx_word' id='word_1_32' title='bbox 1326 680 1393 720; x_wconf 88' lang='lat' dir='ltr'><strong><em>cum</em></strong></span> 
     </span>
     <span class='ocr_line' id='line_1_5' title="bbox 123 750 1393 820; baseline -0.002 -14"><span class='ocrx_word' id='word_1_33' title='bbox 123 753 269 806; x_wconf 77' lang='lat' dir='ltr'><strong><em>extricari</em></strong></span> <span class='ocrx_word' id='word_1_34' title='bbox 279 752 328 806; x_wconf 79' lang='lat' dir='ltr'><strong><em>nix</em></strong></span> <span class='ocrx_word' id='word_1_35' title='bbox 341 764 427 820; x_wconf 85' lang='lat' dir='ltr'><strong><em>posse</em></strong></span> <span class='ocrx_word' id='word_1_36' title='bbox 442 750 599 811; x_wconf 80' lang='lat' dir='ltr'><strong><em>crederem,</em></strong></span> <span class='ocrx_word' id='word_1_37' title='bbox 614 752 787 820; x_wconf 88' lang='lat' dir='ltr'><strong><em>poenituerit</em></strong></span> <span class='ocrx_word' id='word_1_38' title='bbox 803 767 859 806; x_wconf 91' lang='lat' dir='ltr'><strong><em>non</em></strong></span> <span class='ocrx_word' id='word_1_39' title='bbox 875 752 962 805; x_wconf 88' lang='lat' dir='ltr'><strong><em>semel</em></strong></span> <span class='ocrx_word' id='word_1_40' title='bbox 977 756 1035 804; x_wconf 91' lang='lat' dir='ltr'><strong><em>tam</em></strong></span> <span class='ocrx_word' id='word_1_41' title='bbox 1050 750 1164 805; x_wconf 86' lang='lat' dir='ltr'><strong><em>molesto</em></strong></span> <span class='ocrx_word' id='word_1_42' title='bbox 1180 752 1264 820; x_wconf 84' lang='lat' dir='ltr'><strong><em>operi</em></strong></span> <span class='ocrx_word' id='word_1_43' title='bbox 1275 767 1393 804; x_wconf 89' lang='lat' dir='ltr'><strong><em>manunt</em></strong></span> 
     </span>
     <span class='ocr_line' id='line_1_6' title="bbox 123 833 1394 907; baseline -0.001 -16"><span class='ocrx_word' id='word_1_44' title='bbox 123 836 290 899; x_wconf 84' lang='lat' dir='ltr'><strong><em>admovisse,</em></strong></span> <span class='ocrx_word' id='word_1_45' title='bbox 311 836 446 906; x_wconf 82' lang='lat' dir='ltr'><strong><em>beneque</em></strong></span> <span class='ocrx_word' id='word_1_46' title='bbox 469 850 569 890; x_wconf 89' lang='lat' dir='ltr'><strong><em>curam</em></strong></span> <span class='ocrx_word' id='word_1_47' title='bbox 591 834 763 907; x_wconf 86' lang='lat' dir='ltr'><strong><em>abjecturus</em></strong></span> <span class='ocrx_word' id='word_1_48' title='bbox 777 837 844 906; x_wconf 88' lang='lat' dir='ltr'><strong><em>jam</em></strong></span> <span class='ocrx_word' id='word_1_49' title='bbox 856 834 966 906; x_wconf 77' lang='lat' dir='ltr'><strong><em>fuerim</em></strong></span> <span class='ocrx_word' id='word_1_50' title='bbox 987 851 1044 889; x_wconf 90' lang='lat' dir='ltr'><strong><em>non</em></strong></span> <span class='ocrx_word' id='word_1_51' title='bbox 1060 836 1156 889; x_wconf 87' lang='lat' dir='ltr'><strong><em>semel.</em></strong></span> <span class='ocrx_word' id='word_1_52' title='bbox 1193 833 1394 906; x_wconf 81' lang='lat' dir='ltr'><strong><em>Transpositis</em></strong></span> 
     </span>
     <span class='ocr_line' id='line_1_7' title="bbox 119 907 1393 993; baseline -0.001 -17"><span class='ocrx_word' id='word_1_53' title='bbox 119 923 282 993; x_wconf 78' lang='lat' dir='ltr'><strong><em>praecipue</em></strong></span> <span class='ocrx_word' id='word_1_54' title='bbox 296 907 467 976; x_wconf 82' lang='lat' dir='ltr'><strong><em>deterrebar</em></strong></span> <span class='ocrx_word' id='word_1_55' title='bbox 488 935 525 975; x_wconf 92' lang='lat' dir='ltr'><strong><em>ac</em></strong></span> <span class='ocrx_word' id='word_1_56' title='bbox 543 923 656 976; x_wconf 79' lang='lat' dir='ltr'><strong><em>lunatis</em></strong></span> <span class='ocrx_word' id='word_1_57' title='bbox 674 923 756 989; x_wconf 86' lang='lat' dir='ltr'><strong><em>locis,</em></strong></span> <span class='ocrx_word' id='word_1_58' title='bbox 778 920 855 992; x_wconf 83' lang='lat' dir='ltr'><strong><em>quod</em></strong></span> <span class='ocrx_word' id='word_1_59' title='bbox 868 923 965 975; x_wconf 88' lang='lat' dir='ltr'><strong><em>uitium</em></strong></span> <span class='ocrx_word' id='word_1_60' title='bbox 986 935 1050 974; x_wconf 89' lang='lat' dir='ltr'><strong><em>cum</em></strong></span> <span class='ocrx_word' id='word_1_61' title='bbox 1071 920 1179 975; x_wconf 89' lang='lat' dir='ltr'><strong><em>alicubi</em></strong></span> <span class='ocrx_word' id='word_1_62' title='bbox 1192 920 1393 991; x_wconf 83' lang='lat' dir='ltr'><strong><em>deprebende-</em></strong></span> 
     </span>
     <span class='ocr_line' id='line_1_8' title="bbox 123 1003 1392 1078; baseline 0 -17"><span class='ocrx_word' id='word_1_63' title='bbox 123 1021 192 1074; x_wconf 86' lang='lat' dir='ltr'><strong><em>rem,</em></strong></span> <span class='ocrx_word' id='word_1_64' title='bbox 215 1004 341 1078; x_wconf 79' lang='lat' dir='ltr'><strong><em>eopebor</em></strong></span> <span class='ocrx_word' id='word_1_65' title='bbox 361 1010 388 1060; x_wconf 88' lang='lat' dir='ltr'><strong><em>et</em></strong></span> <span class='ocrx_word' id='word_1_66' title='bbox 409 1005 479 1061; x_wconf 88' lang='lat' dir='ltr'><strong><em>alibi</em></strong></span> <span class='ocrx_word' id='word_1_67' title='bbox 492 1008 647 1077; x_wconf 85' lang='lat' dir='ltr'><strong><em>suspicari.</em></strong></span> <span class='ocrx_word' id='word_1_68' title='bbox 677 1003 736 1060; x_wconf 87' lang='lat' dir='ltr'><strong><em>Sed</em></strong></span> <span class='ocrx_word' id='word_1_69' title='bbox 749 1007 929 1077; x_wconf 78' lang='lat' dir='ltr'><strong><em>confirmauit</em></strong></span> <span class='ocrx_word' id='word_1_70' title='bbox 944 1004 974 1059; x_wconf 91' lang='lat' dir='ltr'><strong><em>id</em></strong></span> <span class='ocrx_word' id='word_1_71' title='bbox 987 1020 1030 1059; x_wconf 84' lang='lat' dir='ltr'><strong><em>me</em></strong></span> <span class='ocrx_word' id='word_1_72' title='bbox 1046 1005 1159 1060; x_wconf 88' lang='lat' dir='ltr'><strong><em>tandem</em></strong></span> <span class='ocrx_word' id='word_1_73' title='bbox 1175 1010 1262 1078; x_wconf 82' lang='lat' dir='ltr'><strong><em>atque</em></strong></span> <span class='ocrx_word' id='word_1_74' title='bbox 1276 1007 1305 1061; x_wconf 87' lang='lat' dir='ltr'><strong><em>iu</em></strong></span> <span class='ocrx_word' id='word_1_75' title='bbox 1318 1023 1392 1076; x_wconf 92' lang='lat' dir='ltr'><strong><em>pro·</em></strong></span> 
     </span>
     <span class='ocr_line' id='line_1_9' title="bbox 121 1090 1396 1162; baseline -0.002 -15"><span class='ocrx_word' id='word_1_76' title='bbox 121 1093 215 1162; x_wconf 89' lang='lat' dir='ltr'><strong><em>posito</em></strong></span> <span class='ocrx_word' id='word_1_77' title='bbox 230 1092 355 1159; x_wconf 90' lang='lat' dir='ltr'><strong><em>retinuit,</em></strong></span> <span class='ocrx_word' id='word_1_78' title='bbox 380 1105 445 1145; x_wconf 91' lang='lat' dir='ltr'><strong><em>cam</em></strong></span> <span class='ocrx_word' id='word_1_79' title='bbox 460 1091 727 1155; x_wconf 78' lang='lat' dir='ltr'><strong><em>animadverterem,</em></strong></span> <span class='ocrx_word' id='word_1_80' title='bbox 750 1093 855 1146; x_wconf 87' lang='lat' dir='ltr'><strong><em>ceteris</em></strong></span> <span class='ocrx_word' id='word_1_81' title='bbox 875 1105 988 1162; x_wconf 83' lang='lat' dir='ltr'><strong><em>quoquc</em></strong></span> <span class='ocrx_word' id='word_1_82' title='bbox 1009 1096 1068 1144; x_wconf 88' lang='lat' dir='ltr'><strong><em>tum</em></strong></span> <span class='ocrx_word' id='word_1_83' title='bbox 1082 1090 1191 1145; x_wconf 85' lang='lat' dir='ltr'><strong><em>Felicis</em></strong></span> <span class='ocrx_word' id='word_1_84' title='bbox 1207 1097 1265 1146; x_wconf 92' lang='lat' dir='ltr'><strong><em>tum</em></strong></span> <span class='ocrx_word' id='word_1_85' title='bbox 1281 1090 1396 1146; x_wconf 89' lang='lat' dir='ltr'><strong><em>Gelasii</em></strong></span> 
     </span>
     <span class='ocr_line' id='line_1_10' title="bbox 123 1173 1394 1248; baseline -0.002 -16"><span class='ocrx_word' id='word_1_86' title='bbox 123 1178 240 1247; x_wconf 81' lang='lat' dir='ltr'><strong><em>scriptis</em></strong></span> <span class='ocrx_word' id='word_1_87' title='bbox 254 1177 328 1231; x_wconf 88' lang='lat' dir='ltr'><strong><em>idem</em></strong></span> <span class='ocrx_word' id='word_1_88' title='bbox 341 1191 465 1246; x_wconf 88' lang='lat' dir='ltr'><strong><em>prorsus</em></strong></span> <span class='ocrx_word' id='word_1_89' title='bbox 479 1174 668 1246; x_wconf 79' lang='lat' dir='ltr'><strong><em>infortunium</em></strong></span> <span class='ocrx_word' id='word_1_90' title='bbox 685 1177 772 1231; x_wconf 86' lang='lat' dir='ltr'><strong><em>ueluti</em></strong></span> <span class='ocrx_word' id='word_1_91' title='bbox 783 1173 848 1246; x_wconf 73' lang='lat' dir='ltr'><strong><em>fato</em></strong></span> <span class='ocrx_word' id='word_1_92' title='bbox 859 1175 983 1248; x_wconf 77' lang='lat' dir='ltr'><strong><em>paredam</em></strong></span> <span class='ocrx_word' id='word_1_93' title='bbox 996 1175 1153 1230; x_wconf 85' lang='lat' dir='ltr'><strong><em>accidisse.-</em></strong></span> <span class='ocrx_word' id='word_1_94' title='bbox 1168 1193 1289 1248; x_wconf 88' lang='lat' dir='ltr'><strong><em>quorum</em></strong></span> <span class='ocrx_word' id='word_1_95' title='bbox 1297 1177 1394 1247; x_wconf 91' lang='lat' dir='ltr'><strong><em>plura</em></strong></span> 
     </span>
     <span class='ocr_line' id='line_1_11' title="bbox 123 1258 1395 1332; baseline -0.002 -15"><span class='ocrx_word' id='word_1_96' title='bbox 123 1266 302 1318; x_wconf 80' lang='lat' dir='ltr'><strong><em>manttmcnta</em></strong></span> <span class='ocrx_word' id='word_1_97' title='bbox 317 1264 358 1315; x_wconf 91' lang='lat' dir='ltr'><strong><em>ita</em></strong></span> <span class='ocrx_word' id='word_1_98' title='bbox 371 1261 546 1332; x_wconf 89' lang='lat' dir='ltr'><strong><em>perturbata</em></strong></span> <span class='ocrx_word' id='word_1_99' title='bbox 561 1264 592 1315; x_wconf 90' lang='lat' dir='ltr'><strong><em>ni</em></strong></span> <span class='ocrx_word' id='word_1_100' title='bbox 608 1258 702 1330; x_wconf 77' lang='lat' dir='ltr'><strong><em>fallor</em></strong></span> <span class='ocrx_word' id='word_1_101' title='bbox 717 1261 757 1316; x_wconf 86' lang='lat' dir='ltr'><strong><em>ad</em></strong></span> <span class='ocrx_word' id='word_1_102' title='bbox 778 1276 831 1316; x_wconf 90' lang='lat' dir='ltr'><strong><em>nos</em></strong></span> <span class='ocrx_word' id='word_1_103' title='bbox 843 1266 1042 1331; x_wconf 86' lang='lat' dir='ltr'><strong><em>peruenerunt</em></strong></span> <span class='ocrx_word' id='word_1_104' title='bbox 1058 1266 1144 1332; x_wconf 84' lang='lat' dir='ltr'><strong><em>atque</em></strong></span> <span class='ocrx_word' id='word_1_105' title='bbox 1159 1263 1337 1329; x_wconf 77' lang='lat' dir='ltr'><strong><em>intermixta,</em></strong></span> <span class='ocrx_word' id='word_1_106' title='bbox 1362 1267 1395 1315; x_wconf 94' lang='lat' dir='ltr'><strong><em>ut</em></strong></span> 
     </span>
     <span class='ocr_line' id='line_1_12' title="bbox 124 1345 1395 1418; baseline -0.002 -16"><span class='ocrx_word' id='word_1_107' title='bbox 124 1354 262 1418; x_wconf 80' lang='lat' dir='ltr'><strong><em>tanquam</em></strong></span> <span class='ocrx_word' id='word_1_108' title='bbox 277 1345 415 1417; x_wconf 77' lang='lat' dir='ltr'><strong><em>Sibyllina</em></strong></span> <span class='ocrx_word' id='word_1_109' title='bbox 432 1349 563 1402; x_wconf 87' lang='lat' dir='ltr'><strong><em>carmina</em></strong></span> <span class='ocrx_word' id='word_1_110' title='bbox 581 1346 663 1418; x_wconf 81' lang='lat' dir='ltr'><strong><em>foliis</em></strong></span> <span class='ocrx_word' id='word_1_111' title='bbox 679 1346 817 1401; x_wconf 89' lang='lat' dir='ltr'><strong><em>mandata</em></strong></span> <span class='ocrx_word' id='word_1_112' title='bbox 832 1346 967 1416; x_wconf 80' lang='lat' dir='ltr'><strong><em>„rapidis</em></strong></span> <span class='ocrx_word' id='word_1_113' title='bbox 980 1346 1106 1401; x_wconf 88' lang='lat' dir='ltr'><strong><em>ludibria</em></strong></span> <span class='ocrx_word' id='word_1_114' title='bbox 1123 1345 1234 1401; x_wconf 87' lang='lat' dir='ltr'><strong><em>ventis“</em></strong></span> <span class='ocrx_word' id='word_1_115' title='bbox 1255 1348 1395 1401; x_wconf 80' lang='lat' dir='ltr'><strong><em>volitasse</em></strong></span> 
     </span>
     <span class='ocr_line' id='line_1_13' title="bbox 123 1430 1395 1503; baseline 0 -17"><span class='ocrx_word' id='word_1_116' title='bbox 123 1431 278 1503; x_wconf 88' lang='lat' dir='ltr'><strong><em>aliquando</em></strong></span> <span class='ocrx_word' id='word_1_117' title='bbox 299 1431 368 1485; x_wconf 84' lang='lat' dir='ltr'><strong><em>niti</em></strong></span> <span class='ocrx_word' id='word_1_118' title='bbox 381 1432 540 1487; x_wconf 85' lang='lat' dir='ltr'><strong><em>uideantur.</em></strong></span> <span class='ocrx_word' id='word_1_119' title='bbox 579 1431 604 1485; x_wconf 76' lang='lat' dir='ltr'><em>A</em></span> <span class='ocrx_word' id='word_1_120' title='bbox 616 1430 698 1502; x_wconf 81' lang='lat' dir='ltr'><strong><em>falso</em></strong></span> <span class='ocrx_word' id='word_1_121' title='bbox 718 1433 798 1486; x_wconf 89' lang='lat' dir='ltr'><strong><em>titulo</em></strong></span> <span class='ocrx_word' id='word_1_122' title='bbox 814 1431 937 1501; x_wconf 90' lang='lat' dir='ltr'><strong><em>epistota</em></strong></span> <span class='ocrx_word' id='word_1_123' title='bbox 952 1437 1055 1486; x_wconf 89' lang='lat' dir='ltr'><strong><em>nostra</em></strong></span> <span class='ocrx_word' id='word_1_124' title='bbox 1069 1445 1129 1486; x_wconf 93' lang='lat' dir='ltr'><strong><em>rem</em></strong></span> <span class='ocrx_word' id='word_1_125' title='bbox 1144 1434 1174 1486; x_wconf 90' lang='lat' dir='ltr'><strong><em>in</em></strong></span> <span class='ocrx_word' id='word_1_126' title='bbox 1190 1434 1395 1501; x_wconf 87' lang='lat' dir='ltr'><strong><em>manuscripto</em></strong></span> 
     </span>
     <span class='ocr_line' id='line_1_14' title="bbox 124 1515 1395 1588; baseline -0.001 -17"><span class='ocrx_word' id='word_1_127' title='bbox 124 1518 311 1588; x_wconf 86' lang='lat' dir='ltr'><strong><em>auspicatur.-</em></strong></span> <span class='ocrx_word' id='word_1_128' title='bbox 332 1515 565 1587; x_wconf 74' lang='lat' dir='ltr'><strong><em>„Exemplum</em></strong></span> <span class='ocrx_word' id='word_1_129' title='bbox 587 1518 747 1572; x_wconf 89' lang='lat' dir='ltr'><strong><em>rationis</em></strong></span> <span class='ocrx_word' id='word_1_130' title='bbox 767 1516 976 1571; x_wconf 90' lang='lat' dir='ltr'><strong><em>reddendae</em></strong></span> <span class='ocrx_word' id='word_1_131' title='bbox 998 1516 1098 1570; x_wconf 90' lang='lat' dir='ltr'><strong><em>beati</em></strong></span> <span class='ocrx_word' id='word_1_132' title='bbox 1114 1515 1395 1587; x_wconf 82' lang='lat' dir='ltr'><strong><em>Gelbsiipopae</em></strong></span> 
     </span>
     <span class='ocr_line' id='line_1_15' title="bbox 124 1601 1393 1671; baseline 0 -15"><span class='ocrx_word' id='word_1_133' title='bbox 124 1603 164 1656; x_wconf 90' lang='lat' dir='ltr'><strong><em>de</em></strong></span> <span class='ocrx_word' id='word_1_134' title='bbox 191 1601 361 1657; x_wconf 87' lang='lat' dir='ltr'><strong><em>evitanda</em></strong></span> <span class='ocrx_word' id='word_1_135' title='bbox 390 1604 636 1658; x_wconf 88' lang='lat' dir='ltr'><strong><em>communione</em></strong></span> <span class='ocrx_word' id='word_1_136' title='bbox 658 1602 789 1656; x_wconf 81' lang='lat' dir='ltr'><strong><em>Aeacii</em></strong></span> <span class='ocrx_word' id='word_1_137' title='bbox 812 1604 919 1656; x_wconf 89' lang='lat' dir='ltr'><strong><em>missa</em></strong></span> <span class='ocrx_word' id='word_1_138' title='bbox 947 1601 991 1655; x_wconf 88' lang='lat' dir='ltr'><strong><em>ad</em></strong></span> <span class='ocrx_word' id='word_1_139' title='bbox 1016 1602 1224 1656; x_wconf 85' lang='lat' dir='ltr'><strong><em>orientales</em></strong></span> <span class='ocrx_word' id='word_1_140' title='bbox 1247 1604 1393 1671; x_wconf 88' lang='lat' dir='ltr'><strong><em>episeo-</em></strong></span> 
     </span>
     <span class='ocr_line' id='line_1_16' title="bbox 120 1678 1393 1758; baseline -0.002 -16"><span class='ocrx_word' id='word_1_141' title='bbox 120 1685 218 1758; x_wconf 88' lang='lat' dir='ltr'><strong><em>pos.“</em></strong></span> <span class='ocrx_word' id='word_1_142' title='bbox 244 1686 341 1742; x_wconf 81' lang='lat' dir='ltr'><strong><em>Habet</em></strong></span> <span class='ocrx_word' id='word_1_143' title='bbox 356 1689 441 1741; x_wconf 91' lang='lat' dir='ltr'><strong><em>etiam</em></strong></span> <span class='ocrx_word' id='word_1_144' title='bbox 457 1689 485 1741; x_wconf 90' lang='lat' dir='ltr'><strong><em>in</em></strong></span> <span class='ocrx_word' id='word_1_145' title='bbox 499 1689 573 1758; x_wconf 75' lang='lat' dir='ltr'><strong><em>fine:</em></strong></span> <span class='ocrx_word' id='word_1_146' title='bbox 597 1686 766 1757; x_wconf 77' lang='lat' dir='ltr'><strong><em>Explicit</em></strong></span> <span class='ocrx_word' id='word_1_147' title='bbox 783 1686 882 1740; x_wconf 90' lang='lat' dir='ltr'><strong><em>beati</em></strong></span> <span class='ocrx_word' id='word_1_148' title='bbox 897 1685 1038 1741; x_wconf 83' lang='lat' dir='ltr'><strong><em>Gelasii</em></strong></span> <span class='ocrx_word' id='word_1_149' title='bbox 1051 1686 1091 1741; x_wconf 91' lang='lat' dir='ltr'><strong><em>de</em></strong></span> <span class='ocrx_word' id='word_1_150' title='bbox 1107 1687 1281 1741; x_wconf 85' lang='lat' dir='ltr'><strong><em>evitanda</em></strong></span> <span class='ocrx_word' id='word_1_151' title='bbox 1297 1678 1393 1742; x_wconf 50' lang='lat' dir='ltr'><strong><em>com*-</em></strong></span> 
     </span>
     <span class='ocr_line' id='line_1_17' title="bbox 124 1770 1395 1842; baseline 0 -16"><span class='ocrx_word' id='word_1_152' title='bbox 124 1773 292 1826; x_wconf 90' lang='lat' dir='ltr'><strong><em>munione</em></strong></span> <span class='ocrx_word' id='word_1_153' title='bbox 312 1771 451 1826; x_wconf 79' lang='lat' dir='ltr'><strong><em>Aeacii.</em></strong></span> <span class='ocrx_word' id='word_1_154' title='bbox 482 1771 542 1838; x_wconf 83' lang='lat' dir='ltr'><strong><em>Quo</em></strong></span> <span class='ocrx_word' id='word_1_155' title='bbox 563 1774 674 1827; x_wconf 89' lang='lat' dir='ltr'><strong><em>nomine</em></strong></span> <span class='ocrx_word' id='word_1_156' title='bbox 693 1774 882 1842; x_wconf 88' lang='lat' dir='ltr'><strong><em>perspicuum</em></strong></span> <span class='ocrx_word' id='word_1_157' title='bbox 905 1777 947 1826; x_wconf 87' lang='lat' dir='ltr'><strong><em>est</em></strong></span> <span class='ocrx_word' id='word_1_158' title='bbox 964 1770 1046 1842; x_wconf 80' lang='lat' dir='ltr'><strong><em>falso</em></strong></span> <span class='ocrx_word' id='word_1_159' title='bbox 1067 1772 1195 1826; x_wconf 77' lang='lat' dir='ltr'><strong><em>inscribi.</em></strong></span> <span class='ocrx_word' id='word_1_160' title='bbox 1226 1770 1294 1826; x_wconf 87' lang='lat' dir='ltr'><strong><em>Cum</em></strong></span> <span class='ocrx_word' id='word_1_161' title='bbox 1317 1773 1395 1826; x_wconf 89' lang='lat' dir='ltr'><strong><em>enim</em></strong></span> 
     </span>
     <span class='ocr_line' id='line_1_18' title="bbox 125 1856 1394 1929; baseline 0 -17"><span class='ocrx_word' id='word_1_162' title='bbox 125 1860 234 1913; x_wconf 87' lang='lat' dir='ltr'><strong><em>uiuente</em></strong></span> <span class='ocrx_word' id='word_1_163' title='bbox 248 1858 356 1913; x_wconf 76' lang='lat' dir='ltr'><strong><em>Acacio</em></strong></span> <span class='ocrx_word' id='word_1_164' title='bbox 378 1863 428 1912; x_wconf 92' lang='lat' dir='ltr'><strong><em>aut</em></strong></span> <span class='ocrx_word' id='word_1_165' title='bbox 448 1858 571 1912; x_wconf 89' lang='lat' dir='ltr'><strong><em>nondum</em></strong></span> <span class='ocrx_word' id='word_1_166' title='bbox 584 1862 671 1912; x_wconf 54' lang='lat' dir='ltr'><strong><em>»certe</em></strong></span> <span class='ocrx_word' id='word_1_167' title='bbox 686 1859 785 1912; x_wconf 90' lang='lat' dir='ltr'><strong><em>mortis</em></strong></span> <span class='ocrx_word' id='word_1_168' title='bbox 799 1858 867 1929; x_wconf 90' lang='lat' dir='ltr'><strong><em>ejus</em></strong></span> <span class='ocrx_word' id='word_1_169' title='bbox 881 1859 981 1913; x_wconf 90' lang='lat' dir='ltr'><strong><em>nuntio</em></strong></span> <span class='ocrx_word' id='word_1_170' title='bbox 995 1856 1116 1912; x_wconf 84' lang='lat' dir='ltr'><strong><em>Romam</em></strong></span> <span class='ocrx_word' id='word_1_171' title='bbox 1128 1860 1245 1927; x_wconf 89' lang='lat' dir='ltr'><strong><em>perlato</em></strong></span> <span class='ocrx_word' id='word_1_172' title='bbox 1261 1863 1394 1912; x_wconf 80' lang='lat' dir='ltr'><strong><em>exarata</em></strong></span> 
     </span>
     <span class='ocr_line' id='line_1_19' title="bbox 124 1941 1395 2014; baseline 0.001 -17"><span class='ocrx_word' id='word_1_173' title='bbox 124 1945 173 2010; x_wconf 88' lang='lat' dir='ltr'><strong><em>sit,</em></strong></span> <span class='ocrx_word' id='word_1_174' title='bbox 199 1941 312 1997; x_wconf 85' lang='lat' dir='ltr'><strong><em>Gelasio</em></strong></span> <span class='ocrx_word' id='word_1_175' title='bbox 334 1941 423 1996; x_wconf 89' lang='lat' dir='ltr'><strong><em>tribui</em></strong></span> <span class='ocrx_word' id='word_1_176' title='bbox 441 1958 497 1997; x_wconf 90' lang='lat' dir='ltr'><strong><em>non</em></strong></span> <span class='ocrx_word' id='word_1_177' title='bbox 516 1948 611 2012; x_wconf 88' lang='lat' dir='ltr'><strong><em>potest</em></strong></span> <span class='ocrx_word' id='word_1_178' title='bbox 628 1948 695 2013; x_wconf 90' lang='lat' dir='ltr'><strong><em>post</em></strong></span> <span class='ocrx_word' id='word_1_179' title='bbox 716 1957 808 1996; x_wconf 91' lang='lat' dir='ltr'><strong><em>annos</em></strong></span> <span class='ocrx_word' id='word_1_180' title='bbox 829 1948 888 1996; x_wconf 89' lang='lat' dir='ltr'><strong><em>tres</em></strong></span> <span class='ocrx_word' id='word_1_181' title='bbox 915 1942 952 1996; x_wconf 87' lang='lat' dir='ltr'><strong><em>ab</em></strong></span> <span class='ocrx_word' id='word_1_182' title='bbox 972 1942 1076 1997; x_wconf 82' lang='lat' dir='ltr'><strong><em>Aeacii</em></strong></span> <span class='ocrx_word' id='word_1_183' title='bbox 1095 1949 1185 1998; x_wconf 90' lang='lat' dir='ltr'><strong><em>morte</em></strong></span> <span class='ocrx_word' id='word_1_184' title='bbox 1205 1945 1395 2014; x_wconf 75' lang='lat' dir='ltr'><strong><em>inaugurato.</em></strong></span> 
     </span>
     <span class='ocr_line' id='line_1_20' title="bbox 124 2024 1395 2099; baseline -0.001 -17"><span class='ocrx_word' id='word_1_185' title='bbox 124 2025 176 2082; x_wconf 86' lang='lat' dir='ltr'><strong><em>Sed</em></strong></span> <span class='ocrx_word' id='word_1_186' title='bbox 189 2027 216 2081; x_wconf 94' lang='lat' dir='ltr'><strong><em>in</em></strong></span> <span class='ocrx_word' id='word_1_187' title='bbox 232 2026 290 2081; x_wconf 90' lang='lat' dir='ltr'><strong><em>aliis</em></strong></span> <span class='ocrx_word' id='word_1_188' title='bbox 306 2042 424 2099; x_wconf 89' lang='lat' dir='ltr'><strong><em>quoque,</em></strong></span> <span class='ocrx_word' id='word_1_189' title='bbox 440 2024 521 2088; x_wconf 83' lang='lat' dir='ltr'><strong><em>addit.</em></strong></span> <span class='ocrx_word' id='word_1_190' title='bbox 542 2024 638 2082; x_wconf 86' lang='lat' dir='ltr'><strong><em>Felicis</em></strong></span> <span class='ocrx_word' id='word_1_191' title='bbox 659 2024 781 2098; x_wconf 88' lang='lat' dir='ltr'><strong><em>epistolis</em></strong></span> <span class='ocrx_word' id='word_1_192' title='bbox 797 2025 890 2081; x_wconf 90' lang='lat' dir='ltr'><strong><em>similis</em></strong></span> <span class='ocrx_word' id='word_1_193' title='bbox 906 2041 991 2089; x_wconf 88' lang='lat' dir='ltr'><strong><em>error,</em></strong></span> <span class='ocrx_word' id='word_1_194' title='bbox 1009 2033 1038 2081; x_wconf 88' lang='lat' dir='ltr'><strong><em>ut</em></strong></span> <span class='ocrx_word' id='word_1_195' title='bbox 1053 2024 1152 2082; x_wconf 84' lang='lat' dir='ltr'><strong><em>Gelasii</em></strong></span> <span class='ocrx_word' id='word_1_196' title='bbox 1167 2042 1265 2081; x_wconf 91' lang='lat' dir='ltr'><strong><em>nomen</em></strong></span> <span class='ocrx_word' id='word_1_197' title='bbox 1280 2043 1345 2099; x_wconf 88' lang='lat' dir='ltr'><strong><em>prae</em></strong></span> <span class='ocrx_word' id='word_1_198' title='bbox 1362 2043 1395 2081; x_wconf 90' lang='lat' dir='ltr'><strong><em>sc</em></strong></span> 
     </span>
     <span class='ocr_line' id='line_1_21' title="bbox 124 2111 1395 2184; baseline 0.001 -18"><span class='ocrx_word' id='word_1_199' title='bbox 124 2111 225 2167; x_wconf 86' lang='lat' dir='ltr'><strong><em>ierant:</em></strong></span> <span class='ocrx_word' id='word_1_200' title='bbox 252 2115 379 2184; x_wconf 82' lang='lat' dir='ltr'><strong><em>inquam</em></strong></span> <span class='ocrx_word' id='word_1_201' title='bbox 400 2112 497 2167; x_wconf 82' lang='lat' dir='ltr'><strong><em>delabi</em></strong></span> <span class='ocrx_word' id='word_1_202' title='bbox 518 2114 640 2167; x_wconf 89' lang='lat' dir='ltr'><strong><em>notariis</em></strong></span> <span class='ocrx_word' id='word_1_203' title='bbox 660 2115 688 2166; x_wconf 92' lang='lat' dir='ltr'><strong><em>in</em></strong></span> <span class='ocrx_word' id='word_1_204' title='bbox 702 2114 827 2183; x_wconf 85' lang='lat' dir='ltr'><strong><em>procliui</em></strong></span> <span class='ocrx_word' id='word_1_205' title='bbox 843 2112 905 2184; x_wconf 80' lang='lat' dir='ltr'><strong><em>fuit</em></strong></span> <span class='ocrx_word' id='word_1_206' title='bbox 928 2128 992 2167; x_wconf 90' lang='lat' dir='ltr'><strong><em>cum</em></strong></span> <span class='ocrx_word' id='word_1_207' title='bbox 1007 2111 1042 2168; x_wconf 92' lang='lat' dir='ltr'><strong><em>ob</em></strong></span> <span class='ocrx_word' id='word_1_208' title='bbox 1057 2113 1116 2167; x_wconf 89' lang='lat' dir='ltr'><strong><em>stili</em></strong></span> <span class='ocrx_word' id='word_1_209' title='bbox 1129 2112 1339 2168; x_wconf 88' lang='lat' dir='ltr'><strong><em>similitudinem</em></strong></span> <span class='ocrx_word' id='word_1_210' title='bbox 1355 2129 1395 2167; x_wconf 90' lang='lat' dir='ltr'><strong><em>ac</em></strong></span> 
     </span>
     <span class='ocr_line' id='line_1_22' title="bbox 124 2196 1394 2270; baseline 0 -17"><span class='ocrx_word' id='word_1_211' title='bbox 124 2200 259 2269; x_wconf 87' lang='lat' dir='ltr'><strong><em>temporis</em></strong></span> <span class='ocrx_word' id='word_1_212' title='bbox 269 2200 524 2269; x_wconf 84' lang='lat' dir='ltr'><strong><em>propinquitatem,</em></strong></span> <span class='ocrx_word' id='word_1_213' title='bbox 541 2204 599 2252; x_wconf 92' lang='lat' dir='ltr'><strong><em>tum</em></strong></span> <span class='ocrx_word' id='word_1_214' title='bbox 614 2196 648 2252; x_wconf 95' lang='lat' dir='ltr'><strong><em>ob</em></strong></span> <span class='ocrx_word' id='word_1_215' title='bbox 664 2211 713 2252; x_wconf 90' lang='lat' dir='ltr'><strong><em>res</em></strong></span> <span class='ocrx_word' id='word_1_216' title='bbox 728 2198 842 2253; x_wconf 89' lang='lat' dir='ltr'><strong><em>easdem</em></strong></span> <span class='ocrx_word' id='word_1_217' title='bbox 858 2198 1014 2270; x_wconf 89' lang='lat' dir='ltr'><strong><em>eademque</em></strong></span> <span class='ocrx_word' id='word_1_218' title='bbox 1029 2204 1200 2269; x_wconf 75' lang='lat' dir='ltr'><strong><em>argumenta</em></strong></span> <span class='ocrx_word' id='word_1_219' title='bbox 1216 2197 1252 2253; x_wconf 89' lang='lat' dir='ltr'><strong><em>ab</em></strong></span> <span class='ocrx_word' id='word_1_220' title='bbox 1268 2203 1394 2270; x_wconf 82' lang='lat' dir='ltr'><strong><em>utroque</em></strong></span> 
     </span>
     <span class='ocr_line' id='line_1_23' title="bbox 121 2285 470 2354; baseline -0.003 -16"><span class='ocrx_word' id='word_1_221' title='bbox 121 2285 261 2354; x_wconf 81' lang='lat' dir='ltr'><strong><em>pontifice</em></strong></span> <span class='ocrx_word' id='word_1_222' title='bbox 274 2288 470 2353; x_wconf 88' lang='lat' dir='ltr'><strong><em>pertractata.</em></strong></span> 
     </span>
    </p>
   </div>
   <div class='ocr_carea' id='block_1_3' title="bbox 124 2390 1394 3144">
    <p class='ocr_par' dir='ltr' id='par_1_3' title="bbox 124 2390 1394 3144">
     <span class='ocr_line' id='line_1_24' title="bbox 209 2390 1394 2465; baseline 0 -18"><span class='ocrx_word' id='word_1_223' title='bbox 209 2391 237 2447; x_wconf 88' lang='grc'><strong><em>3.</em></strong></span> <span class='ocrx_word' id='word_1_224' title='bbox 269 2391 307 2447; x_wconf 89' lang='lat' dir='ltr'><strong><em>lta</em></strong></span> <span class='ocrx_word' id='word_1_225' title='bbox 322 2390 430 2464; x_wconf 89' lang='lat' dir='ltr'><strong><em>quidem</em></strong></span> <span class='ocrx_word' id='word_1_226' title='bbox 447 2392 565 2447; x_wconf 88' lang='lat' dir='ltr'><strong><em>marchio</em></strong></span> <span class='ocrx_word' id='word_1_227' title='bbox 587 2392 784 2465; x_wconf 87' lang='lat' dir='ltr'><strong><em>sagacissimus.</em></strong></span> <span class='ocrx_word' id='word_1_228' title='bbox 812 2391 885 2459; x_wconf 82' lang='lat' dir='ltr'><strong><em>Quae</em></strong></span> <span class='ocrx_word' id='word_1_229' title='bbox 905 2393 976 2447; x_wconf 84' lang='lat' dir='ltr'><strong><em>sicut</em></strong></span> <span class='ocrx_word' id='word_1_230' title='bbox 998 2391 1109 2447; x_wconf 81' lang='lat' dir='ltr'><strong><em>maxima</em></strong></span> <span class='ocrx_word' id='word_1_231' title='bbox 1130 2401 1253 2465; x_wconf 80' lang='lat' dir='ltr'><strong><em>exparte</em></strong></span> <span class='ocrx_word' id='word_1_232' title='bbox 1269 2390 1394 2448; x_wconf 90' lang='lat' dir='ltr'><strong><em>libentis·</em></strong></span> 
     </span>
     <span class='ocr_line' id='line_1_25' title="bbox 124 2474 1394 2549; baseline 0.002 -19"><span class='ocrx_word' id='word_1_233' title='bbox 124 2478 190 2532; x_wconf 87' lang='lat' dir='ltr'><strong><em>sime</em></strong></span> <span class='ocrx_word' id='word_1_234' title='bbox 211 2475 289 2532; x_wconf 90' lang='lat' dir='ltr'><strong><em>nobis</em></strong></span> <span class='ocrx_word' id='word_1_235' title='bbox 309 2474 500 2531; x_wconf 89' lang='lat' dir='ltr'><strong><em>subscribenda</em></strong></span> <span class='ocrx_word' id='word_1_236' title='bbox 521 2485 594 2538; x_wconf 91' lang='lat' dir='ltr'><strong><em>sunt,</em></strong></span> <span class='ocrx_word' id='word_1_237' title='bbox 615 2477 642 2530; x_wconf 92' lang='lat' dir='ltr'><strong><em>in</em></strong></span> <span class='ocrx_word' id='word_1_238' title='bbox 664 2477 822 2549; x_wconf 84' lang='lat' dir='ltr'><strong><em>quaestione</em></strong></span> <span class='ocrx_word' id='word_1_239' title='bbox 845 2485 933 2532; x_wconf 90' lang='lat' dir='ltr'><strong><em>tamen</em></strong></span> <span class='ocrx_word' id='word_1_240' title='bbox 955 2474 988 2531; x_wconf 91' lang='lat' dir='ltr'><strong><em>de</em></strong></span> <span class='ocrx_word' id='word_1_241' title='bbox 1009 2483 1119 2532; x_wconf 88' lang='lat' dir='ltr'><strong><em>auctore</em></strong></span> <span class='ocrx_word' id='word_1_242' title='bbox 1141 2492 1196 2532; x_wconf 92' lang='lat' dir='ltr'><strong><em>non</em></strong></span> <span class='ocrx_word' id='word_1_243' title='bbox 1212 2477 1337 2532; x_wconf 89' lang='lat' dir='ltr'><strong><em>similiter</em></strong></span> <span class='ocrx_word' id='word_1_244' title='bbox 1353 2478 1394 2533; x_wconf 91' lang='lat' dir='ltr'><strong><em>illi</em></strong></span> 
     </span>
     <span class='ocr_line' id='line_1_26' title="bbox 124 2558 1393 2634; baseline 0.001 -18"><span class='ocrx_word' id='word_1_245' title='bbox 124 2577 264 2617; x_wconf 85' lang='lat' dir='ltr'><strong><em>assensum</em></strong></span> <span class='ocrx_word' id='word_1_246' title='bbox 284 2558 412 2634; x_wconf 87' lang='lat' dir='ltr'><strong><em>praebere</em></strong></span> <span class='ocrx_word' id='word_1_247' title='bbox 432 2577 587 2633; x_wconf 91' lang='lat' dir='ltr'><strong><em>possumus.</em></strong></span> <span class='ocrx_word' id='word_1_248' title='bbox 624 2560 761 2616; x_wconf 87' lang='lat' dir='ltr'><strong><em>Praevalct</em></strong></span> <span class='ocrx_word' id='word_1_249' title='bbox 782 2561 852 2634; x_wconf 88' lang='lat' dir='ltr'><strong><em>apud</em></strong></span> <span class='ocrx_word' id='word_1_250' title='bbox 875 2577 925 2616; x_wconf 90' lang='lat' dir='ltr'><strong><em>nos</em></strong></span> <span class='ocrx_word' id='word_1_251' title='bbox 947 2560 1070 2617; x_wconf 90' lang='lat' dir='ltr'><strong><em>codicum</em></strong></span> <span class='ocrx_word' id='word_1_252' title='bbox 1086 2562 1248 2630; x_wconf 88' lang='lat' dir='ltr'><strong><em>auctoritas,</em></strong></span> <span class='ocrx_word' id='word_1_253' title='bbox 1272 2562 1318 2634; x_wconf 84' lang='lat' dir='ltr'><strong><em>qui</em></strong></span> <span class='ocrx_word' id='word_1_254' title='bbox 1335 2579 1393 2618; x_wconf 90' lang='lat' dir='ltr'><strong><em>uno</em></strong></span> 
     </span>
     <span class='ocr_line' id='line_1_27' title="bbox 124 2643 1392 2720; baseline 0.001 -18"><span class='ocrx_word' id='word_1_255' title='bbox 124 2662 259 2702; x_wconf 90' lang='lat' dir='ltr'><strong><em>consensu</em></strong></span> <span class='ocrx_word' id='word_1_256' title='bbox 276 2661 369 2700; x_wconf 89' lang='lat' dir='ltr'><strong><em>omnes</em></strong></span> <span class='ocrx_word' id='word_1_257' title='bbox 385 2643 480 2700; x_wconf 88' lang='lat' dir='ltr'><strong><em>Gelasii</em></strong></span> <span class='ocrx_word' id='word_1_258' title='bbox 503 2661 601 2700; x_wconf 90' lang='lat' dir='ltr'><strong><em>nomen</em></strong></span> <span class='ocrx_word' id='word_1_259' title='bbox 622 2645 782 2701; x_wconf 87' lang='lat' dir='ltr'><strong><em>inscribunt.</em></strong></span> <span class='ocrx_word' id='word_1_260' title='bbox 820 2645 957 2720; x_wconf 86' lang='lat' dir='ltr'><strong><em>Siquidem</em></strong></span> <span class='ocrx_word' id='word_1_261' title='bbox 972 2654 1079 2719; x_wconf 88' lang='lat' dir='ltr'><strong><em>praeter</em></strong></span> <span class='ocrx_word' id='word_1_262' title='bbox 1094 2646 1276 2702; x_wconf 80' lang='lat' dir='ltr'><strong><em>Veronensum</em></strong></span> <span class='ocrx_word' id='word_1_263' title='bbox 1291 2648 1392 2720; x_wconf 92' lang='lat' dir='ltr'><strong><em>ipsum,</em></strong></span> 
     </span>
     <span class='ocr_line' id='line_1_28' title="bbox 124 2728 1394 2804; baseline 0.002 -19"><span class='ocrx_word' id='word_1_264' title='bbox 124 2747 157 2786; x_wconf 77' lang='lat' dir='ltr'><strong><em>ex</em></strong></span> <span class='ocrx_word' id='word_1_265' title='bbox 172 2747 227 2804; x_wconf 84' lang='lat' dir='ltr'><strong><em>quo</em></strong></span> <span class='ocrx_word' id='word_1_266' title='bbox 242 2729 343 2804; x_wconf 87' lang='lat' dir='ltr'><strong><em>prodiit</em></strong></span> <span class='ocrx_word' id='word_1_267' title='bbox 359 2728 490 2802; x_wconf 85' lang='lat' dir='ltr'><strong><em>cujusque</em></strong></span> <span class='ocrx_word' id='word_1_268' title='bbox 505 2731 708 2803; x_wconf 87' lang='lat' dir='ltr'><strong><em>inscriptionem</em></strong></span> <span class='ocrx_word' id='word_1_269' title='bbox 723 2747 804 2803; x_wconf 87' lang='lat' dir='ltr'><strong><em>supra</em></strong></span> <span class='ocrx_word' id='word_1_270' title='bbox 819 2729 986 2792; x_wconf 80' lang='lat' dir='ltr'><strong><em>adduximus,</em></strong></span> <span class='ocrx_word' id='word_1_271' title='bbox 1003 2732 1081 2787; x_wconf 89' lang='lat' dir='ltr'><strong><em>etiam</em></strong></span> <span class='ocrx_word' id='word_1_272' title='bbox 1094 2730 1297 2804; x_wconf 84' lang='lat' dir='ltr'><strong><em>probatissimae</em></strong></span> <span class='ocrx_word' id='word_1_273' title='bbox 1309 2740 1394 2787; x_wconf 86' lang='lat' dir='ltr'><strong><em>notan</em></strong></span> 
     </span>
     <span class='ocr_line' id='line_1_29' title="bbox 124 2813 1393 2891; baseline 0.002 -20"><span class='ocrx_word' id='word_1_274' title='bbox 124 2814 231 2871; x_wconf 88' lang='lat' dir='ltr'><strong><em>codices</em></strong></span> <span class='ocrx_word' id='word_1_275' title='bbox 251 2816 392 2870; x_wconf 81' lang='lat' dir='ltr'><strong><em>Vaticanus</em></strong></span> <span class='ocrx_word' id='word_1_276' title='bbox 409 2813 500 2876; x_wconf 79' lang='lat'><strong><em>5845,</em></strong></span> <span class='ocrx_word' id='word_1_277' title='bbox 537 2814 721 2870; x_wconf 76' lang='lat' dir='ltr'><strong><em>vallicellanus</em></strong></span> <span class='ocrx_word' id='word_1_278' title='bbox 743 2814 791 2871; x_wconf 78' lang='lat' dir='ltr'><strong><em>ab</em></strong></span> <span class='ocrx_word' id='word_1_279' title='bbox 812 2814 925 2889; x_wconf 85' lang='lat' dir='ltr'><strong><em>ejusque</em></strong></span> <span class='ocrx_word' id='word_1_280' title='bbox 945 2816 1121 2891; x_wconf 82' lang='lat' dir='ltr'><strong><em>apographon</em></strong></span> <span class='ocrx_word' id='word_1_281' title='bbox 1142 2816 1282 2872; x_wconf 85' lang='lat' dir='ltr'><strong><em>Vaticanus</em></strong></span> <span class='ocrx_word' id='word_1_282' title='bbox 1309 2817 1393 2874; x_wconf 83' lang='lat'>1353</span> 
     </span>
     <span class='ocr_line' id='line_1_30' title="bbox 125 2898 1391 2974; baseline 0.002 -19"><span class='ocrx_word' id='word_1_283' title='bbox 125 2900 249 2973; x_wconf 87' lang='lat' dir='ltr'><strong><em>opusculi</em></strong></span> <span class='ocrx_word' id='word_1_284' title='bbox 268 2900 355 2955; x_wconf 89' lang='lat' dir='ltr'><strong><em>nostri</em></strong></span> <span class='ocrx_word' id='word_1_285' title='bbox 375 2899 485 2974; x_wconf 90' lang='lat' dir='ltr'><strong><em>longius</em></strong></span> <span class='ocrx_word' id='word_1_286' title='bbox 508 2899 688 2974; x_wconf 79' lang='lat' dir='ltr'><strong><em>fragmentum</em></strong></span> <span class='ocrx_word' id='word_1_287' title='bbox 704 2898 817 2971; x_wconf 87' lang='lat' dir='ltr'><strong><em>(scilieet</em></strong></span> <span class='ocrx_word' id='word_1_288' title='bbox 832 2900 877 2955; x_wconf 91' lang='lat' dir='ltr'><strong><em>illa</em></strong></span> <span class='ocrx_word' id='word_1_289' title='bbox 892 2917 919 2956; x_wconf 92' lang='lat' dir='ltr'><strong><em>n.</em></strong></span> <span class='ocrx_word' id='word_1_290' title='bbox 933 2899 974 2958; x_wconf 90' lang='lat'><strong><em>30</em></strong></span> <span class='ocrx_word' id='word_1_291' title='bbox 989 2901 1049 2958; x_wconf 87' lang='lat' dir='ltr'><strong><em>Nos</em></strong></span> <span class='ocrx_word' id='word_1_292' title='bbox 1064 2919 1119 2956; x_wconf 92' lang='lat' dir='ltr'><strong><em>non</em></strong></span> <span class='ocrx_word' id='word_1_293' title='bbox 1136 2904 1165 2957; x_wconf 89' lang='lat' dir='ltr'><strong><em>iu</em></strong></span> <span class='ocrx_word' id='word_1_294' title='bbox 1181 2902 1320 2957; x_wconf 79' lang='lat' dir='ltr'><strong><em>Acacium</em></strong></span> <span class='ocrx_word' id='word_1_295' title='bbox 1336 2909 1391 2958; x_wconf 90' lang='lat' dir='ltr'><strong><em>etc.</em></strong></span> 
     </span>
     <span class='ocr_line' id='line_1_31' title="bbox 125 2978 1392 3059; baseline 0.002 -20"><span class='ocrx_word' id='word_1_296' title='bbox 125 2984 262 3058; x_wconf 89' lang='lat' dir='ltr'><strong><em>usquead</em></strong></span> <span class='ocrx_word' id='word_1_297' title='bbox 285 2987 328 3041; x_wconf 86' lang='lat' dir='ltr'><strong><em>vel</em></strong></span> <span class='ocrx_word' id='word_1_298' title='bbox 350 2988 441 3040; x_wconf 85' lang='lat' dir='ltr'><strong><em>everti</em></strong></span> <span class='ocrx_word' id='word_1_299' title='bbox 461 2991 488 3040; x_wconf 88' lang='lat' dir='ltr'><strong><em>et</em></strong></span> <span class='ocrx_word' id='word_1_300' title='bbox 500 2982 644 3057; x_wconf 73' lang='lat' dir='ltr'><strong><em>plumarii</em></strong></span> <span class='ocrx_word' id='word_1_301' title='bbox 664 2985 834 3057; x_wconf 79' lang='lat' dir='ltr'><strong><em>proferentes</em></strong></span> <span class='ocrx_word' id='word_1_302' title='bbox 857 2986 908 3041; x_wconf 88' lang='lat' dir='ltr'><strong><em>hoc</em></strong></span> <span class='ocrx_word' id='word_1_303' title='bbox 929 2985 1008 3040; x_wconf 88' lang='lat' dir='ltr'><strong><em>titulo</em></strong></span> <span class='ocrx_word' id='word_1_304' title='bbox 1024 2985 1169 3041; x_wconf 88' lang='lat' dir='ltr'><strong><em>inducunt:</em></strong></span> <span class='ocrx_word' id='word_1_305' title='bbox 1202 2987 1251 3042; x_wconf 80' lang='lat' dir='ltr'><strong><em>Ea</em></strong></span> <span class='ocrx_word' id='word_1_306' title='bbox 1266 2978 1392 3059; x_wconf 81' lang='lat' dir='ltr'><strong><em>epistola</em></strong></span> 
     </span>
     <span class='ocr_line' id='line_1_32' title="bbox 124 3069 1394 3144; baseline 0.002 -18"><span class='ocrx_word' id='word_1_307' title='bbox 124 3072 201 3127; x_wconf 91' lang='lat' dir='ltr'><strong><em>beati</em></strong></span> <span class='ocrx_word' id='word_1_308' title='bbox 216 3085 316 3144; x_wconf 89' lang='lat' dir='ltr'><strong><em>papae</em></strong></span> <span class='ocrx_word' id='word_1_309' title='bbox 333 3069 441 3127; x_wconf 87' lang='lat' dir='ltr'><strong><em>Gelasii</em></strong></span> <span class='ocrx_word' id='word_1_310' title='bbox 455 3070 495 3125; x_wconf 86' lang='lat' dir='ltr'><strong><em>nd</em></strong></span> <span class='ocrx_word' id='word_1_311' title='bbox 513 3072 670 3127; x_wconf 90' lang='lat' dir='ltr'><strong><em>orientales</em></strong></span> <span class='ocrx_word' id='word_1_312' title='bbox 689 3071 724 3126; x_wconf 91' lang='lat' dir='ltr'><strong><em>de</em></strong></span> <span class='ocrx_word' id='word_1_313' title='bbox 745 3072 878 3127; x_wconf 82' lang='lat' dir='ltr'><strong><em>evitanda</em></strong></span> <span class='ocrx_word' id='word_1_314' title='bbox 894 3073 1089 3127; x_wconf 89' lang='lat' dir='ltr'><strong><em>communione</em></strong></span> <span class='ocrx_word' id='word_1_315' title='bbox 1103 3071 1212 3142; x_wconf 80' lang='lat' dir='ltr'><strong><em>Aeacii,</em></strong></span> <span class='ocrx_word' id='word_1_316' title='bbox 1236 3072 1284 3127; x_wconf 91' lang='lat' dir='ltr'><strong><em>ubi</em></strong></span> <span class='ocrx_word' id='word_1_317' title='bbox 1302 3073 1394 3128; x_wconf 91' lang='lat' dir='ltr'><strong><em>datur</em></strong></span> 
     </span>
    </p>
   </div>
   <div class='ocr_carea' id='block_1_4' title="bbox 30 3156 1393 3230">
    <p class='ocr_par' dir='ltr' id='par_1_4' title="bbox 30 3156 1393 3230">
     <span class='ocr_line' id='line_1_33' title="bbox 30 3156 1393 3230; baseline 0 -18"><span class='ocrx_word' id='word_1_318' title='bbox 30 3218 32 3221; x_wconf 60' lang='grc'><strong>,</strong></span> <span class='ocrx_word' id='word_1_319' title='bbox 124 3158 249 3230; x_wconf 81' lang='lat' dir='ltr'><strong><em>inteilipi,</em></strong></span> <span class='ocrx_word' id='word_1_320' title='bbox 272 3158 381 3212; x_wconf 90' lang='lat' dir='ltr'><strong><em>nultum</em></strong></span> <span class='ocrx_word' id='word_1_321' title='bbox 403 3170 466 3212; x_wconf 90' lang='lat' dir='ltr'><strong><em>esse</em></strong></span> <span class='ocrx_word' id='word_1_322' title='bbox 487 3158 630 3212; x_wconf 72' lang='lat' dir='ltr'><strong><em>anemium</em></strong></span> <span class='ocrx_word' id='word_1_323' title='bbox 652 3156 803 3212; x_wconf 91' lang='lat' dir='ltr'><strong><em>insolubile</em></strong></span> <span class='ocrx_word' id='word_1_324' title='bbox 824 3159 880 3212; x_wconf 91' lang='lat' dir='ltr'><strong><em>nisi</em></strong></span> <span class='ocrx_word' id='word_1_325' title='bbox 899 3160 981 3211; x_wconf 90' lang='lat' dir='ltr'><strong><em>circa</em></strong></span> <span class='ocrx_word' id='word_1_326' title='bbox 1001 3159 1073 3218; x_wconf 88' lang='lat' dir='ltr'><strong><em>illos,</em></strong></span> <span class='ocrx_word' id='word_1_327' title='bbox 1097 3159 1189 3230; x_wconf 87' lang='lat' dir='ltr'><strong><em>quiin</em></strong></span> <span class='ocrx_word' id='word_1_328' title='bbox 1206 3172 1393 3228; x_wconf 91' lang='lat' dir='ltr'><strong><em>errorepcr-</em></strong></span> 
     </span>
    </p>
   </div>
   <div class='ocr_carea' id='block_1_5' title="bbox 90 3238 1394 4487">
    <p class='ocr_par' dir='ltr' id='par_1_5' title="bbox 90 3238 1394 4487">
     <span class='ocr_line' id='line_1_34' title="bbox 124 3238 1393 3314; baseline -0.001 -16"><span class='ocrx_word' id='word_1_329' title='bbox 124 3245 237 3298; x_wconf 85' lang='lat' dir='ltr'><strong><em>sistunt.</em></strong></span> <span class='ocrx_word' id='word_1_330' title='bbox 261 3240 320 3296; x_wconf 90' lang='lat' dir='ltr'><strong><em>Pari</em></strong></span> <span class='ocrx_word' id='word_1_331' title='bbox 336 3238 417 3296; x_wconf 88' lang='lat' dir='ltr'><strong><em>medo</em></strong></span> <span class='ocrx_word' id='word_1_332' title='bbox 431 3241 538 3296; x_wconf 89' lang='lat' dir='ltr'><strong><em>initium</em></strong></span> <span class='ocrx_word' id='word_1_333' title='bbox 554 3239 675 3311; x_wconf 87' lang='lat' dir='ltr'><strong><em>ejusdem</em></strong></span> <span class='ocrx_word' id='word_1_334' title='bbox 690 3239 727 3312; x_wconf 91' lang='lat' dir='ltr'><strong><em>(n.</em></strong></span> <span class='ocrx_word' id='word_1_335' title='bbox 742 3241 758 3296; x_wconf 92' lang='lat'>1</span> <span class='ocrx_word' id='word_1_336' title='bbox 776 3241 845 3298; x_wconf 88' lang='lat' dir='ltr'><strong><em>Post</em></strong></span> <span class='ocrx_word' id='word_1_337' title='bbox 861 3245 1031 3314; x_wconf 77' lang='lat' dir='ltr'><strong><em>quingentos</em></strong></span> <span class='ocrx_word' id='word_1_338' title='bbox 1048 3272 1082 3279; x_wconf 96' lang='lat'>—</span> <span class='ocrx_word' id='word_1_339' title='bbox 1103 3242 1257 3298; x_wconf 70' lang='lat' dir='ltr'><strong><em>demutatus</em></strong></span> <span class='ocrx_word' id='word_1_340' title='bbox 1272 3240 1318 3313; x_wconf 84' lang='lat' dir='ltr'><strong><em>sit)</em></strong></span> <span class='ocrx_word' id='word_1_341' title='bbox 1335 3242 1393 3298; x_wconf 86' lang='lat' dir='ltr'><strong><em>lan·</em></strong></span> 
     </span>
     <span class='ocr_line' id='line_1_35' title="bbox 124 3322 1393 3401; baseline 0.002 -21"><span class='ocrx_word' id='word_1_342' title='bbox 124 3325 227 3387; x_wconf 74' lang='lat' dir='ltr'><strong><em>slantes.</em></strong></span> <span class='ocrx_word' id='word_1_343' title='bbox 244 3325 369 3381; x_wconf 89' lang='lat' dir='ltr'><strong><em>Nicolaus</em></strong></span> <span class='ocrx_word' id='word_1_344' title='bbox 385 3323 396 3378; x_wconf 97' lang='lat' dir='ltr'><strong><em>l</em></strong></span> <span class='ocrx_word' id='word_1_345' title='bbox 411 3325 526 3400; x_wconf 88' lang='lat' dir='ltr'><strong><em>epistola</em></strong></span> <span class='ocrx_word' id='word_1_346' title='bbox 542 3324 582 3381; x_wconf 90' lang='grc'><strong><em>42</em></strong></span> <span class='ocrx_word' id='word_1_347' title='bbox 600 3322 652 3400; x_wconf 90' lang='lat' dir='ltr'><strong><em>(ed.</em></strong></span> <span class='ocrx_word' id='word_1_348' title='bbox 669 3324 749 3380; x_wconf 89' lang='lat' dir='ltr'><strong><em>llard.</em></strong></span> <span class='ocrx_word' id='word_1_349' title='bbox 767 3333 795 3381; x_wconf 89' lang='lat' dir='ltr'><strong><em>et</em></strong></span> <span class='ocrx_word' id='word_1_350' title='bbox 810 3325 904 3401; x_wconf 86' lang='lat' dir='ltr'><strong><em>Mans.)</em></strong></span> <span class='ocrx_word' id='word_1_351' title='bbox 921 3325 953 3380; x_wconf 89' lang='lat' dir='ltr'><strong><em>ad</em></strong></span> <span class='ocrx_word' id='word_1_352' title='bbox 969 3326 1186 3400; x_wconf 87' lang='lat' dir='ltr'><strong><em>archiepiscopos</em></strong></span> <span class='ocrx_word' id='word_1_353' title='bbox 1202 3334 1229 3382; x_wconf 92' lang='lat' dir='ltr'><strong><em>et</em></strong></span> <span class='ocrx_word' id='word_1_354' title='bbox 1245 3327 1393 3400; x_wconf 86' lang='lat' dir='ltr'><strong><em>episcopos</em></strong></span> 
     </span>
     <span class='ocr_line' id='line_1_36' title="bbox 90 3404 1393 3482; baseline 0.002 -17"><span class='ocrx_word' id='word_1_355' title='bbox 90 3443 92 3450; x_wconf 91' lang='lat'>·</span> <span class='ocrx_word' id='word_1_356' title='bbox 124 3404 223 3466; x_wconf 85' lang='lat' dir='ltr'><strong><em>Galliae</em></strong></span> <span class='ocrx_word' id='word_1_357' title='bbox 240 3411 374 3467; x_wconf 86' lang='lat' dir='ltr'><strong><em>Gelasius</em></strong></span> <span class='ocrx_word' id='word_1_358' title='bbox 388 3413 428 3467; x_wconf 90' lang='lat' dir='ltr'><strong><em>ad</em></strong></span> <span class='ocrx_word' id='word_1_359' title='bbox 442 3414 594 3482; x_wconf 86' lang='lat' dir='ltr'><strong><em>episcopos</em></strong></span> <span class='ocrx_word' id='word_1_360' title='bbox 608 3414 776 3480; x_wconf 88' lang='lat' dir='ltr'><strong><em>orientales,</em></strong></span> <span class='ocrx_word' id='word_1_361' title='bbox 792 3411 934 3466; x_wconf 82' lang='lat' dir='ltr'><strong><em>Auselmus</em></strong></span> <span class='ocrx_word' id='word_1_362' title='bbox 950 3411 1012 3467; x_wconf 87' lang='lat' dir='ltr'><strong><em>coll.</em></strong></span> <span class='ocrx_word' id='word_1_363' title='bbox 1025 3410 1066 3472; x_wconf 89' lang='lat' dir='ltr'><strong><em>lV,</em></strong></span> <span class='ocrx_word' id='word_1_364' title='bbox 1084 3410 1122 3466; x_wconf 82' lang='grc'><strong><em>27</em></strong></span> <span class='ocrx_word' id='word_1_365' title='bbox 1140 3405 1167 3466; x_wconf 82' lang='lat' dir='ltr'><strong><em>et</em></strong></span> <span class='ocrx_word' id='word_1_366' title='bbox 1182 3411 1323 3467; x_wconf 84' lang='lat' dir='ltr'><strong><em>Gratianus</em></strong></span> <span class='ocrx_word' id='word_1_367' title='bbox 1339 3412 1393 3468; x_wconf 73' lang='lat' dir='ltr'><strong><em>etl</em></strong></span> 
     </span>
     <span class='ocr_line' id='line_1_37' title="bbox 124 3493 1394 3570; baseline 0.003 -21"><span class='ocrx_word' id='word_1_368' title='bbox 124 3493 153 3550; x_wconf 84' lang='lat' dir='ltr'><strong><em>C.</em></strong></span> <span class='ocrx_word' id='word_1_369' title='bbox 171 3494 225 3549; x_wconf 84' lang='lat' dir='ltr'><strong><em>ilVl</em></strong></span> <span class='ocrx_word' id='word_1_370' title='bbox 247 3511 292 3569; x_wconf 90' lang='lat' dir='ltr'><strong><em>qu.</em></strong></span> <span class='ocrx_word' id='word_1_371' title='bbox 310 3495 329 3551; x_wconf 86' lang='lat'><strong>3</strong></span> <span class='ocrx_word' id='word_1_372' title='bbox 356 3495 489 3551; x_wconf 79' lang='lat' dir='ltr'><strong><em>Gelasius</em></strong></span> <span class='ocrx_word' id='word_1_373' title='bbox 510 3499 654 3569; x_wconf 90' lang='lat' dir='ltr'><strong><em>episcopis</em></strong></span> <span class='ocrx_word' id='word_1_374' title='bbox 675 3497 862 3565; x_wconf 84' lang='lat' dir='ltr'><strong><em>Dardaniae,</em></strong></span> <span class='ocrx_word' id='word_1_375' title='bbox 896 3494 1043 3552; x_wconf 81' lang='lat' dir='ltr'><strong><em>lleusdedit</em></strong></span> <span class='ocrx_word' id='word_1_376' title='bbox 1063 3496 1126 3551; x_wconf 91' lang='lat' dir='ltr'><strong><em>coll.</em></strong></span> <span class='ocrx_word' id='word_1_377' title='bbox 1143 3504 1212 3570; x_wconf 92' lang='lat' dir='ltr'><strong><em>part.</em></strong></span> <span class='ocrx_word' id='word_1_378' title='bbox 1229 3495 1238 3550; x_wconf 95' lang='lat' dir='ltr'>l</span> <span class='ocrx_word' id='word_1_379' title='bbox 1255 3497 1394 3554; x_wconf 86' lang='lat' dir='ltr'><strong><em>Gelasius</em></strong></span> 
     </span>
     <span class='ocr_line' id='line_1_38' title="bbox 121 3579 1392 3654; baseline 0.002 -18"><span class='ocrx_word' id='word_1_380' title='bbox 121 3598 205 3653; x_wconf 91' lang='lat' dir='ltr'><strong><em>papa</em></strong></span> <span class='ocrx_word' id='word_1_381' title='bbox 224 3580 384 3636; x_wconf 89' lang='lat' dir='ltr'><strong><em>inscribunt.</em></strong></span> <span class='ocrx_word' id='word_1_382' title='bbox 415 3579 481 3636; x_wconf 90' lang='lat' dir='ltr'><strong><em>ltem</em></strong></span> <span class='ocrx_word' id='word_1_383' title='bbox 498 3579 568 3637; x_wconf 89' lang='lat' dir='ltr'><strong><em>aliud</em></strong></span> <span class='ocrx_word' id='word_1_384' title='bbox 585 3579 706 3651; x_wconf 87' lang='lat' dir='ltr'><strong><em>ejusdcm</em></strong></span> <span class='ocrx_word' id='word_1_385' title='bbox 722 3580 901 3654; x_wconf 80' lang='lat' dir='ltr'><strong><em>fragmentum</em></strong></span> <span class='ocrx_word' id='word_1_386' title='bbox 917 3579 955 3652; x_wconf 91' lang='lat' dir='ltr'><strong><em>(n.</em></strong></span> <span class='ocrx_word' id='word_1_387' title='bbox 969 3580 1009 3636; x_wconf 85' lang='lat'><strong><em>43</em></strong></span> <span class='ocrx_word' id='word_1_388' title='bbox 1027 3580 1079 3637; x_wconf 82' lang='lat' dir='ltr'><strong><em>Cui</em></strong></span> <span class='ocrx_word' id='word_1_389' title='bbox 1093 3587 1136 3637; x_wconf 91' lang='lat' dir='ltr'><strong><em>est</em></strong></span> <span class='ocrx_word' id='word_1_390' title='bbox 1149 3582 1231 3637; x_wconf 87' lang='lat' dir='ltr'><strong><em>illata</em></strong></span> <span class='ocrx_word' id='word_1_391' title='bbox 1247 3586 1392 3638; x_wconf 80' lang='lat' dir='ltr'><strong><em>seruantia</em></strong></span> 
     </span>
     <span class='ocr_line' id='line_1_39' title="bbox 125 3664 1393 3740; baseline 0.001 -19"><span class='ocrx_word' id='word_1_392' title='bbox 125 3673 180 3722; x_wconf 91' lang='lat' dir='ltr'><strong><em>etc.</em></strong></span> <span class='ocrx_word' id='word_1_393' title='bbox 197 3681 283 3739; x_wconf 88' lang='lat' dir='ltr'><strong><em>usque</em></strong></span> <span class='ocrx_word' id='word_1_394' title='bbox 298 3664 330 3720; x_wconf 91' lang='lat' dir='ltr'><strong><em>ad</em></strong></span> <span class='ocrx_word' id='word_1_395' title='bbox 353 3667 520 3722; x_wconf 88' lang='lat' dir='ltr'><strong><em>nullatenus</em></strong></span> <span class='ocrx_word' id='word_1_396' title='bbox 539 3669 679 3737; x_wconf 89' lang='lat' dir='ltr'><strong><em>perspicit</em></strong></span> <span class='ocrx_word' id='word_1_397' title='bbox 694 3664 858 3738; x_wconf 75' lang='lat' dir='ltr'><strong><em>obligatum)</em></strong></span> <span class='ocrx_word' id='word_1_398' title='bbox 882 3665 926 3721; x_wconf 88' lang='lat' dir='ltr'><strong><em>lvo</em></strong></span> <span class='ocrx_word' id='word_1_399' title='bbox 943 3665 1015 3721; x_wconf 88' lang='lat' dir='ltr'><strong><em>decr.</em></strong></span> <span class='ocrx_word' id='word_1_400' title='bbox 1033 3684 1059 3740; x_wconf 94' lang='lat' dir='ltr'><strong><em>p.</em></strong></span> <span class='ocrx_word' id='word_1_401' title='bbox 1069 3665 1124 3720; x_wconf 86' lang='lat' dir='ltr'><strong><em>illV</em></strong></span> <span class='ocrx_word' id='word_1_402' title='bbox 1139 3666 1190 3722; x_wconf 82' lang='lat' dir='ltr'><strong><em>c.8</em></strong></span> <span class='ocrx_word' id='word_1_403' title='bbox 1208 3666 1341 3722; x_wconf 68' lang='lat' dir='ltr'><strong><em>Gelonus</em></strong></span> <span class='ocrx_word' id='word_1_404' title='bbox 1357 3669 1393 3723; x_wconf 91' lang='lat' dir='ltr'><strong><em>dc</em></strong></span> 
     </span>
     <span class='ocr_line' id='line_1_40' title="bbox 125 3749 1394 3824; baseline 0.001 -16"><span class='ocrx_word' id='word_1_405' title='bbox 125 3754 318 3808; x_wconf 88' lang='lat' dir='ltr'><strong><em>communione</em></strong></span> <span class='ocrx_word' id='word_1_406' title='bbox 331 3752 433 3807; x_wconf 81' lang='lat' dir='ltr'><strong><em>Aeacii</em></strong></span> <span class='ocrx_word' id='word_1_407' title='bbox 448 3752 573 3821; x_wconf 84' lang='lat' dir='ltr'><strong><em>uitanda,</em></strong></span> <span class='ocrx_word' id='word_1_408' title='bbox 591 3750 731 3805; x_wconf 85' lang='lat' dir='ltr'><strong><em>Gratianus</em></strong></span> <span class='ocrx_word' id='word_1_409' title='bbox 747 3749 819 3806; x_wconf 64' lang='lat' dir='ltr'><strong><em>cae</em></strong></span> <span class='ocrx_word' id='word_1_410' title='bbox 831 3749 899 3805; x_wconf 74' lang='lat' dir='ltr'><strong><em>uxi</em></strong></span> <span class='ocrx_word' id='word_1_411' title='bbox 915 3750 987 3824; x_wconf 87' lang='lat' dir='ltr'><strong><em>qu.3</em></strong></span> <span class='ocrx_word' id='word_1_412' title='bbox 1005 3752 1138 3808; x_wconf 85' lang='lat' dir='ltr'><strong><em>Gelasius</em></strong></span> <span class='ocrx_word' id='word_1_413' title='bbox 1150 3769 1233 3822; x_wconf 91' lang='lat' dir='ltr'><strong><em>papa</em></strong></span> <span class='ocrx_word' id='word_1_414' title='bbox 1246 3754 1394 3824; x_wconf 90' lang='lat' dir='ltr'><strong><em>episcopis</em></strong></span> 
     </span>
     <span class='ocr_line' id='line_1_41' title="bbox 125 3834 1392 3909; baseline 0.001 -18"><span class='ocrx_word' id='word_1_415' title='bbox 125 3837 312 3892; x_wconf 88' lang='lat' dir='ltr'><strong><em>orientalibus</em></strong></span> <span class='ocrx_word' id='word_1_416' title='bbox 327 3838 361 3892; x_wconf 91' lang='lat' dir='ltr'><strong><em>de</em></strong></span> <span class='ocrx_word' id='word_1_417' title='bbox 376 3838 559 3892; x_wconf 90' lang='lat' dir='ltr'><strong><em>damnatione</em></strong></span> <span class='ocrx_word' id='word_1_418' title='bbox 574 3835 709 3892; x_wconf 85' lang='lat' dir='ltr'><strong><em>Dioscuri</em></strong></span> <span class='ocrx_word' id='word_1_419' title='bbox 722 3836 881 3909; x_wconf 87' lang='lat' dir='ltr'><strong><em>insigniunt.</em></strong></span> <span class='ocrx_word' id='word_1_420' title='bbox 918 3834 947 3890; x_wconf 89' lang='lat' dir='ltr'><strong><em>lu</em></strong></span> <span class='ocrx_word' id='word_1_421' title='bbox 970 3835 1057 3890; x_wconf 90' lang='lat' dir='ltr'><strong><em>tabula</em></strong></span> <span class='ocrx_word' id='word_1_422' title='bbox 1078 3835 1123 3892; x_wconf 88' lang='lat' dir='ltr'><strong><em>illa</em></strong></span> <span class='ocrx_word' id='word_1_423' title='bbox 1144 3843 1233 3891; x_wconf 87' lang='lat' dir='ltr'><strong><em>autem</em></strong></span> <span class='ocrx_word' id='word_1_424' title='bbox 1255 3838 1392 3892; x_wconf 87' lang='lat' dir='ltr'><strong><em>variorum</em></strong></span> 
     </span>
     <span class='ocr_line' id='line_1_42' title="bbox 125 3920 1393 3994; baseline 0 -17"><span class='ocrx_word' id='word_1_425' title='bbox 125 3921 349 3977; x_wconf 86' lang='lat' dir='ltr'><strong><em>documentorum</em></strong></span> <span class='ocrx_word' id='word_1_426' title='bbox 364 3920 396 3976; x_wconf 90' lang='lat' dir='ltr'><strong><em>ad</em></strong></span> <span class='ocrx_word' id='word_1_427' title='bbox 412 3936 518 3976; x_wconf 87' lang='lat' dir='ltr'><strong><em>causam</em></strong></span> <span class='ocrx_word' id='word_1_428' title='bbox 535 3922 689 3977; x_wconf 74' lang='lat' dir='ltr'><strong><em>amatunam</em></strong></span> <span class='ocrx_word' id='word_1_429' title='bbox 704 3920 906 3992; x_wconf 88' lang='lat' dir='ltr'><strong><em>pertinentium,</em></strong></span> <span class='ocrx_word' id='word_1_430' title='bbox 928 3937 1008 3993; x_wconf 82' lang='lat' dir='ltr'><strong><em>quarn</em></strong></span> <span class='ocrx_word' id='word_1_431' title='bbox 1023 3922 1132 3994; x_wconf 88' lang='lat' dir='ltr'><strong><em>corpori</em></strong></span> <span class='ocrx_word' id='word_1_432' title='bbox 1147 3920 1393 3977; x_wconf 87' lang='lat' dir='ltr'><strong><em>Pseudo-isidoria-</em></strong></span> 
     </span>
     <span class='ocr_line' id='line_1_43' title="bbox 126 4003 1392 4079; baseline 0.001 -18"><span class='ocrx_word' id='word_1_433' title='bbox 126 4023 174 4062; x_wconf 89' lang='lat' dir='ltr'><strong><em>nae</em></strong></span> <span class='ocrx_word' id='word_1_434' title='bbox 190 4005 357 4062; x_wconf 85' lang='lat' dir='ltr'><strong><em>collectionis</em></strong></span> <span class='ocrx_word' id='word_1_435' title='bbox 373 4013 442 4062; x_wconf 88' lang='lat' dir='ltr'><strong><em>teste</em></strong></span> <span class='ocrx_word' id='word_1_436' title='bbox 459 4005 586 4061; x_wconf 83' lang='lat' dir='ltr'><strong><em>Hinsclrio</em></strong></span> <span class='ocrx_word' id='word_1_437' title='bbox 602 4003 718 4079; x_wconf 80' lang='lat' dir='ltr'><strong><em>(proleg.</em></strong></span> <span class='ocrx_word' id='word_1_438' title='bbox 735 4006 762 4060; x_wconf 88' lang='lat' dir='ltr'><strong><em>in</em></strong></span> <span class='ocrx_word' id='word_1_439' title='bbox 775 4004 817 4059; x_wconf 88' lang='lat' dir='ltr'><strong><em>ed.</em></strong></span> <span class='ocrx_word' id='word_1_440' title='bbox 831 4004 874 4060; x_wconf 90' lang='lat' dir='ltr'><strong><em>Ps.</em></strong></span> <span class='ocrx_word' id='word_1_441' title='bbox 888 4004 949 4060; x_wconf 89' lang='lat' dir='ltr'><strong><em>lsid.</em></strong></span> <span class='ocrx_word' id='word_1_442' title='bbox 967 4023 1028 4079; x_wconf 90' lang='lat' dir='ltr'><strong><em>pag.</em></strong></span> <span class='ocrx_word' id='word_1_443' title='bbox 1038 4004 1113 4078; x_wconf 76' lang='lat' dir='ltr'><strong><em>unu)</em></strong></span> <span class='ocrx_word' id='word_1_444' title='bbox 1129 4008 1306 4079; x_wconf 87' lang='lat' dir='ltr'><strong><em>praemittunt</em></strong></span> <span class='ocrx_word' id='word_1_445' title='bbox 1317 4006 1392 4062; x_wconf 89' lang='lat' dir='ltr'><strong><em>codi-</em></strong></span> 
     </span>
     <span class='ocr_line' id='line_1_44' title="bbox 124 4089 1392 4152; baseline 0 -6"><span class='ocrx_word' id='word_1_446' title='bbox 124 4108 168 4147; x_wconf 90' lang='lat' dir='ltr'><strong><em>ces</em></strong></span> <span class='ocrx_word' id='word_1_447' title='bbox 189 4090 346 4147; x_wconf 88' lang='lat' dir='ltr'><strong><em>Parisiensis</em></strong></span> <span class='ocrx_word' id='word_1_448' title='bbox 367 4090 451 4148; x_wconf 81' lang='lat'>4280</span> <span class='ocrx_word' id='word_1_449' title='bbox 465 4091 530 4152; x_wconf 78' lang='lat' dir='ltr'><strong><em>Ati..</em></strong></span> <span class='ocrx_word' id='word_1_450' title='bbox 552 4090 724 4145; x_wconf 73' lang='lat' dir='ltr'><strong><em>pistoriensis</em></strong></span> <span class='ocrx_word' id='word_1_451' title='bbox 747 4107 773 4145; x_wconf 92' lang='lat' dir='ltr'><strong><em>n.</em></strong></span> <span class='ocrx_word' id='word_1_452' title='bbox 791 4089 833 4151; x_wconf 85' lang='lat' dir='ltr'><strong><em>tx,</em></strong></span> <span class='ocrx_word' id='word_1_453' title='bbox 857 4089 1103 4147; x_wconf 71' lang='lat' dir='ltr'><strong><em>insensualia</em></strong></span> <span class='ocrx_word' id='word_1_454' title='bbox 1125 4090 1197 4146; x_wconf 83' lang='lat' dir='ltr'><strong><em>Plut.</em></strong></span> <span class='ocrx_word' id='word_1_455' title='bbox 1214 4090 1244 4152; x_wconf 84' lang='lat' dir='ltr'><strong><em>ll.</em></strong></span> <span class='ocrx_word' id='word_1_456' title='bbox 1267 4090 1392 4146; x_wconf 89' lang='lat' dir='ltr'><strong><em>Bamber·</em></strong></span> 
     </span>
     <span class='ocr_line' id='line_1_45' title="bbox 126 4174 1393 4249; baseline 0.001 -18"><span class='ocrx_word' id='word_1_457' title='bbox 126 4177 217 4249; x_wconf 86' lang='lat' dir='ltr'><strong><em>gensis</em></strong></span> <span class='ocrx_word' id='word_1_458' title='bbox 238 4175 266 4232; x_wconf 85' lang='lat' dir='ltr'><strong><em>G.</em></strong></span> <span class='ocrx_word' id='word_1_459' title='bbox 283 4176 333 4238; x_wconf 82' lang='lat'><strong><em>47,</em></strong></span> <span class='ocrx_word' id='word_1_460' title='bbox 356 4177 427 4232; x_wconf 87' lang='lat' dir='ltr'><strong><em>inter</em></strong></span> <span class='ocrx_word' id='word_1_461' title='bbox 447 4192 529 4249; x_wconf 88' lang='lat' dir='ltr'><strong><em>opera</em></strong></span> <span class='ocrx_word' id='word_1_462' title='bbox 551 4174 671 4246; x_wconf 86' lang='lat' dir='ltr'><strong><em>ejusdcm</em></strong></span> <span class='ocrx_word' id='word_1_463' title='bbox 697 4190 782 4248; x_wconf 89' lang='lat' dir='ltr'><strong><em>papae</em></strong></span> <span class='ocrx_word' id='word_1_464' title='bbox 808 4174 855 4230; x_wconf 86' lang='lat' dir='ltr'><strong><em>sed</em></strong></span> <span class='ocrx_word' id='word_1_465' title='bbox 881 4176 940 4230; x_wconf 89' lang='lat' dir='ltr'><strong><em>sine</em></strong></span> <span class='ocrx_word' id='word_1_466' title='bbox 961 4174 1020 4246; x_wconf 88' lang='lat' dir='ltr'><strong><em>ejus</em></strong></span> <span class='ocrx_word' id='word_1_467' title='bbox 1041 4177 1149 4232; x_wconf 91' lang='lat' dir='ltr'><strong><em>nomine</em></strong></span> <span class='ocrx_word' id='word_1_468' title='bbox 1171 4175 1321 4231; x_wconf 85' lang='lat' dir='ltr'><strong><em>collocatur</em></strong></span> <span class='ocrx_word' id='word_1_469' title='bbox 1341 4176 1393 4232; x_wconf 89' lang='lat' dir='ltr'><strong><em>hac</em></strong></span> 
     </span>
     <span class='ocr_line' id='line_1_46' title="bbox 125 4258 1391 4335; baseline 0.002 -20"><span class='ocrx_word' id='word_1_470' title='bbox 125 4262 316 4335; x_wconf 89' lang='lat' dir='ltr'><strong><em>inscriptione:</em></strong></span> <span class='ocrx_word' id='word_1_471' title='bbox 343 4262 414 4318; x_wconf 88' lang='lat' dir='ltr'><strong><em>ltcm</em></strong></span> <span class='ocrx_word' id='word_1_472' title='bbox 434 4262 470 4318; x_wconf 86' lang='lat' dir='ltr'><strong><em>de</em></strong></span> <span class='ocrx_word' id='word_1_473' title='bbox 485 4263 619 4317; x_wconf 83' lang='lat' dir='ltr'><strong><em>evitanda</em></strong></span> <span class='ocrx_word' id='word_1_474' title='bbox 636 4263 831 4317; x_wconf 88' lang='lat' dir='ltr'><strong><em>communione</em></strong></span> <span class='ocrx_word' id='word_1_475' title='bbox 846 4262 950 4316; x_wconf 80' lang='lat' dir='ltr'><strong><em>Acatii.</em></strong></span> <span class='ocrx_word' id='word_1_476' title='bbox 989 4258 1087 4316; x_wconf 83' lang='lat' dir='ltr'><strong><em>Contra</em></strong></span> <span class='ocrx_word' id='word_1_477' title='bbox 1105 4262 1154 4317; x_wconf 88' lang='lat' dir='ltr'><strong><em>hos</em></strong></span> <span class='ocrx_word' id='word_1_478' title='bbox 1171 4263 1257 4316; x_wconf 89' lang='lat' dir='ltr'><strong><em>varios</em></strong></span> <span class='ocrx_word' id='word_1_479' title='bbox 1273 4260 1391 4323; x_wconf 89' lang='lat' dir='ltr'><strong><em>codices,</em></strong></span> 
     </span>
     <span class='ocr_line' id='line_1_47' title="bbox 126 4343 1390 4420; baseline 0.001 -20"><span class='ocrx_word' id='word_1_480' title='bbox 126 4346 172 4417; x_wconf 90' lang='lat' dir='ltr'><strong><em>qui</em></strong></span> <span class='ocrx_word' id='word_1_481' title='bbox 193 4361 286 4401; x_wconf 88' lang='lat' dir='ltr'><strong><em>omnes</em></strong></span> <span class='ocrx_word' id='word_1_482' title='bbox 307 4347 448 4420; x_wconf 89' lang='lat' dir='ltr'><strong><em>epistolam</em></strong></span> <span class='ocrx_word' id='word_1_483' title='bbox 470 4347 537 4401; x_wconf 87' lang='lat' dir='ltr'><strong><em>hanc</em></strong></span> <span class='ocrx_word' id='word_1_484' title='bbox 553 4345 658 4401; x_wconf 86' lang='lat' dir='ltr'><strong><em>Gelasio</em></strong></span> <span class='ocrx_word' id='word_1_485' title='bbox 680 4343 817 4408; x_wconf 86' lang='lat' dir='ltr'><strong><em>tribuunt,</em></strong></span> <span class='ocrx_word' id='word_1_486' title='bbox 841 4362 874 4401; x_wconf 91' lang='lat' dir='ltr'><strong><em>ne</em></strong></span> <span class='ocrx_word' id='word_1_487' title='bbox 896 4362 965 4401; x_wconf 92' lang='lat' dir='ltr'><strong><em>unus</em></strong></span> <span class='ocrx_word' id='word_1_488' title='bbox 992 4345 1099 4419; x_wconf 88' lang='lat' dir='ltr'><strong><em>quidem</em></strong></span> <span class='ocrx_word' id='word_1_489' title='bbox 1120 4346 1188 4402; x_wconf 88' lang='lat' dir='ltr'><strong><em>alius</em></strong></span> <span class='ocrx_word' id='word_1_490' title='bbox 1206 4347 1320 4409; x_wconf 83' lang='lat' dir='ltr'><strong><em>exsistit,</em></strong></span> <span class='ocrx_word' id='word_1_491' title='bbox 1344 4349 1390 4420; x_wconf 91' lang='lat' dir='ltr'><strong><em>qui</em></strong></span> 
     </span>
     <span class='ocr_line' id='line_1_48' title="bbox 126 4428 470 4487; baseline 0.006 -3"><span class='ocrx_word' id='word_1_492' title='bbox 126 4428 222 4485; x_wconf 80' lang='lat' dir='ltr'><strong><em>Felicis</em></strong></span> <span class='ocrx_word' id='word_1_493' title='bbox 237 4447 336 4487; x_wconf 90' lang='lat' dir='ltr'><strong><em>nomen</em></strong></span> <span class='ocrx_word' id='word_1_494' title='bbox 353 4439 470 4487; x_wconf 88' lang='lat' dir='ltr'><strong><em>tueatur.</em></strong></span> 
     </span>
    </p>
   </div>
   <div class='ocr_carea' id='block_1_6' title="bbox 124 4538 1391 4957">
    <p class='ocr_par' dir='ltr' id='par_1_6' title="bbox 124 4538 1391 4957">
     <span class='ocr_line' id='line_1_49' title="bbox 210 4538 1391 4615; baseline 0.003 -21"><span class='ocrx_word' id='word_1_495' title='bbox 210 4538 239 4595; x_wconf 87' lang='grc'><strong><em>4.</em></strong></span> <span class='ocrx_word' id='word_1_496' title='bbox 269 4539 316 4596; x_wconf 84' lang='lat' dir='ltr'><strong><em>Cui</em></strong></span> <span class='ocrx_word' id='word_1_497' title='bbox 333 4540 440 4615; x_wconf 90' lang='lat' dir='ltr'><strong><em>quidem</em></strong></span> <span class='ocrx_word' id='word_1_498' title='bbox 456 4542 578 4598; x_wconf 88' lang='lat' dir='ltr'><strong><em>codicum</em></strong></span> <span class='ocrx_word' id='word_1_499' title='bbox 594 4543 739 4597; x_wconf 90' lang='lat' dir='ltr'><strong><em>consensui</em></strong></span> <span class='ocrx_word' id='word_1_500' title='bbox 760 4543 786 4596; x_wconf 93' lang='lat' dir='ltr'><strong><em>iu</em></strong></span> <span class='ocrx_word' id='word_1_501' title='bbox 807 4542 909 4613; x_wconf 88' lang='lat' dir='ltr'><strong><em>scripto</em></strong></span> <span class='ocrx_word' id='word_1_502' title='bbox 925 4541 985 4614; x_wconf 89' lang='lat' dir='ltr'><strong><em>ipso</em></strong></span> <span class='ocrx_word' id='word_1_503' title='bbox 1001 4558 1050 4615; x_wconf 87' lang='lat' dir='ltr'><strong><em>pro</em></strong></span> <span class='ocrx_word' id='word_1_504' title='bbox 1067 4541 1172 4597; x_wconf 83' lang='lat' dir='ltr'><strong><em>Gelasio</em></strong></span> <span class='ocrx_word' id='word_1_505' title='bbox 1189 4541 1318 4615; x_wconf 87' lang='lat' dir='ltr'><strong><em>quaedam</em></strong></span> <span class='ocrx_word' id='word_1_506' title='bbox 1334 4542 1391 4598; x_wconf 90' lang='lat' dir='ltr'><strong><em>sul·</em></strong></span> 
     </span>
     <span class='ocr_line' id='line_1_50' title="bbox 126 4625 1391 4701; baseline 0.003 -21"><span class='ocrx_word' id='word_1_507' title='bbox 126 4625 275 4698; x_wconf 79' lang='lat' dir='ltr'><strong><em>tingantur.</em></strong></span> <span class='ocrx_word' id='word_1_508' title='bbox 313 4625 407 4682; x_wconf 89' lang='lat' dir='ltr'><strong><em>Plures</em></strong></span> <span class='ocrx_word' id='word_1_509' title='bbox 428 4629 498 4682; x_wconf 90' lang='lat' dir='ltr'><strong><em>enim</em></strong></span> <span class='ocrx_word' id='word_1_510' title='bbox 524 4626 559 4682; x_wconf 91' lang='lat' dir='ltr'><strong><em>ibi</em></strong></span> <span class='ocrx_word' id='word_1_511' title='bbox 582 4635 728 4683; x_wconf 89' lang='lat' dir='ltr'><strong><em>occurrunt</em></strong></span> <span class='ocrx_word' id='word_1_512' title='bbox 748 4626 809 4689; x_wconf 89' lang='lat' dir='ltr'><strong><em>loci,</em></strong></span> <span class='ocrx_word' id='word_1_513' title='bbox 832 4627 858 4682; x_wconf 91' lang='lat' dir='ltr'><strong><em>in</em></strong></span> <span class='ocrx_word' id='word_1_514' title='bbox 881 4625 977 4698; x_wconf 89' lang='lat' dir='ltr'><strong><em>quibus</em></strong></span> <span class='ocrx_word' id='word_1_515' title='bbox 999 4628 1034 4682; x_wconf 89' lang='lat' dir='ltr'><strong><em>ita</em></strong></span> <span class='ocrx_word' id='word_1_516' title='bbox 1050 4625 1147 4682; x_wconf 87' lang='lat' dir='ltr'><strong><em>Gelasii</em></strong></span> <span class='ocrx_word' id='word_1_517' title='bbox 1163 4628 1230 4683; x_wconf 87' lang='lat' dir='ltr'><strong><em>ratio</em></strong></span> <span class='ocrx_word' id='word_1_518' title='bbox 1247 4644 1391 4701; x_wconf 87' lang='lat' dir='ltr'><strong><em>argumen-</em></strong></span> 
     </span>
     <span class='ocr_line' id='line_1_51' title="bbox 126 4709 1390 4785; baseline 0.002 -20"><span class='ocrx_word' id='word_1_519' title='bbox 126 4709 198 4765; x_wconf 89' lang='lat' dir='ltr'><strong><em>tandi</em></strong></span> <span class='ocrx_word' id='word_1_520' title='bbox 215 4718 242 4766; x_wconf 91' lang='lat' dir='ltr'><strong><em>et</em></strong></span> <span class='ocrx_word' id='word_1_521' title='bbox 258 4710 386 4783; x_wconf 90' lang='lat' dir='ltr'><strong><em>loquendi</em></strong></span> <span class='ocrx_word' id='word_1_522' title='bbox 402 4713 543 4785; x_wconf 88' lang='lat' dir='ltr'><strong><em>reperitur,</em></strong></span> <span class='ocrx_word' id='word_1_523' title='bbox 569 4720 598 4767; x_wconf 90' lang='lat' dir='ltr'><strong><em>ut</em></strong></span> <span class='ocrx_word' id='word_1_524' title='bbox 620 4720 665 4767; x_wconf 86' lang='lat' dir='ltr'><strong><em>aut</em></strong></span> <span class='ocrx_word' id='word_1_525' title='bbox 680 4721 776 4768; x_wconf 84' lang='lat' dir='ltr'><strong><em>auctor</em></strong></span> <span class='ocrx_word' id='word_1_526' title='bbox 791 4711 863 4766; x_wconf 88' lang='lat' dir='ltr'><strong><em>hunc</em></strong></span> <span class='ocrx_word' id='word_1_527' title='bbox 884 4709 1048 4784; x_wconf 77' lang='lat' dir='ltr'><strong><em>pontificem,</em></strong></span> <span class='ocrx_word' id='word_1_528' title='bbox 1071 4720 1116 4767; x_wconf 86' lang='lat' dir='ltr'><strong><em>aut</em></strong></span> <span class='ocrx_word' id='word_1_529' title='bbox 1132 4712 1175 4767; x_wconf 89' lang='lat' dir='ltr'><strong><em>hie</em></strong></span> <span class='ocrx_word' id='word_1_530' title='bbox 1190 4711 1265 4768; x_wconf 88' lang='lat' dir='ltr'><strong><em>illum</em></strong></span> <span class='ocrx_word' id='word_1_531' title='bbox 1281 4714 1390 4769; x_wconf 90' lang='lat' dir='ltr'><strong><em>novisse</em></strong></span> 
     </span>
     <span class='ocr_line' id='line_1_52' title="bbox 124 4793 1390 4870; baseline 0.003 -20"><span class='ocrx_word' id='word_1_532' title='bbox 124 4802 154 4850; x_wconf 86' lang='lat' dir='ltr'><strong><em>et</em></strong></span> <span class='ocrx_word' id='word_1_533' title='bbox 169 4793 322 4851; x_wconf 85' lang='lat' dir='ltr'><strong><em>adhibuisse</em></strong></span> <span class='ocrx_word' id='word_1_534' title='bbox 343 4797 436 4868; x_wconf 89' lang='lat' dir='ltr'><strong><em>negari</em></strong></span> <span class='ocrx_word' id='word_1_535' title='bbox 452 4813 506 4851; x_wconf 92' lang='lat' dir='ltr'><strong><em>non</em></strong></span> <span class='ocrx_word' id='word_1_536' title='bbox 522 4798 617 4870; x_wconf 87' lang='lat' dir='ltr'><strong><em>possit.</em></strong></span> <span class='ocrx_word' id='word_1_537' title='bbox 654 4795 776 4852; x_wconf 82' lang='lat' dir='ltr'><strong><em>Sufficiat</em></strong></span> <span class='ocrx_word' id='word_1_538' title='bbox 796 4812 878 4870; x_wconf 88' lang='lat' dir='ltr'><strong><em>pauca</em></strong></span> <span class='ocrx_word' id='word_1_539' title='bbox 903 4797 1103 4869; x_wconf 86' lang='lat' dir='ltr'><strong><em>perstrinxisse.</em></strong></span> <span class='ocrx_word' id='word_1_540' title='bbox 1135 4794 1207 4863; x_wconf 82' lang='lat' dir='ltr'><strong><em>Quae</em></strong></span> <span class='ocrx_word' id='word_1_541' title='bbox 1228 4797 1288 4852; x_wconf 73' lang='lat' dir='ltr'><strong><em>nl</em></strong></span> <span class='ocrx_word' id='word_1_542' title='bbox 1305 4805 1332 4852; x_wconf 87' lang='lat' dir='ltr'><strong><em>et</em></strong></span> <span class='ocrx_word' id='word_1_543' title='bbox 1351 4799 1390 4854; x_wconf 88' lang='lat'><strong><em>13</em></strong></span> 
     </span>
     <span class='ocr_line' id='line_1_53' title="bbox 125 4879 1389 4957; baseline 0.006 -22"><span class='ocrx_word' id='word_1_544' title='bbox 125 4879 159 4936; x_wconf 88' lang='lat' dir='ltr'><strong><em>de</em></strong></span> <span class='ocrx_word' id='word_1_545' title='bbox 174 4884 348 4937; x_wconf 88' lang='lat' dir='ltr'><strong><em>necessitate</em></strong></span> <span class='ocrx_word' id='word_1_546' title='bbox 363 4881 445 4936; x_wconf 85' lang='lat' dir='ltr'><strong><em>Petri</em></strong></span> <span class='ocrx_word' id='word_1_547' title='bbox 464 4884 634 4938; x_wconf 89' lang='lat' dir='ltr'><strong><em>restituendi</em></strong></span> <span class='ocrx_word' id='word_1_548' title='bbox 652 4897 708 4953; x_wconf 90' lang='lat' dir='ltr'><strong><em>per</em></strong></span> <span class='ocrx_word' id='word_1_549' title='bbox 720 4886 857 4955; x_wconf 89' lang='lat' dir='ltr'><strong><em>poputum</em></strong></span> <span class='ocrx_word' id='word_1_550' title='bbox 872 4883 1104 4938; x_wconf 77' lang='lat' dir='ltr'><strong><em>Alcaaadrinum</em></strong></span> <span class='ocrx_word' id='word_1_551' title='bbox 1118 4886 1288 4955; x_wconf 89' lang='lat' dir='ltr'><strong><em>imperatori</em></strong></span> <span class='ocrx_word' id='word_1_552' title='bbox 1302 4886 1389 4957; x_wconf 86' lang='lat' dir='ltr'><strong><em>impo-</em></strong></span> 
     </span>
    </p>
   </div>
   <div class='ocr_carea' id='block_1_7' title="bbox 0 0 1610 5506">
    <p class='ocr_par' dir='ltr' id='par_1_7' title="bbox 0 0 1610 5506">
     <span class='ocr_line' id='line_1_54' title="bbox 0 0 1610 5506; baseline 0 0"><span class='ocrx_word' id='word_1_553' title='bbox 0 0 1610 5506; x_wconf 95' lang='lat' dir='ltr'><strong><em> </em></strong></span> 
     </span>
    </p>
   </div>
  </div>
 </body>
</html>
