3224 5506
597 347 768 394 sorssors
792 337 842 393 26.
1172 356 1173 360 ¹
1289 333 1352 397 399

109 501 258 584 quaeritur,
278 500 348 584 jam
366 500 488 584 judicio
511 522 577 565 non
599 503 668 564 erat
690 523 784 583 opus,
814 502 1023 583 posteaquam
1046 504 1079 565 et
1100 502 1217 566 litteris
1239 494 1353 590 suis‘w)
1367 528 1390 565 a.
1403 518 1460 566 495.

110 623 168 685 pse
189 602 342 667 confessus
370 606 434 687 est,
465 606 497 667 et
525 603 705 688 legitimum
724 602 882 685 judicium
904 606 1035 668 vocatus
1064 604 1152 668 adire
1174 606 1350 689 pertimuit.

109 702 133 767 ii
157 705 338 769 auctoritatis
359 707 485 806 pondus
508 705 691 789 inquiritur,
716 703 985 770 Calchedonensis
1012 707 1123 790 synodi
1148 711 1250 790 tenor,
1281 730 1352 772 cum

109 807 257 890 ipastolica
278 807 353 871 sede
376 809 592 891 consentiens,
617 810 649 870 et
671 807 756 869 illius
779 806 975 871 delinitionis
998 809 1158 873 exsecutio
1181 810 1349 893 reperitur,

109 909 196 995 [uo⁴¹)
216 909 357 973 damnati
380 909 448 974 illic
475 911 590 974 erroris
619 910 869 973 communicator
891 910 1043 995 feffectus,
1073 913 1214 995 praefixa
1236 913 1351 977 nihilo·

109 1013 191 1076 nians
210 1012 327 1076 ibidem
354 1013 517 1097 particeps
545 1012 760 1076 damnationis
789 1013 953 1096 apparuit:
987 1013 1138 1097 quoniam
1166 1015 1249 1078 idem
1282 1016 1351 1099 ipse

110 1136 189 1198 rtur,
215 1115 267 1200 qui
290 1115 385 1179 semel
410 1119 460 1179 est
483 1137 553 1180 cum
581 1137 638 1178 suo
666 1119 795 1179 auctore
817 1114 1003 1198 damnatus,
1039 1116 1073 1179 in
1096 1117 1254 1200 participe
1276 1140 1350 1202 quo·

109 1217 170 1280 ibet
195 1239 310 1300 pravae
343 1218 575 1282 communionis
609 1217 721 1281 affecto
753 1221 786 1282 ct
813 1218 1064 1281 exsecrationem
1096 1219 1144 1282 sui
1178 1222 1286 1302 gestat
1319 1223 1351 1283 et

109 1340 228 1406 oenam.
271 1318 344 1383 Hoc
365 1323 476 1384 tenore
499 1320 596 1384 etiam
618 1318 804 1383 Timotheus
827 1320 963 1383 Aelurus
998 1324 1092 1404 atque
1120 1322 1188 1404 ipse
1211 1322 1350 1386 Alexan·
1380 1319 1385 1330 '

109 1422 194 1485 rinus
220 1422 349 1506 Petrus,
383 1421 438 1506 qui
465 1422 638 1487 secundam
666 1426 751 1485 certe
779 1422 887 1486 sedem
903 1423 1181 1509 'quoquomodo⁴²)
1209 1425 1350 1487 tenuisse

109 1523 290 1608 idebantur,
324 1546 390 1589 non
418 1525 556 1608 repetita
583 1525 704 1608 synodo
732 1524 787 1587 sed
810 1524 1001 1588 acictoritate
1023 1527 1243 1589 tantummodo
1266 1526 1350 1590 sedis

109 1626 286 1710 postolicae,
309 1627 515 1711 ipsoquoque
531 1626 651 1691 Acacio
673 1626 858 1711 postulante
880 1627 930 1691 vel
946 1632 1149 1712 exsequente,
1173 1627 1351 1710 probantur
1448 1668 1452 1674 ·

109 1749 160 1792 ase
177 1729 327 1794 damnati.

171 1833 198 1896 5.
233 1830 377 1915 Nunc⁴³)
399 1835 507 1895 autem
529 1832 591 1915 ipsi
614 1831 760 1914 doceant,
793 1831 924 1896 Petrum
946 1832 1090 1916 legitime
1112 1832 1211 1896 fuisse
1232 1855 1350 1918 purga-

109 1955 160 1996 un
181 1939 210 1997 et
235 1935 276 1997 ab
303 1933 392 1997 omui
419 1933 652 1999 haereticorum
681 1934 872 2019 contagione
895 1934 956 1997 rite
984 1934 1171 2017 discretum,
1201 1957 1298 2018 quum
1321 1936 1354 1998 ei

109 2035 329 2100 immunicavit
345 2036 494 2118 Aeacius,
517 2036 545 2099 si
568 2037 636 2119 ejus
659 2035 960 2100 communicatorem
983 2040 1100 2121 putant
1116 2037 1269 2100 Acacium
1293 2037 1349 2101 ali·

109 2142 246 2232 natenus
260 2139 486 2221 excusandum.
523 2139 592 2203 Aut
613 2139 651 2220 si,
676 2139 758 2222 quod
781 2139 885 2223 magis
907 2143 956 2202 est
977 2160 1096 2222 verum,
1122 2139 1350 2203 convenienter

109 2244 184 2322 tque
211 2240 355 2325 legitime
382 2240 512 2304 Petrum
545 2240 680 2323 probare
709 2262 774 2304 non
803 2243 976 2324 potuerunt
1008 2241 1172 2324 expiatum
1205 2229 1350 2325 (propter

109 2340 175 2404 uod
192 2342 283 2406 etiam
305 2343 347 2407 ad
369 2342 564 2426 apostolicae
586 2341 669 2406 sedis
688 2342 845 2424 judicium
861 2342 999 2407 Aeacius
1022 2342 1072 2406 vel
1095 2343 1203 2406 venire
1226 2344 1276 2407 vel
1297 2344 1349 2406 de-

109 2444 207 2508 tinere
222 2467 291 2510 vnon
313 2466 408 2508 ausus
432 2445 510 2530 est);
531 2447 642 2526 restat,
666 2447 703 2508 ut
724 2445 840 2531 ejus⁴⁴)
864 2444 1080 2528 inexpiatione
1102 2445 1211 2528 fuerit,
1240 2454 1272 2509 et
1294 2446 1349 2530 qui

109 2546 128 2608 i
154 2546 392 2630 communicavit,
415 2546 565 2610 iniectus.
610 2545 684 2610 Non
706 2547 892 2630 reticemus,
926 2547 1009 2631 quod
1037 2550 1153 2610 cuncta
1181 2569 1238 2631 per
1259 2570 1350 2611 nsun-

109 2647 173 2710 lum
194 2649 276 2713 novit
302 2648 466 2732 Ecclesia,
500 2649 650 2732 quoniam
677 2639 891 2733 quorumlibet
919 2648 1087 2712 sententiis
1115 2637 1217 2733 ligata
1245 2650 1350 2734 ponti-

109 2748 190 2811 iicum
211 2750 295 2815 sedes
318 2751 404 2816 beati
426 2750 514 2815 Petri
537 2751 672 2834 apostoli
696 2750 750 2833 jus
772 2750 891 2815 habeat
913 2751 1107 2830 resolvendi,
1136 2753 1247 2833 utpote
1269 2773 1350 2835 quae

113 2848 227 2916 decim
239 2853 383 2918 Ecclesia
404 2852 454 2918 fas
476 2852 595 2917 habeat
613 2852 790 2936 judicandi,
814 2874 917 2936 neque
941 2853 1088 2936 cuiquam
1111 2852 1149 2915 de
1172 2853 1240 2935 ejus
1255 2853 1351 2917 liceat

119 2949 228 3030 iudiare
243 2955 380 3040 judici03
402 2955 558 3039 siquidem
579 2955 620 3018 ad
642 2954 731 3018 illam
754 2953 791 3017 de
814 2953 956 3038 qualibet
977 2954 1088 3018 mundi
1104 2958 1195 3038 parte
1211 2975 1349 3018 canones

129 3054 244 3136 appleri
263 3057 433 3140 voluerint,
457 3057 498 3121 ab
519 3057 576 3120 illa
598 3051 704 3121 autem
718 3077 812 3121 nemo
828 3056 870 3121 sit
886 3057 1047 3140 appellare
1061 3057 1244 3140 permissus.
1267 3055 1349 3131 Qua-

176 3306 200 3377 ”l
214 3311 306 3376 Quibus
322 3312 453 3370 videlicet
469 3312 546 3369 Petri
568 3312 789 3370 communionem
811 3329 840 3368 se
863 3310 1013 3383 suscepisse
1032 3328 1094 3367 cum
1112 3311 1203 3381 elogio
1226 3310 1286 3381 ejus
1309 3327 1349 3366 re-

135 3390 243 3450 nuncet.
275 3399 338 3455 Mas.
358 3399 492 3455 brevioris
510 3400 616 3455 formae
634 3400 707 3454 hunc
723 3401 815 3453 locum
832 3398 874 3452 ita
890 3397 1008 3452 habent:
1031 3409 1165 3467 postquam
1187 3403 1350 3451 decertemus

135 3472 171 3536 ipo
182 3486 290 3548 enniana
311 3496 359 3540 eet,
390 3488 420 3540 Si
436 3492 605 3540 auctoritatis.
640 3483 938 3580 Similiter'sequentia
957 3483 1137 3549 contrahunt,
1161 3499 1234 3550 quae
1252 3498 1285 3536 ex
1303 3500 1349 3535 au-

136 3555 224 3620 cioritate
238 3568 269 3624 (1Ι
281 3569 313 3635 0¹
331 3571 507 3641 praebemus.

179 3663 203 3731 ⁴¹l
216 3667 251 3724 lta
266 3670 298 3726 θ’
312 3671 360 3738 0¹3
379 3672 449 3728 editi
466 3677 596 3741 reperitur
612 3678 780 3727 condemnati.

137 3833 141 3845 ,
179 3762 203 3831 ⁴²l
215 3767 274 3826 Illud
294 3793 393 3844 qaoque
410 3778 496 3834 moda,
520 3773 596 3841 quod
616 3773 645 3826 in
667 3773 757 3843 primo
775 3772 924 3843 specimine
947 3773 1056 3838 deerat,
1080 3773 1205 3847 consulto
1224 3772 1350 3828 Gelasius

136 3839 206 3902 ”Ab
218 3858 323 3912 ecardo
341 3858 463 3924 addidit,
485 3875 520 3912 ne
538 3857 716 3913 Timotheum
734 3860 763 3912 et
779 3858 907 3924 Petrum,
932 3857 992 3925 qui,
1016 3857 1141 3926 quamvis
1164 3858 1290 3912 damnati
1310 3859 1350 3910 in-

137 3938 191 4020 miti
204 3938 226 3989 tl
237 3943 372 4009 parricidii
389 3944 441 4010 rei,
463 3943 492 3996 in
510 3943 725 3997 Alexandrinam
743 3942 837 3996 sedem
854 3929 1026 4008 invaserant,
1049 3941 1191 4011 legitimos
1208 3942 1290 4012 hujus
1309 3959 1350 3995 ec-

138 4005 205 4070 *le
217 4028 344 4103 praesules
362 4045 475 4083 censere
493 4028 642 4082 videretur.
678 4027 743 4081 Mox
760 4028 834 4097 vulg.
853 4030 979 4096 probatur
997 4046 1053 4081 esce
1071 4034 1213 4082 damnatae.

182 4116 255 4186 “lli¹²
267 4133 296 4182 0¹
309 4128 389 4193 0²0¹
403 4128 439 4194 Q’
456 4129 501 4184 hic
521 4129 717 4200 praemittunt:
746 4131 843 4193 Quodsi·
862 4138 944 4183 atram
961 4135 1048 4184 errori
1069 4135 1108 4182 vel
1134 4132 1352 4196 praevaricationi

139 4188 201 4263 (0¹0³
212 4216 398 4282 praedicaturae)
416 4221 604 4269 communicarit
626 4214 684 4283 (11¹²
696 4214 731 4268 0²
753 4215 950 4282 communicarit)
970 4217 1094 4279 Acamas,
1115 4217 1228 4277 forsitan
1250 4217 1351 4265 dicatur

139 4293 239 4347 imatus
252 4310 377 4363 mactare,
403 4302 514 4354 breviter
534 4303 685 4368 praebemus
701 4305 737 4353 ad
753 4305 803 4353 iata
824 4317 980 4367 responsam.
1014 4302 1068 4351 Aut
1084 4302 1148 4350 enim
1170 4301 1222 4364 ipat
1242 4302 1350 4351 doceant

140 4372 171 4417 ‘t‘
183 4383 214 4424 Μ
227 4385 341 4453 deinceps.
372 4383 452 4449 Quod
470 4383 692 4439 additamentum
710 4400 744 4438 ex
760 4382 893 4453 primario
911 4382 1038 4452 exemplo
1055 4379 1206 4450 repetitum
1222 4379 1350 4434 secundis

140 4443 210 4546 illl&
223 4467 280 4522 tans
294 4470 370 4525 reate
388 4469 556 4538 castigatum
573 4471 658 4540 atque
676 4486 854 4538 suppressum
871 4468 921 4522 est.
951 4466 1058 4522 Deinde
1071 4467 1104 4520 0¹
1118 4465 1153 4519 0·
1170 4472 1193 4519 a·
1210 4476 1236 4519 ut
1254 4464 1299 4533 (D¹
1313 4463 1350 4518 Ν8

139 4539 191 4604 ⁸⁰¹³)
202 4557 262 4617 Maia
276 4566 312 4608 est
328 4574 412 4609 ceram
486 4573 536 4608 noa
553 4559 729 4624 probaverint,
749 4552 781 4618 Ψ
800 4563 928 4622 poterant.

186 4639 210 4709 ⁴¹)
222 4644 248 4700 u
260 4653 287 4719 Q*
300 4656 335 4721 ρ’
351 4663 378 4711 in
394 4661 453 4724 qm
470 4661 633 4726 expansae,
652 4656 679 4709 d*
698 4661 851 4724 impiatione.
887 4651 1052 4709 eoneinnius
1070 4651 1104 4708 ps
1116 4652 1157 4708 re
1170 4652 1204 4709 (ν
1218 4652 1256 4710 N³
1268 4654 1301 4709 0¹
1315 4654 1350 4711 0²

140 4710 215 4813 *55¹¹
227 4736 397 4810 despectione,
415 4741 469 4796 hoc
485 4743 539 4796 est:
563 4739 721 4813 expiatione
740 4740 798 4810 ejus
821 4739 973 4794 deficiente.
1001 4738 1132 4809 Alioquin
1150 4757 1212 4794 cum
1229 4741 1350 4811 vulgatis

141 4803 271 4879 mntem
284 4827 325 4883 eet
339 4838 368 4881 at
384 4832 410 4881 in
427 4832 732 4895 ejmvccnaaanicaticae.
760 4826 824 4880 Mox
843 4824 875 4889 Q¹
897 4829 951 4878 Nec
966 4823 1043 4893 plane
1061 4836 1170 4880 tacemus
1236 4831 1351 4882 solvendi
1377 4863 1381 4870 ·

141 4895 205 4954 '¹²⁰¹‘
218 4919 267 5000 aa
280 4911 359 4980 (πύε-
380 4916 466 4982 qaa).
988 4920 992 4925 '
