<?xml version="1.0" encoding="UTF-8"?>
<!DOCTYPE html PUBLIC "-//W3C//DTD XHTML 1.0 Transitional//EN"
    "http://www.w3.org/TR/xhtml1/DTD/xhtml1-transitional.dtd">
<html xmlns="http://www.w3.org/1999/xhtml" xml:lang="en" lang="en">
 <head>
  <title>
</title>
<meta http-equiv="Content-Type" content="text/html;charset=utf-8" />
  <meta name='ocr-system' content='tesseract 3.04.00' />
  <meta name='ocr-capabilities' content='ocr_page ocr_carea ocr_par ocr_line ocrx_word'/>
</head>
<body>
  <div class='ocr_page' id='page_1' title='image "./epistolaeromano00thiegoog/epistolaeromano00thiegoog_0073.png"; bbox 0 0 3204 5506; ppageno 0'>
   <div class='ocr_carea' id='block_1_1' title="bbox 181 314 1076 380">
    <p class='ocr_par' dir='ltr' id='par_1_1' title="bbox 181 314 1076 380">
     <span class='ocr_line' id='line_1_1' title="bbox 181 314 1076 380; baseline -0.002 0"><span class='ocrx_word' id='word_1_1' title='bbox 181 314 224 380; x_wconf 82' lang='lat'><strong>24</strong></span> <span class='ocrx_word' id='word_1_2' title='bbox 546 331 679 379; x_wconf 82' lang='lat' dir='ltr'><strong>ueniri</strong></span> <span class='ocrx_word' id='word_1_3' title='bbox 703 329 853 378; x_wconf 82' lang='lat' dir='ltr'><strong>ranerii</strong></span> <span class='ocrx_word' id='word_1_4' title='bbox 878 331 914 376; x_wconf 83' lang='lat' dir='ltr'><strong>is</strong></span> <span class='ocrx_word' id='word_1_5' title='bbox 937 330 1076 379; x_wconf 79' lang='lat' dir='ltr'><strong>canisii</strong></span> 
     </span>
    </p>
   </div>
   <div class='ocr_carea' id='block_1_2' title="bbox 182 491 1458 1759">
    <p class='ocr_par' dir='ltr' id='par_1_2' title="bbox 182 491 1458 1759">
     <span class='ocr_line' id='line_1_2' title="bbox 183 491 1446 570; baseline 0.002 -20"><span class='ocrx_word' id='word_1_6' title='bbox 183 495 266 550; x_wconf 88' lang='lat' dir='ltr'><strong>luisse</strong></span> <span class='ocrx_word' id='word_1_7' title='bbox 292 493 406 550; x_wconf 89' lang='lat' dir='ltr'><strong>videtur.</strong></span> <span class='ocrx_word' id='word_1_8' title='bbox 449 493 487 548; x_wconf 91' lang='lat' dir='ltr'><strong>lta</strong></span> <span class='ocrx_word' id='word_1_9' title='bbox 508 492 617 567; x_wconf 90' lang='lat' dir='ltr'><strong>quidem</strong></span> <span class='ocrx_word' id='word_1_10' title='bbox 638 492 738 548; x_wconf 87' lang='lat' dir='ltr'><strong>iactum</strong></span> <span class='ocrx_word' id='word_1_11' title='bbox 759 500 814 556; x_wconf 91' lang='lat' dir='ltr'><strong>est,</strong></span> <span class='ocrx_word' id='word_1_12' title='bbox 839 500 868 548; x_wconf 89' lang='lat' dir='ltr'><strong>ut</strong></span> <span class='ocrx_word' id='word_1_13' title='bbox 888 491 992 566; x_wconf 78' lang='lat' dir='ltr'>aliquae</span> <span class='ocrx_word' id='word_1_14' title='bbox 1014 492 1152 567; x_wconf 89' lang='lat' dir='ltr'><strong>epistolae,</strong></span> <span class='ocrx_word' id='word_1_15' title='bbox 1175 510 1243 567; x_wconf 93' lang='lat' dir='ltr'><strong>quae</strong></span> <span class='ocrx_word' id='word_1_16' title='bbox 1264 496 1292 550; x_wconf 90' lang='lat' dir='ltr'><strong>in</strong></span> <span class='ocrx_word' id='word_1_17' title='bbox 1306 495 1446 570; x_wconf 89' lang='lat' dir='ltr'><strong>plerisque</strong></span> 
     </span>
     <span class='ocr_line' id='line_1_3' title="bbox 182 576 1447 653; baseline 0.001 -17"><span class='ocrx_word' id='word_1_18' title='bbox 182 579 319 637; x_wconf 79' lang='lat' dir='ltr'><strong>codicibus</strong></span> <span class='ocrx_word' id='word_1_19' title='bbox 332 577 412 636; x_wconf 78' lang='lat' dir='ltr'><strong>l&#39;elici</strong></span> <span class='ocrx_word' id='word_1_20' title='bbox 427 576 619 641; x_wconf 90' lang='lat' dir='ltr'><strong>inscribuntur,</strong></span> <span class='ocrx_word' id='word_1_21' title='bbox 634 579 662 634; x_wconf 95' lang='lat' dir='ltr'><strong>in</strong></span> <span class='ocrx_word' id='word_1_22' title='bbox 678 577 836 653; x_wconf 89' lang='lat' dir='ltr'><strong>quibusdam</strong></span> <span class='ocrx_word' id='word_1_23' title='bbox 852 578 1047 634; x_wconf 89' lang='lat' dir='ltr'><strong>sincerissimae</strong></span> <span class='ocrx_word' id='word_1_24' title='bbox 1064 577 1125 634; x_wconf 86' lang='lat' dir='ltr'><strong>fidei</strong></span> <span class='ocrx_word' id='word_1_25' title='bbox 1141 579 1336 653; x_wconf 79' lang='lat' dir='ltr'><strong>exemplaribus</strong></span> <span class='ocrx_word' id='word_1_26' title='bbox 1349 581 1447 637; x_wconf 83' lang='lat' dir='ltr'><strong>Gelasii</strong></span> 
     </span>
     <span class='ocr_line' id='line_1_4' title="bbox 183 658 1448 740; baseline -0.001 -17"><span class='ocrx_word' id='word_1_27' title='bbox 183 666 292 723; x_wconf 89' lang='lat' dir='ltr'><strong>nomine</strong></span> <span class='ocrx_word' id='word_1_28' title='bbox 300 658 321 737; x_wconf 90' lang='lat'><strong>¹)</strong></span> <span class='ocrx_word' id='word_1_29' title='bbox 342 665 532 740; x_wconf 82' lang='lat' dir='ltr'><strong>insigniantur,</strong></span> <span class='ocrx_word' id='word_1_30' title='bbox 555 663 620 719; x_wconf 89' lang='lat' dir='ltr'><strong>aliae</strong></span> <span class='ocrx_word' id='word_1_31' title='bbox 641 680 709 737; x_wconf 89' lang='lat' dir='ltr'><strong>quae</strong></span> <span class='ocrx_word' id='word_1_32' title='bbox 730 665 772 719; x_wconf 83' lang='lat' dir='ltr'><strong>vir</strong></span> <span class='ocrx_word' id='word_1_33' title='bbox 794 665 882 719; x_wconf 89' lang='lat' dir='ltr'><strong>minus</strong></span> <span class='ocrx_word' id='word_1_34' title='bbox 902 662 974 719; x_wconf 90' lang='lat' dir='ltr'><strong>illius</strong></span> <span class='ocrx_word' id='word_1_35' title='bbox 994 662 1044 719; x_wconf 91' lang='lat' dir='ltr'><strong>sibi</strong></span> <span class='ocrx_word' id='word_1_36' title='bbox 1061 672 1176 720; x_wconf 89' lang='lat' dir='ltr'><strong>aetatem</strong></span> <span class='ocrx_word' id='word_1_37' title='bbox 1190 665 1338 738; x_wconf 90' lang='lat' dir='ltr'><strong>postulant,</strong></span> <span class='ocrx_word' id='word_1_38' title='bbox 1362 667 1448 723; x_wconf 86' lang='lat' dir='ltr'><strong>nihilo</strong></span> 
     </span>
     <span class='ocr_line' id='line_1_5' title="bbox 183 741 1450 826; baseline 0 -19"><span class='ocrx_word' id='word_1_39' title='bbox 183 752 272 807; x_wconf 88' lang='lat' dir='ltr'><strong>secius</strong></span> <span class='ocrx_word' id='word_1_40' title='bbox 286 750 313 812; x_wconf 89' lang='lat' dir='ltr'><strong>in</strong></span> <span class='ocrx_word' id='word_1_41' title='bbox 330 748 453 805; x_wconf 90' lang='lat' dir='ltr'><strong>omnibus</strong></span> <span class='ocrx_word' id='word_1_42' title='bbox 470 749 656 823; x_wconf 81' lang='lat' dir='ltr'><strong>manuscriptis</strong></span> <span class='ocrx_word' id='word_1_43' title='bbox 673 748 769 804; x_wconf 87' lang='lat' dir='ltr'><strong>Gelasii</strong></span> <span class='ocrx_word' id='word_1_44' title='bbox 790 765 888 807; x_wconf 89' lang='lat' dir='ltr'><strong>nomen</strong></span> <span class='ocrx_word' id='word_1_45' title='bbox 909 765 973 823; x_wconf 91' lang='lat' dir='ltr'><strong>prae</strong></span> <span class='ocrx_word' id='word_1_46' title='bbox 993 741 1053 822; x_wconf 80' lang='lat' dir='ltr'><strong>se²)</strong></span> <span class='ocrx_word' id='word_1_47' title='bbox 1074 749 1169 805; x_wconf 87' lang='lat' dir='ltr'><strong>ierant.</strong></span> <span class='ocrx_word' id='word_1_48' title='bbox 1205 748 1341 821; x_wconf 84' lang='lat' dir='ltr'><strong>Ejusmodi</strong></span> <span class='ocrx_word' id='word_1_49' title='bbox 1364 753 1450 826; x_wconf 81' lang='lat' dir='ltr'><strong>igitur</strong></span> 
     </span>
     <span class='ocr_line' id='line_1_6' title="bbox 184 832 1450 910; baseline 0 -18"><span class='ocrx_word' id='word_1_50' title='bbox 184 836 237 892; x_wconf 89' lang='lat' dir='ltr'><strong>hoc</strong></span> <span class='ocrx_word' id='word_1_51' title='bbox 252 851 361 909; x_wconf 88' lang='lat' dir='ltr'><strong>quoque</strong></span> <span class='ocrx_word' id='word_1_52' title='bbox 376 834 535 909; x_wconf 84' lang='lat' dir='ltr'><strong>opusculum</strong></span> <span class='ocrx_word' id='word_1_53' title='bbox 551 850 610 890; x_wconf 89' lang='lat' dir='ltr'><strong>esse</strong></span> <span class='ocrx_word' id='word_1_54' title='bbox 625 835 782 907; x_wconf 89' lang='lat' dir='ltr'><strong>putaverim,</strong></span> <span class='ocrx_word' id='word_1_55' title='bbox 800 832 872 907; x_wconf 90' lang='lat' dir='ltr'><strong>quod</strong></span> <span class='ocrx_word' id='word_1_56' title='bbox 888 832 1010 890; x_wconf 89' lang='lat' dir='ltr'><strong>codicum</strong></span> <span class='ocrx_word' id='word_1_57' title='bbox 1022 835 1166 890; x_wconf 90' lang='lat' dir='ltr'><strong>auctoritas</strong></span> <span class='ocrx_word' id='word_1_58' title='bbox 1183 843 1210 891; x_wconf 90' lang='lat' dir='ltr'><strong>et</strong></span> <span class='ocrx_word' id='word_1_59' title='bbox 1225 834 1280 890; x_wconf 93' lang='lat' dir='ltr'><strong>stili</strong></span> <span class='ocrx_word' id='word_1_60' title='bbox 1296 838 1450 910; x_wconf 78' lang='lat' dir='ltr'><strong>proprietas</strong></span> 
     </span>
     <span class='ocr_line' id='line_1_7' title="bbox 185 917 1451 996; baseline 0.001 -20"><span class='ocrx_word' id='word_1_61' title='bbox 185 920 300 982; x_wconf 77' lang='lat' dir='ltr'><strong>Gelasio,</strong></span> <span class='ocrx_word' id='word_1_62' title='bbox 331 928 436 994; x_wconf 91' lang='lat' dir='ltr'><strong>tempus</strong></span> <span class='ocrx_word' id='word_1_63' title='bbox 459 927 487 976; x_wconf 89' lang='lat' dir='ltr'><strong>et</strong></span> <span class='ocrx_word' id='word_1_64' title='bbox 507 921 585 981; x_wconf 90' lang='lat' dir='ltr'><strong>ratio,</strong></span> <span class='ocrx_word' id='word_1_65' title='bbox 608 936 662 993; x_wconf 92' lang='lat' dir='ltr'><strong>quo</strong></span> <span class='ocrx_word' id='word_1_66' title='bbox 683 920 827 993; x_wconf 91' lang='lat' dir='ltr'><strong>scriptum,</strong></span> <span class='ocrx_word' id='word_1_67' title='bbox 858 917 939 974; x_wconf 82' lang='lat' dir='ltr'><strong>Felici</strong></span> <span class='ocrx_word' id='word_1_68' title='bbox 954 919 1078 975; x_wconf 87' lang='lat' dir='ltr'><strong>vindieat.</strong></span> <span class='ocrx_word' id='word_1_69' title='bbox 1123 919 1163 974; x_wconf 84' lang='lat' dir='ltr'><strong>nh</strong></span> <span class='ocrx_word' id='word_1_70' title='bbox 1194 920 1240 976; x_wconf 90' lang='lat' dir='ltr'><strong>ille</strong></span> <span class='ocrx_word' id='word_1_71' title='bbox 1271 938 1337 996; x_wconf 80' lang='lat' dir='ltr'><strong>ergo</strong></span> <span class='ocrx_word' id='word_1_72' title='bbox 1369 922 1451 993; x_wconf 86' lang='lat' dir='ltr'><strong>liujus</strong></span> 
     </span>
     <span class='ocr_line' id='line_1_8' title="bbox 186 1002 1452 1078; baseline 0 -16"><span class='ocrx_word' id='word_1_73' title='bbox 186 1007 294 1062; x_wconf 90' lang='lat' dir='ltr'><strong>nomino</strong></span> <span class='ocrx_word' id='word_1_74' title='bbox 311 1021 381 1061; x_wconf 91' lang='lat' dir='ltr'><strong>anno</strong></span> <span class='ocrx_word' id='word_1_75' title='bbox 397 1004 459 1062; x_wconf 87' lang='grc'><strong>488</strong></span> <span class='ocrx_word' id='word_1_76' title='bbox 475 1013 521 1060; x_wconf 90' lang='lat' dir='ltr'><strong>aut</strong></span> <span class='ocrx_word' id='word_1_77' title='bbox 535 1005 612 1061; x_wconf 91' lang='lat' dir='ltr'><strong>initio</strong></span> <span class='ocrx_word' id='word_1_78' title='bbox 628 1005 690 1059; x_wconf 92' lang='lat' dir='ltr'><strong>anni</strong></span> <span class='ocrx_word' id='word_1_79' title='bbox 704 1003 765 1062; x_wconf 88' lang='grc'><strong>489</strong></span> <span class='ocrx_word' id='word_1_80' title='bbox 781 1002 947 1060; x_wconf 89' lang='lat' dir='ltr'><strong>elaboratum</strong></span> <span class='ocrx_word' id='word_1_81' title='bbox 964 1004 1132 1067; x_wconf 88' lang='lat' dir='ltr'><strong>crediderim,</strong></span> <span class='ocrx_word' id='word_1_82' title='bbox 1150 1022 1204 1078; x_wconf 95' lang='lat' dir='ltr'><strong>quo</strong></span> <span class='ocrx_word' id='word_1_83' title='bbox 1221 1008 1347 1062; x_wconf 80' lang='lat' dir='ltr'><strong>versutiis</strong></span> <span class='ocrx_word' id='word_1_84' title='bbox 1362 1014 1390 1062; x_wconf 89' lang='lat' dir='ltr'><strong>et</strong></span> <span class='ocrx_word' id='word_1_85' title='bbox 1408 1025 1452 1062; x_wconf 86' lang='lat' dir='ltr'><strong>va·</strong></span> 
     </span>
     <span class='ocr_line' id='line_1_9' title="bbox 186 1082 1454 1161; baseline 0.001 -14"><span class='ocrx_word' id='word_1_86' title='bbox 186 1092 231 1147; x_wconf 90' lang='lat' dir='ltr'><strong>riis</strong></span> <span class='ocrx_word' id='word_1_87' title='bbox 247 1088 443 1160; x_wconf 88' lang='lat' dir='ltr'><strong>objectionibus</strong></span> <span class='ocrx_word' id='word_1_88' title='bbox 459 1089 628 1146; x_wconf 89' lang='lat' dir='ltr'><strong>orientalium</strong></span> <span class='ocrx_word' id='word_1_89' title='bbox 643 1082 906 1161; x_wconf 65' lang='lat' dir='ltr'><strong>schismaticorumil</strong></span> <span class='ocrx_word' id='word_1_90' title='bbox 921 1087 1084 1146; x_wconf 78' lang='lat' dir='ltr'><strong>obviaretur.</strong></span> <span class='ocrx_word' id='word_1_91' title='bbox 1111 1088 1237 1146; x_wconf 75' lang='lat' dir='ltr'><strong>Fortasse</strong></span> <span class='ocrx_word' id='word_1_92' title='bbox 1253 1099 1342 1147; x_wconf 89' lang='lat' dir='ltr'><strong>autem</strong></span> <span class='ocrx_word' id='word_1_93' title='bbox 1358 1093 1385 1147; x_wconf 95' lang='lat' dir='ltr'><strong>in</strong></span> <span class='ocrx_word' id='word_1_94' title='bbox 1402 1093 1454 1148; x_wconf 85' lang='lat' dir='ltr'><strong>liae</strong></span> 
     </span>
     <span class='ocr_line' id='line_1_10' title="bbox 186 1173 1455 1250; baseline 0.002 -19"><span class='ocrx_word' id='word_1_95' title='bbox 186 1176 272 1232; x_wconf 88' lang='lat' dir='ltr'><strong>iorma</strong></span> <span class='ocrx_word' id='word_1_96' title='bbox 287 1192 320 1231; x_wconf 89' lang='lat' dir='ltr'><strong>ne</strong></span> <span class='ocrx_word' id='word_1_97' title='bbox 335 1177 362 1230; x_wconf 94' lang='lat' dir='ltr'><strong>in</strong></span> <span class='ocrx_word' id='word_1_98' title='bbox 378 1175 466 1231; x_wconf 88' lang='lat' dir='ltr'><strong>lucem</strong></span> <span class='ocrx_word' id='word_1_99' title='bbox 481 1174 589 1249; x_wconf 91' lang='lat' dir='ltr'><strong>quidem</strong></span> <span class='ocrx_word' id='word_1_100' title='bbox 605 1176 741 1237; x_wconf 91' lang='lat' dir='ltr'><strong>emissum,</strong></span> <span class='ocrx_word' id='word_1_101' title='bbox 762 1190 846 1248; x_wconf 91' lang='lat' dir='ltr'><strong>quum</strong></span> <span class='ocrx_word' id='word_1_102' title='bbox 864 1190 925 1229; x_wconf 87' lang='lat' dir='ltr'><strong>moi</strong></span> <span class='ocrx_word' id='word_1_103' title='bbox 941 1173 973 1229; x_wconf 92' lang='lat' dir='ltr'><strong>ab</strong></span> <span class='ocrx_word' id='word_1_104' title='bbox 990 1183 1100 1232; x_wconf 89' lang='lat' dir='ltr'><strong>auctore</strong></span> <span class='ocrx_word' id='word_1_105' title='bbox 1115 1177 1287 1233; x_wconf 88' lang='lat' dir='ltr'><strong>successione</strong></span> <span class='ocrx_word' id='word_1_106' title='bbox 1302 1178 1455 1250; x_wconf 87' lang='lat' dir='ltr'><strong>apostoliea</strong></span> 
     </span>
     <span class='ocr_line' id='line_1_11' title="bbox 186 1259 1454 1335; baseline -0.001 -18"><span class='ocrx_word' id='word_1_107' title='bbox 186 1261 316 1334; x_wconf 80' lang='lat' dir='ltr'><strong>insignito</strong></span> <span class='ocrx_word' id='word_1_108' title='bbox 338 1259 407 1316; x_wconf 88' lang='lat' dir='ltr'><strong>idem</strong></span> <span class='ocrx_word' id='word_1_109' title='bbox 428 1267 616 1334; x_wconf 72' lang='lat' dir='ltr'><strong>argumentum</strong></span> <span class='ocrx_word' id='word_1_110' title='bbox 637 1261 748 1333; x_wconf 90' lang='lat' dir='ltr'><strong>proprio</strong></span> <span class='ocrx_word' id='word_1_111' title='bbox 769 1260 878 1316; x_wconf 83' lang='lat' dir='ltr'><strong>nornine</strong></span> <span class='ocrx_word' id='word_1_112' title='bbox 899 1259 1046 1315; x_wconf 87' lang='lat' dir='ltr'><strong>identidem</strong></span> <span class='ocrx_word' id='word_1_113' title='bbox 1061 1260 1280 1335; x_wconf 88' lang='lat' dir='ltr'><strong>pertractandum</strong></span> <span class='ocrx_word' id='word_1_114' title='bbox 1295 1271 1377 1318; x_wconf 91' lang='lat' dir='ltr'><strong>esset.</strong></span> <span class='ocrx_word' id='word_1_115' title='bbox 1414 1262 1454 1316; x_wconf 90' lang='lat' dir='ltr'><strong>lta</strong></span> 
     </span>
     <span class='ocr_line' id='line_1_12' title="bbox 187 1344 1454 1421; baseline 0.001 -20"><span class='ocrx_word' id='word_1_116' title='bbox 187 1345 295 1421; x_wconf 92' lang='lat' dir='ltr'><strong>quidem</strong></span> <span class='ocrx_word' id='word_1_117' title='bbox 316 1362 399 1420; x_wconf 92' lang='lat' dir='ltr'><strong>quum</strong></span> <span class='ocrx_word' id='word_1_118' title='bbox 419 1347 505 1420; x_wconf 82' lang='lat' dir='ltr'><strong>magis</strong></span> <span class='ocrx_word' id='word_1_119' title='bbox 526 1344 626 1401; x_wconf 90' lang='lat' dir='ltr'><strong>librarii</strong></span> <span class='ocrx_word' id='word_1_120' title='bbox 648 1360 699 1418; x_wconf 91' lang='lat' dir='ltr'><strong>ope</strong></span> <span class='ocrx_word' id='word_1_121' title='bbox 720 1362 752 1401; x_wconf 80' lang='lat' dir='ltr'><strong>er</strong></span> <span class='ocrx_word' id='word_1_122' title='bbox 773 1344 880 1400; x_wconf 85' lang='lat' dir='ltr'><strong>schedis</strong></span> <span class='ocrx_word' id='word_1_123' title='bbox 901 1344 1042 1401; x_wconf 86' lang='lat' dir='ltr'><strong>clarissimi</strong></span> <span class='ocrx_word' id='word_1_124' title='bbox 1062 1344 1197 1420; x_wconf 87' lang='lat' dir='ltr'><strong>pontificis</strong></span> <span class='ocrx_word' id='word_1_125' title='bbox 1214 1346 1345 1420; x_wconf 89' lang='lat' dir='ltr'><strong>prodiret,</strong></span> <span class='ocrx_word' id='word_1_126' title='bbox 1371 1349 1454 1402; x_wconf 89' lang='lat' dir='ltr'><strong>ctiam</strong></span> 
     </span>
     <span class='ocr_line' id='line_1_13' title="bbox 188 1428 1456 1511; baseline -0.002 -23"><span class='ocrx_word' id='word_1_127' title='bbox 188 1433 274 1488; x_wconf 88' lang='lat' dir='ltr'><strong>iorma</strong></span> <span class='ocrx_word' id='word_1_128' title='bbox 288 1432 340 1487; x_wconf 90' lang='lat' dir='ltr'><strong>ista</strong></span> <span class='ocrx_word' id='word_1_129' title='bbox 355 1447 447 1487; x_wconf 88' lang='lat' dir='ltr'><strong>manea</strong></span> <span class='ocrx_word' id='word_1_130' title='bbox 461 1438 488 1487; x_wconf 93' lang='lat' dir='ltr'><strong>et</strong></span> <span class='ocrx_word' id='word_1_131' title='bbox 503 1430 592 1486; x_wconf 82' lang='lat' dir='ltr'><strong>luxata</strong></span> <span class='ocrx_word' id='word_1_132' title='bbox 607 1430 672 1485; x_wconf 87' lang='lat' dir='ltr'><strong>satis</strong></span> <span class='ocrx_word' id='word_1_133' title='bbox 687 1428 848 1485; x_wconf 89' lang='lat' dir='ltr'><strong>declaratur.</strong></span> <span class='ocrx_word' id='word_1_134' title='bbox 877 1428 1041 1503; x_wconf 80' lang='lat' dir='ltr'><strong>Quamquam</strong></span> <span class='ocrx_word' id='word_1_135' title='bbox 1057 1432 1173 1487; x_wconf 81' lang='lat' dir='ltr'><strong>tortasse</strong></span> <span class='ocrx_word' id='word_1_136' title='bbox 1189 1431 1221 1486; x_wconf 89' lang='lat' dir='ltr'><strong>ad</strong></span> <span class='ocrx_word' id='word_1_137' title='bbox 1237 1431 1307 1487; x_wconf 91' lang='lat' dir='ltr'><strong>idem</strong></span> <span class='ocrx_word' id='word_1_138' title='bbox 1321 1433 1373 1489; x_wconf 90' lang='lat' dir='ltr'><strong>boe</strong></span> <span class='ocrx_word' id='word_1_139' title='bbox 1384 1449 1456 1511; x_wconf 91' lang='lat' dir='ltr'><strong>opu·</strong></span> 
     </span>
     <span class='ocr_line' id='line_1_14' title="bbox 188 1513 1458 1589; baseline 0.002 -17"><span class='ocrx_word' id='word_1_140' title='bbox 188 1515 293 1572; x_wconf 90' lang='lat' dir='ltr'><strong>sculum</strong></span> <span class='ocrx_word' id='word_1_141' title='bbox 309 1515 429 1572; x_wconf 86' lang='lat' dir='ltr'><strong>Gelasius</strong></span> <span class='ocrx_word' id='word_1_142' title='bbox 446 1515 559 1589; x_wconf 86' lang='lat' dir='ltr'><strong>epistola</strong></span> <span class='ocrx_word' id='word_1_143' title='bbox 576 1513 614 1571; x_wconf 76' lang='lat'><strong>27</strong></span> <span class='ocrx_word' id='word_1_144' title='bbox 638 1532 665 1570; x_wconf 92' lang='lat' dir='ltr'><strong>n.</strong></span> <span class='ocrx_word' id='word_1_145' title='bbox 684 1514 701 1569; x_wconf 80' lang='lat'><strong>2</strong></span> <span class='ocrx_word' id='word_1_146' title='bbox 718 1516 851 1588; x_wconf 87' lang='lat' dir='ltr'><strong>respicere</strong></span> <span class='ocrx_word' id='word_1_147' title='bbox 867 1514 981 1577; x_wconf 87' lang='lat' dir='ltr'><strong>videtur,</strong></span> <span class='ocrx_word' id='word_1_148' title='bbox 997 1515 1118 1572; x_wconf 88' lang='lat' dir='ltr'><strong>scribens</strong></span> <span class='ocrx_word' id='word_1_149' title='bbox 1134 1516 1166 1572; x_wconf 91' lang='lat' dir='ltr'><strong>ad</strong></span> <span class='ocrx_word' id='word_1_150' title='bbox 1183 1516 1340 1573; x_wconf 84' lang='lat' dir='ltr'><strong>orientales:</strong></span> <span class='ocrx_word' id='word_1_151' title='bbox 1357 1523 1383 1574; x_wconf 86' lang='lat' dir='ltr'><strong>si</strong></span> <span class='ocrx_word' id='word_1_152' title='bbox 1392 1521 1458 1589; x_wconf 64' lang='lat' dir='ltr'><strong>¹ipsi</strong></span> 
     </span>
     <span class='ocr_line' id='line_1_15' title="bbox 188 1598 1455 1675; baseline -0.001 -15"><span class='ocrx_word' id='word_1_153' title='bbox 188 1607 244 1660; x_wconf 81' lang='lat' dir='ltr'><strong>siut</strong></span> <span class='ocrx_word' id='word_1_154' title='bbox 255 1604 383 1674; x_wconf 76' lang='lat' dir='ltr'><strong>Judiees,</strong></span> <span class='ocrx_word' id='word_1_155' title='bbox 399 1604 450 1674; x_wconf 85' lang='lat' dir='ltr'><strong>qui</strong></span> <span class='ocrx_word' id='word_1_156' title='bbox 464 1617 498 1657; x_wconf 87' lang='lat' dir='ltr'><strong>ea</strong></span> <span class='ocrx_word' id='word_1_157' title='bbox 509 1608 724 1673; x_wconf 88' lang='lat' dir='ltr'><strong>perpetrarunt</strong></span> <span class='ocrx_word' id='word_1_158' title='bbox 737 1598 850 1673; x_wconf 80' lang='lat' dir='ltr'><strong>(seilicet</strong></span> <span class='ocrx_word' id='word_1_159' title='bbox 866 1598 1029 1670; x_wconf 87' lang='lat' dir='ltr'><strong>orientales),</strong></span> <span class='ocrx_word' id='word_1_160' title='bbox 1046 1619 1149 1675; x_wconf 83' lang='lat' dir='ltr'><strong>quam</strong></span> <span class='ocrx_word' id='word_1_161' title='bbox 1166 1604 1357 1658; x_wconf 85' lang='lat' dir='ltr'><strong>euidenter</strong></span> <span class='ocrx_word' id='word_1_162' title='bbox 1369 1604 1455 1675; x_wconf 84' lang='lat' dir='ltr'><strong>fue-</strong></span> 
     </span>
     <span class='ocr_line' id='line_1_16' title="bbox 189 1687 1457 1759; baseline 0.001 -16"><span class='ocrx_word' id='word_1_163' title='bbox 189 1692 264 1745; x_wconf 83' lang='lat' dir='ltr'><strong>rint</strong></span> <span class='ocrx_word' id='word_1_164' title='bbox 290 1687 489 1759; x_wconf 81' lang='lat' dir='ltr'><strong>confutati,</strong></span> <span class='ocrx_word' id='word_1_165' title='bbox 521 1704 538 1741; x_wconf 90' lang='lat' dir='ltr'><strong>a</strong></span> <span class='ocrx_word' id='word_1_166' title='bbox 565 1690 611 1742; x_wconf 92' lang='lat' dir='ltr'><strong>sui</strong></span> <span class='ocrx_word' id='word_1_167' title='bbox 635 1687 818 1741; x_wconf 84' lang='lat' dir='ltr'><strong>damnatione</strong></span> <span class='ocrx_word' id='word_1_168' title='bbox 845 1702 901 1741; x_wconf 89' lang='lat' dir='ltr'><strong>nou</strong></span> <span class='ocrx_word' id='word_1_169' title='bbox 929 1692 1096 1757; x_wconf 85' lang='lat' dir='ltr'><strong>temperent.</strong></span> <span class='ocrx_word' id='word_1_170' title='bbox 1138 1687 1242 1743; x_wconf 85' lang='lat' dir='ltr'><strong>Polam</strong></span> <span class='ocrx_word' id='word_1_171' title='bbox 1273 1692 1345 1743; x_wconf 85' lang='lat' dir='ltr'><strong>euim</strong></span> <span class='ocrx_word' id='word_1_172' title='bbox 1372 1690 1457 1744; x_wconf 86' lang='lat' dir='ltr'><strong>illic</strong></span> 
     </span>
    </p>
   </div>
   <div class='ocr_carea' id='block_1_3' title="bbox 137 1772 1460 2271">
    <p class='ocr_par' dir='ltr' id='par_1_3' title="bbox 189 1772 1460 2103">
     <span class='ocr_line' id='line_1_17' title="bbox 189 1772 1458 1847; baseline -0.002 -16"><span class='ocrx_word' id='word_1_173' title='bbox 189 1779 348 1847; x_wconf 86' lang='lat' dir='ltr'><strong>aperteque</strong></span> <span class='ocrx_word' id='word_1_174' title='bbox 362 1778 603 1840; x_wconf 86' lang='lat' dir='ltr'><strong>monstratur,</strong></span> <span class='ocrx_word' id='word_1_175' title='bbox 621 1772 693 1827; x_wconf 88' lang='lat' dir='ltr'><strong>nibil</strong></span> <span class='ocrx_word' id='word_1_176' title='bbox 708 1772 789 1827; x_wconf 83' lang='lat' dir='ltr'><strong>atiud</strong></span> <span class='ocrx_word' id='word_1_177' title='bbox 803 1789 888 1843; x_wconf 88' lang='lat' dir='ltr'><strong>quom</strong></span> <span class='ocrx_word' id='word_1_178' title='bbox 901 1774 1061 1843; x_wconf 80' lang='lat' dir='ltr'><strong>quaesitam</strong></span> <span class='ocrx_word' id='word_1_179' title='bbox 1073 1788 1201 1842; x_wconf 86' lang='lat' dir='ltr'><strong>eausam,</strong></span> <span class='ocrx_word' id='word_1_180' title='bbox 1219 1774 1458 1846; x_wconf 84' lang='lat' dir='ltr'><strong>quemadmodum</strong></span> 
     </span>
     <span class='ocr_line' id='line_1_18' title="bbox 190 1856 1458 1931; baseline -0.002 -16"><span class='ocrx_word' id='word_1_181' title='bbox 190 1860 332 1916; x_wconf 76' lang='lat' dir='ltr'><strong>catholieo</strong></span> <span class='ocrx_word' id='word_1_182' title='bbox 347 1859 542 1931; x_wconf 82' lang='lat' dir='ltr'><strong>qualicunque</strong></span> <span class='ocrx_word' id='word_1_183' title='bbox 557 1858 676 1928; x_wconf 84' lang='lat' dir='ltr'><strong>depulso</strong></span> <span class='ocrx_word' id='word_1_184' title='bbox 687 1859 827 1929; x_wconf 76' lang='lat' dir='ltr'><strong>pontifice</strong></span> <span class='ocrx_word' id='word_1_185' title='bbox 843 1856 1086 1915; x_wconf 82' lang='lat' dir='ltr'><strong>baereticoPetro</strong></span> <span class='ocrx_word' id='word_1_186' title='bbox 1103 1865 1290 1915; x_wconf 83' lang='lat' dir='ltr'><strong>reseraretur</strong></span> <span class='ocrx_word' id='word_1_187' title='bbox 1305 1875 1458 1915; x_wconf 88' lang='lat' dir='ltr'><strong>accessus.</strong></span> 
     </span>
     <span class='ocr_line' id='line_1_19' title="bbox 190 1940 1458 2017; baseline -0.001 -18"><span class='ocrx_word' id='word_1_188' title='bbox 190 1943 263 2012; x_wconf 80' lang='lat' dir='ltr'><strong>Quae</strong></span> <span class='ocrx_word' id='word_1_189' title='bbox 278 1959 408 2017; x_wconf 89' lang='lat' dir='ltr'><strong>quorsum</strong></span> <span class='ocrx_word' id='word_1_190' title='bbox 423 1940 643 2011; x_wconf 80' lang='lat' dir='ltr'><strong>referenda-sint,</strong></span> <span class='ocrx_word' id='word_1_191' title='bbox 661 1941 796 1997; x_wconf 91' lang='lat' dir='ltr'><strong>nonsatis</strong></span> <span class='ocrx_word' id='word_1_192' title='bbox 812 1948 900 2013; x_wconf 80' lang='lat' dir='ltr'><strong>patet:</strong></span> <span class='ocrx_word' id='word_1_193' title='bbox 916 1958 967 1997; x_wconf 91' lang='lat' dir='ltr'><strong>nee</strong></span> <span class='ocrx_word' id='word_1_194' title='bbox 983 1949 1072 1999; x_wconf 90' lang='lat' dir='ltr'><strong>tamen</strong></span> <span class='ocrx_word' id='word_1_195' title='bbox 1088 1941 1150 1998; x_wconf 90' lang='lat' dir='ltr'><strong>inde</strong></span> <span class='ocrx_word' id='word_1_196' title='bbox 1166 1944 1232 1999; x_wconf 90' lang='lat' dir='ltr'><strong>certi</strong></span> <span class='ocrx_word' id='word_1_197' title='bbox 1249 1943 1396 2017; x_wconf 88' lang='lat' dir='ltr'><strong>quidquam</strong></span> <span class='ocrx_word' id='word_1_198' title='bbox 1415 1961 1458 1998; x_wconf 91' lang='lat' dir='ltr'><strong>as·</strong></span> 
     </span>
     <span class='ocr_line' id='line_1_20' title="bbox 190 2023 1460 2103; baseline -0.001 -19"><span class='ocrx_word' id='word_1_199' title='bbox 190 2030 244 2085; x_wconf 88' lang='lat' dir='ltr'><strong>seri</strong></span> <span class='ocrx_word' id='word_1_200' title='bbox 259 2035 358 2103; x_wconf 87' lang='lat' dir='ltr'><strong>potest,</strong></span> <span class='ocrx_word' id='word_1_201' title='bbox 375 2044 457 2101; x_wconf 88' lang='lat' dir='ltr'><strong>quare</strong></span> <span class='ocrx_word' id='word_1_202' title='bbox 472 2028 517 2084; x_wconf 90' lang='lat' dir='ltr'><strong>hic</strong></span> <span class='ocrx_word' id='word_1_203' title='bbox 531 2026 611 2082; x_wconf 91' lang='lat' dir='ltr'><strong>modo</strong></span> <span class='ocrx_word' id='word_1_204' title='bbox 628 2042 790 2082; x_wconf 88' lang='lat' dir='ltr'><strong>memorasse</strong></span> <span class='ocrx_word' id='word_1_205' title='bbox 806 2023 931 2082; x_wconf 82' lang='lat' dir='ltr'><strong>sufficiat.</strong></span> <span class='ocrx_word' id='word_1_206' title='bbox 961 2027 1074 2083; x_wconf 89' lang='lat' dir='ltr'><strong>&#39;lantum</strong></span> <span class='ocrx_word' id='word_1_207' title='bbox 1091 2037 1180 2084; x_wconf 89' lang='lat' dir='ltr'><strong>autem</strong></span> <span class='ocrx_word' id='word_1_208' title='bbox 1195 2027 1265 2102; x_wconf 91' lang='lat' dir='ltr'><strong>apud</strong></span> <span class='ocrx_word' id='word_1_209' title='bbox 1281 2045 1375 2084; x_wconf 88' lang='lat' dir='ltr'><strong>omnes</strong></span> <span class='ocrx_word' id='word_1_210' title='bbox 1391 2046 1460 2084; x_wconf 92' lang='lat' dir='ltr'><strong>con·</strong></span> 
     </span>
    </p>

    <p class='ocr_par' dir='ltr' id='par_1_4' title="bbox 137 2111 1460 2271">
     <span class='ocr_line' id='line_1_21' title="bbox 137 2111 1460 2187; baseline 0 -17"><span class='ocrx_word' id='word_1_211' title='bbox 137 2150 139 2155; x_wconf 84' lang='lat'><em>·</em></span> <span class='ocrx_word' id='word_1_212' title='bbox 190 2121 262 2170; x_wconf 89' lang='lat' dir='ltr'><strong>stare</strong></span> <span class='ocrx_word' id='word_1_213' title='bbox 276 2120 353 2187; x_wconf 92' lang='lat' dir='ltr'><strong>puto,</strong></span> <span class='ocrx_word' id='word_1_214' title='bbox 376 2111 447 2168; x_wconf 89' lang='lat' dir='ltr'><strong>baud</strong></span> <span class='ocrx_word' id='word_1_215' title='bbox 469 2111 674 2186; x_wconf 88' lang='lat' dir='ltr'><strong>relinquendam</strong></span> <span class='ocrx_word' id='word_1_216' title='bbox 690 2111 813 2167; x_wconf 91' lang='lat' dir='ltr'><strong>codicum</strong></span> <span class='ocrx_word' id='word_1_217' title='bbox 828 2112 1025 2174; x_wconf 88' lang='lat' dir='ltr'><strong>auctoritatem,</strong></span> <span class='ocrx_word' id='word_1_218' title='bbox 1048 2115 1095 2187; x_wconf 91' lang='lat' dir='ltr'><strong>qui</strong></span> <span class='ocrx_word' id='word_1_219' title='bbox 1107 2130 1200 2170; x_wconf 90' lang='lat' dir='ltr'><strong>omues</strong></span> <span class='ocrx_word' id='word_1_220' title='bbox 1216 2113 1285 2170; x_wconf 87' lang='lat' dir='ltr'><strong>hane</strong></span> <span class='ocrx_word' id='word_1_221' title='bbox 1305 2117 1460 2186; x_wconf 84' lang='lat' dir='ltr'><strong>epistotam</strong></span> 
     </span>
     <span class='ocr_line' id='line_1_22' title="bbox 191 2194 978 2271; baseline -0.005 -15"><span class='ocrx_word' id='word_1_222' title='bbox 191 2201 231 2257; x_wconf 85' lang='lat' dir='ltr'><strong>od</strong></span> <span class='ocrx_word' id='word_1_223' title='bbox 244 2200 399 2256; x_wconf 82' lang='lat' dir='ltr'><strong>orientales</strong></span> <span class='ocrx_word' id='word_1_224' title='bbox 415 2202 567 2271; x_wconf 90' lang='lat' dir='ltr'><strong>episcopos</strong></span> <span class='ocrx_word' id='word_1_225' title='bbox 583 2196 680 2252; x_wconf 88' lang='lat' dir='ltr'><strong>Gelasii</strong></span> <span class='ocrx_word' id='word_1_226' title='bbox 696 2199 804 2252; x_wconf 90' lang='lat' dir='ltr'><strong>nomine</strong></span> <span class='ocrx_word' id='word_1_227' title='bbox 819 2194 978 2253; x_wconf 88' lang='lat' dir='ltr'><strong>inscribunt.</strong></span> 
     </span>
    </p>
   </div>
   <div class='ocr_carea' id='block_1_4' title="bbox 399 2394 1247 2481">
    <p class='ocr_par' dir='ltr' id='par_1_5' title="bbox 399 2394 1247 2481">
     <span class='ocr_line' id='line_1_23' title="bbox 399 2394 1247 2481; baseline 0.001 -23"><span class='ocrx_word' id='word_1_228' title='bbox 399 2398 437 2458; x_wconf 88' lang='lat' dir='ltr'><strong>In</strong></span> <span class='ocrx_word' id='word_1_229' title='bbox 459 2397 574 2459; x_wconf 80' lang='lat' dir='ltr'><strong>Golasii</strong></span> <span class='ocrx_word' id='word_1_230' title='bbox 597 2414 696 2476; x_wconf 80' lang='lat' dir='ltr'><strong>papae</strong></span> <span class='ocrx_word' id='word_1_231' title='bbox 718 2397 882 2476; x_wconf 80' lang='lat' dir='ltr'><strong>epistolem</strong></span> <span class='ocrx_word' id='word_1_232' title='bbox 903 2398 923 2458; x_wconf 77' lang='lat'>2</span> <span class='ocrx_word' id='word_1_233' title='bbox 946 2394 1017 2479; x_wconf 84' lang='lat' dir='ltr'><strong>(„Ia</strong></span> <span class='ocrx_word' id='word_1_234' title='bbox 1030 2400 1247 2481; x_wconf 70' lang='lat' dir='ltr'><strong>prolixitate‘).</strong></span> 
     </span>
    </p>
   </div>
   <div class='ocr_carea' id='block_1_5' title="bbox 121 2519 1465 3618">
    <p class='ocr_par' dir='ltr' id='par_1_6' title="bbox 121 2519 1465 3618">
     <span class='ocr_line' id='line_1_24' title="bbox 121 2519 1461 2595; baseline 0 -15"><span class='ocrx_word' id='word_1_235' title='bbox 121 2525 177 2594; x_wconf 69' lang='lat' dir='ltr'><strong>[ul]</strong></span> <span class='ocrx_word' id='word_1_236' title='bbox 280 2525 306 2586; x_wconf 93' lang='lat'><strong>1,</strong></span> <span class='ocrx_word' id='word_1_237' title='bbox 332 2521 366 2578; x_wconf 91' lang='lat' dir='ltr'><strong>Ut</strong></span> <span class='ocrx_word' id='word_1_238' title='bbox 381 2519 522 2595; x_wconf 88' lang='lat' dir='ltr'><strong>epistolam</strong></span> <span class='ocrx_word' id='word_1_239' title='bbox 537 2520 612 2582; x_wconf 87' lang='lat' dir='ltr'><strong>lianc,</strong></span> <span class='ocrx_word' id='word_1_240' title='bbox 629 2537 697 2594; x_wconf 88' lang='lat' dir='ltr'><strong>quae</strong></span> <span class='ocrx_word' id='word_1_241' title='bbox 710 2519 806 2575; x_wconf 86' lang='lat' dir='ltr'><strong>Gelasii</strong></span> <span class='ocrx_word' id='word_1_242' title='bbox 818 2521 926 2576; x_wconf 87' lang='lat' dir='ltr'><strong>nominc</strong></span> <span class='ocrx_word' id='word_1_243' title='bbox 942 2528 998 2575; x_wconf 90' lang='lat' dir='ltr'><strong>tum</strong></span> <span class='ocrx_word' id='word_1_244' title='bbox 1011 2523 1037 2578; x_wconf 91' lang='lat' dir='ltr'><strong>in</strong></span> <span class='ocrx_word' id='word_1_245' title='bbox 1050 2522 1211 2579; x_wconf 88' lang='lat' dir='ltr'><strong>collectione</strong></span> <span class='ocrx_word' id='word_1_246' title='bbox 1223 2523 1349 2580; x_wconf 79' lang='lat' dir='ltr'><strong>Avellana</strong></span> <span class='ocrx_word' id='word_1_247' title='bbox 1363 2525 1461 2587; x_wconf 89' lang='lat' dir='ltr'><strong>iertnr,</strong></span> 
     </span>
     <span class='ocr_line' id='line_1_25' title="bbox 195 2603 1462 2684; baseline -0.002 -16"><span class='ocrx_word' id='word_1_248' title='bbox 195 2620 252 2668; x_wconf 89' lang='lat' dir='ltr'><strong>tum</strong></span> <span class='ocrx_word' id='word_1_249' title='bbox 267 2610 338 2665; x_wconf 89' lang='lat' dir='ltr'><strong>inter</strong></span> <span class='ocrx_word' id='word_1_250' title='bbox 351 2603 502 2681; x_wconf 84' lang='lat' dir='ltr'><strong>pontificias</strong></span> <span class='ocrx_word' id='word_1_251' title='bbox 517 2603 620 2661; x_wconf 85' lang='lat' dir='ltr'><strong>litteras</strong></span> <span class='ocrx_word' id='word_1_252' title='bbox 635 2606 663 2661; x_wconf 94' lang='lat' dir='ltr'><strong>iii</strong></span> <span class='ocrx_word' id='word_1_253' title='bbox 679 2605 798 2661; x_wconf 88' lang='lat' dir='ltr'><strong>eoncibis</strong></span> <span class='ocrx_word' id='word_1_254' title='bbox 815 2604 922 2678; x_wconf 83' lang='lat' dir='ltr'><strong>vulgata</strong></span> <span class='ocrx_word' id='word_1_255' title='bbox 938 2613 988 2668; x_wconf 93' lang='lat' dir='ltr'><strong>est,</strong></span> <span class='ocrx_word' id='word_1_256' title='bbox 1010 2608 1150 2663; x_wconf 84' lang='lat' dir='ltr'><strong>Anastasio</strong></span> <span class='ocrx_word' id='word_1_257' title='bbox 1166 2610 1382 2672; x_wconf 87' lang='lat' dir='ltr'><strong>restitueremus,</strong></span> <span class='ocrx_word' id='word_1_258' title='bbox 1399 2627 1462 2684; x_wconf 91' lang='lat' dir='ltr'><strong>per·</strong></span> 
     </span>
     <span class='ocr_line' id='line_1_26' title="bbox 195 2689 1462 2765; baseline -0.002 -12"><span class='ocrx_word' id='word_1_259' title='bbox 195 2696 261 2753; x_wconf 89' lang='lat' dir='ltr'><strong>moti</strong></span> <span class='ocrx_word' id='word_1_260' title='bbox 276 2709 369 2748; x_wconf 89' lang='lat' dir='ltr'><strong>sumus</strong></span> <span class='ocrx_word' id='word_1_261' title='bbox 382 2693 496 2765; x_wconf 91' lang='lat' dir='ltr'><strong>primum</strong></span> <span class='ocrx_word' id='word_1_262' title='bbox 512 2692 672 2747; x_wconf 87' lang='lat' dir='ltr'><strong>auctoritate</strong></span> <span class='ocrx_word' id='word_1_263' title='bbox 687 2690 787 2746; x_wconf 89' lang='lat' dir='ltr'><strong>codicis</strong></span> <span class='ocrx_word' id='word_1_264' title='bbox 803 2689 973 2761; x_wconf 75' lang='lat' dir='ltr'><strong>corbeiensis</strong></span> <span class='ocrx_word' id='word_1_265' title='bbox 989 2700 1052 2748; x_wconf 87' lang='lat' dir='ltr'><strong>ante</strong></span> <span class='ocrx_word' id='word_1_266' title='bbox 1067 2710 1152 2748; x_wconf 89' lang='lat' dir='ltr'><strong>annos</strong></span> <span class='ocrx_word' id='word_1_267' title='bbox 1169 2694 1231 2751; x_wconf 80' lang='lat'><strong>800</strong></span> <span class='ocrx_word' id='word_1_268' title='bbox 1246 2697 1354 2758; x_wconf 82' lang='lat' dir='ltr'><strong>exarati,</strong></span> <span class='ocrx_word' id='word_1_269' title='bbox 1370 2695 1462 2752; x_wconf 77' lang='grc'><strong>110110-</strong></span> 
     </span>
     <span class='ocr_line' id='line_1_27' title="bbox 195 2774 1463 2854; baseline 0 -17"><span class='ocrx_word' id='word_1_270' title='bbox 195 2779 315 2837; x_wconf 79' lang='lat' dir='ltr'><strong>vaoensis</strong></span> <span class='ocrx_word' id='word_1_271' title='bbox 335 2774 406 2832; x_wconf 90' lang='lat' dir='ltr'><strong>baud</strong></span> <span class='ocrx_word' id='word_1_272' title='bbox 427 2776 594 2838; x_wconf 86' lang='lat' dir='ltr'><strong>recentioris,</strong></span> <span class='ocrx_word' id='word_1_273' title='bbox 621 2774 768 2850; x_wconf 79' lang='lat' dir='ltr'><strong>Remigiani</strong></span> <span class='ocrx_word' id='word_1_274' title='bbox 798 2784 879 2850; x_wconf 90' lang='lat' dir='ltr'><strong>atque</strong></span> <span class='ocrx_word' id='word_1_275' title='bbox 901 2775 1024 2840; x_wconf 90' lang='lat' dir='ltr'><strong>aliorum,</strong></span> <span class='ocrx_word' id='word_1_276' title='bbox 1047 2779 1093 2851; x_wconf 91' lang='lat' dir='ltr'><strong>qui</strong></span> <span class='ocrx_word' id='word_1_277' title='bbox 1114 2779 1165 2833; x_wconf 89' lang='lat' dir='ltr'><strong>tria</strong></span> <span class='ocrx_word' id='word_1_278' title='bbox 1186 2778 1306 2849; x_wconf 87' lang='lat' dir='ltr'><strong>ejusdem</strong></span> <span class='ocrx_word' id='word_1_279' title='bbox 1328 2780 1463 2854; x_wconf 89' lang='lat' dir='ltr'><strong>epistolae</strong></span> 
     </span>
     <span class='ocr_line' id='line_1_28' title="bbox 195 2855 1463 2941; baseline 0 -19"><span class='ocrx_word' id='word_1_280' title='bbox 195 2866 345 2941; x_wconf 78' lang='lat' dir='ltr'><strong>fragmenta</strong></span> <span class='ocrx_word' id='word_1_281' title='bbox 364 2860 415 2917; x_wconf 85' lang='lat' dir='ltr'><strong>sub</strong></span> <span class='ocrx_word' id='word_1_282' title='bbox 436 2862 545 2917; x_wconf 91' lang='lat' dir='ltr'><strong>nomine</strong></span> <span class='ocrx_word' id='word_1_283' title='bbox 560 2862 709 2917; x_wconf 79' lang='lat' dir='ltr'><strong>Anastasii</strong></span> <span class='ocrx_word' id='word_1_284' title='bbox 714 2855 737 2932; x_wconf 82' lang='lat'><strong>⁴)</strong></span> <span class='ocrx_word' id='word_1_285' title='bbox 758 2863 798 2917; x_wconf 85' lang='lat' dir='ltr'><strong>ad</strong></span> <span class='ocrx_word' id='word_1_286' title='bbox 816 2861 976 2918; x_wconf 84' lang='lat' dir='ltr'><strong>Ursicinum</strong></span> <span class='ocrx_word' id='word_1_287' title='bbox 1000 2867 1166 2936; x_wconf 87' lang='lat' dir='ltr'><strong>episcopum</strong></span> <span class='ocrx_word' id='word_1_288' title='bbox 1187 2863 1323 2921; x_wconf 81' lang='lat' dir='ltr'><strong>eiliibent.</strong></span> <span class='ocrx_word' id='word_1_289' title='bbox 1361 2865 1463 2922; x_wconf 84' lang='lat' dir='ltr'><strong>lieinde</strong></span> 
     </span>
     <span class='ocr_line' id='line_1_29' title="bbox 196 2944 1463 3025; baseline -0.001 -18"><span class='ocrx_word' id='word_1_290' title='bbox 196 2951 330 3007; x_wconf 85' lang='lat' dir='ltr'><strong>Gelasium</strong></span> <span class='ocrx_word' id='word_1_291' title='bbox 350 2945 517 3016; x_wconf 84' lang='lat' dir='ltr'><strong>commodius</strong></span> <span class='ocrx_word' id='word_1_292' title='bbox 539 2963 617 3020; x_wconf 90' lang='lat' dir='ltr'><strong>quam</strong></span> <span class='ocrx_word' id='word_1_293' title='bbox 639 2944 753 3001; x_wconf 78' lang='lat' dir='ltr'><strong>Felicem</strong></span> <span class='ocrx_word' id='word_1_294' title='bbox 774 2945 910 3020; x_wconf 77' lang='lat' dir='ltr'><strong>intelligas</strong></span> <span class='ocrx_word' id='word_1_295' title='bbox 928 2950 1186 3019; x_wconf 88' lang='lat' dir='ltr'><strong>praedecessorem</strong></span> <span class='ocrx_word' id='word_1_296' title='bbox 1207 2949 1282 3004; x_wconf 90' lang='lat' dir='ltr'><strong>illum</strong></span> <span class='ocrx_word' id='word_1_297' title='bbox 1303 2951 1382 3006; x_wconf 89' lang='lat' dir='ltr'><strong>initio</strong></span> <span class='ocrx_word' id='word_1_298' title='bbox 1405 2953 1463 3025; x_wconf 93' lang='lat' dir='ltr'><strong>epi·</strong></span> 
     </span>
     <span class='ocr_line' id='line_1_30' title="bbox 194 3030 1464 3106; baseline -0.002 -12"><span class='ocrx_word' id='word_1_299' title='bbox 194 3036 281 3094; x_wconf 85' lang='lat' dir='ltr'><strong>stolae</strong></span> <span class='ocrx_word' id='word_1_300' title='bbox 296 3040 481 3095; x_wconf 89' lang='lat' dir='ltr'><strong>memoratum,</strong></span> <span class='ocrx_word' id='word_1_301' title='bbox 496 3030 573 3102; x_wconf 88' lang='lat' dir='ltr'><strong>cujus</strong></span> <span class='ocrx_word' id='word_1_302' title='bbox 589 3030 703 3106; x_wconf 91' lang='lat' dir='ltr'><strong>epistola</strong></span> <span class='ocrx_word' id='word_1_303' title='bbox 717 3032 753 3088; x_wconf 92' lang='lat' dir='ltr'><strong>de</strong></span> <span class='ocrx_word' id='word_1_304' title='bbox 767 3032 935 3089; x_wconf 77' lang='lat' dir='ltr'><strong>excessibus</strong></span> <span class='ocrx_word' id='word_1_305' title='bbox 946 3033 1050 3090; x_wconf 81' lang='lat' dir='ltr'><strong>Aeacii</strong></span> <span class='ocrx_word' id='word_1_306' title='bbox 1062 3035 1089 3089; x_wconf 95' lang='lat' dir='ltr'><strong>in</strong></span> <span class='ocrx_word' id='word_1_307' title='bbox 1102 3033 1214 3090; x_wconf 90' lang='lat' dir='ltr'><strong>eeclesia</strong></span> <span class='ocrx_word' id='word_1_308' title='bbox 1227 3034 1464 3091; x_wconf 83' lang='lat' dir='ltr'><strong>Thessalonicensi</strong></span> 
     </span>
     <span class='ocr_line' id='line_1_31' title="bbox 196 3117 1463 3195; baseline -0.002 -16"><span class='ocrx_word' id='word_1_309' title='bbox 196 3123 308 3195; x_wconf 80' lang='lat' dir='ltr'><strong>ibisque</strong></span> <span class='ocrx_word' id='word_1_310' title='bbox 328 3118 438 3175; x_wconf 89' lang='lat' dir='ltr'><strong>recitata</strong></span> <span class='ocrx_word' id='word_1_311' title='bbox 453 3118 497 3180; x_wconf 87' lang='lat' dir='ltr'><strong>sit,</strong></span> <span class='ocrx_word' id='word_1_312' title='bbox 522 3118 622 3191; x_wconf 90' lang='lat' dir='ltr'><strong>quique</strong></span> <span class='ocrx_word' id='word_1_313' title='bbox 636 3117 805 3175; x_wconf 84' lang='lat' dir='ltr'><strong>medicinam</strong></span> <span class='ocrx_word' id='word_1_314' title='bbox 819 3118 889 3190; x_wconf 76' lang='lat' dir='ltr'><strong>fidei</strong></span> <span class='ocrx_word' id='word_1_315' title='bbox 907 3119 1040 3192; x_wconf 89' lang='lat' dir='ltr'><strong>episcopis</strong></span> <span class='ocrx_word' id='word_1_316' title='bbox 1060 3119 1159 3192; x_wconf 78' lang='lat' dir='ltr'><strong>lllyrici</strong></span> <span class='ocrx_word' id='word_1_317' title='bbox 1181 3121 1366 3193; x_wconf 89' lang='lat' dir='ltr'><strong>copiosissime</strong></span> <span class='ocrx_word' id='word_1_318' title='bbox 1385 3122 1463 3176; x_wconf 90' lang='lat' dir='ltr'><strong>mlni·</strong></span> 
     </span>
     <span class='ocr_line' id='line_1_32' title="bbox 196 3198 1463 3278; baseline -0.004 -13"><span class='ocrx_word' id='word_1_319' title='bbox 196 3208 298 3266; x_wconf 84' lang='lat' dir='ltr'><strong>strarit.</strong></span> <span class='ocrx_word' id='word_1_320' title='bbox 342 3202 500 3259; x_wconf 81' lang='lat' dir='ltr'><strong>Etiamnunc</strong></span> <span class='ocrx_word' id='word_1_321' title='bbox 525 3204 595 3259; x_wconf 89' lang='lat' dir='ltr'><strong>enini</strong></span> <span class='ocrx_word' id='word_1_322' title='bbox 621 3203 713 3277; x_wconf 89' lang='lat' dir='ltr'><strong>plures</strong></span> <span class='ocrx_word' id='word_1_323' title='bbox 734 3200 862 3257; x_wconf 90' lang='lat' dir='ltr'><strong>habemus</strong></span> <span class='ocrx_word' id='word_1_324' title='bbox 883 3202 994 3265; x_wconf 88' lang='lat' dir='ltr'><strong>Gelasii,</strong></span> <span class='ocrx_word' id='word_1_325' title='bbox 1020 3203 1108 3259; x_wconf 92' lang='lat' dir='ltr'><strong>nullas</strong></span> <span class='ocrx_word' id='word_1_326' title='bbox 1116 3198 1139 3275; x_wconf 79' lang='lat'><strong>⁵)</strong></span> <span class='ocrx_word' id='word_1_327' title='bbox 1161 3201 1257 3260; x_wconf 80' lang='lat' dir='ltr'><strong>l&#39;elicis</strong></span> <span class='ocrx_word' id='word_1_328' title='bbox 1279 3204 1408 3278; x_wconf 89' lang='lat' dir='ltr'><strong>epistolas</strong></span> <span class='ocrx_word' id='word_1_329' title='bbox 1428 3205 1463 3260; x_wconf 88' lang='lat' dir='ltr'><strong>ad</strong></span> 
     </span>
     <span class='ocr_line' id='line_1_33' title="bbox 197 3285 1465 3369; baseline -0.003 -19"><span class='ocrx_word' id='word_1_330' title='bbox 197 3293 340 3369; x_wconf 89' lang='lat' dir='ltr'><strong>episcopos</strong></span> <span class='ocrx_word' id='word_1_331' title='bbox 361 3288 505 3344; x_wconf 82' lang='lat' dir='ltr'><strong>Dardaniae</strong></span> <span class='ocrx_word' id='word_1_332' title='bbox 525 3287 634 3350; x_wconf 87' lang='lat' dir='ltr'><strong>aliosve,</strong></span> <span class='ocrx_word' id='word_1_333' title='bbox 657 3285 803 3361; x_wconf 84' lang='lat' dir='ltr'><strong>inquibus</strong></span> <span class='ocrx_word' id='word_1_334' title='bbox 824 3289 859 3344; x_wconf 85' lang='lat' dir='ltr'><strong>de</strong></span> <span class='ocrx_word' id='word_1_335' title='bbox 877 3290 1045 3344; x_wconf 80' lang='lat' dir='ltr'><strong>excessibus</strong></span> <span class='ocrx_word' id='word_1_336' title='bbox 1060 3291 1163 3349; x_wconf 81' lang='lat' dir='ltr'><strong>Aeacii</strong></span> <span class='ocrx_word' id='word_1_337' title='bbox 1176 3291 1362 3363; x_wconf 89' lang='lat' dir='ltr'><strong>copiosissime</strong></span> <span class='ocrx_word' id='word_1_338' title='bbox 1377 3289 1465 3346; x_wconf 93' lang='lat' dir='ltr'><strong>disse·</strong></span> 
     </span>
     <span class='ocr_line' id='line_1_34' title="bbox 197 3370 1464 3450; baseline -0.004 -15"><span class='ocrx_word' id='word_1_339' title='bbox 197 3386 281 3440; x_wconf 90' lang='lat' dir='ltr'><strong>ratur,</strong></span> <span class='ocrx_word' id='word_1_340' title='bbox 297 3384 324 3433; x_wconf 90' lang='lat' dir='ltr'><strong>et</strong></span> <span class='ocrx_word' id='word_1_341' title='bbox 340 3373 412 3450; x_wconf 93' lang='lat' dir='ltr'><strong>quod</strong></span> <span class='ocrx_word' id='word_1_342' title='bbox 428 3372 490 3428; x_wconf 88' lang='lat' dir='ltr'><strong>tidei</strong></span> <span class='ocrx_word' id='word_1_343' title='bbox 513 3381 554 3429; x_wconf 90' lang='lat' dir='ltr'><strong>est</strong></span> <span class='ocrx_word' id='word_1_344' title='bbox 569 3370 674 3428; x_wconf 90' lang='lat' dir='ltr'><strong>abunde</strong></span> <span class='ocrx_word' id='word_1_345' title='bbox 690 3371 918 3429; x_wconf 88' lang='lat' dir='ltr'><strong>subministretur.</strong></span> <span class='ocrx_word' id='word_1_346' title='bbox 945 3373 1087 3430; x_wconf 86' lang='lat' dir='ltr'><strong>Postremo</strong></span> <span class='ocrx_word' id='word_1_347' title='bbox 1103 3374 1219 3448; x_wconf 87' lang='lat' dir='ltr'><strong>quadiu</strong></span> <span class='ocrx_word' id='word_1_348' title='bbox 1235 3375 1364 3448; x_wconf 88' lang='lat' dir='ltr'><strong>epistolae</strong></span> <span class='ocrx_word' id='word_1_349' title='bbox 1382 3374 1464 3445; x_wconf 85' lang='lat' dir='ltr'><strong>liujus</strong></span> 
     </span>
     <span class='ocr_line' id='line_1_35' title="bbox 197 3457 1465 3533; baseline -0.004 -13"><span class='ocrx_word' id='word_1_350' title='bbox 197 3462 308 3521; x_wconf 82' lang='lat' dir='ltr'><strong>exordio</strong></span> <span class='ocrx_word' id='word_1_351' title='bbox 324 3466 456 3520; x_wconf 90' lang='lat' dir='ltr'><strong>narratur,</strong></span> <span class='ocrx_word' id='word_1_352' title='bbox 472 3460 500 3513; x_wconf 91' lang='lat' dir='ltr'><strong>in</strong></span> <span class='ocrx_word' id='word_1_353' title='bbox 515 3458 626 3513; x_wconf 89' lang='lat' dir='ltr'><strong>ecclesia</strong></span> <span class='ocrx_word' id='word_1_354' title='bbox 637 3457 870 3514; x_wconf 74' lang='lat' dir='ltr'><strong>&#39;thessalonicensi</strong></span> <span class='ocrx_word' id='word_1_355' title='bbox 884 3459 1022 3514; x_wconf 89' lang='lat' dir='ltr'><strong>recitatam</strong></span> <span class='ocrx_word' id='word_1_356' title='bbox 1038 3459 1121 3515; x_wconf 86' lang='lat' dir='ltr'><strong>inisse</strong></span> <span class='ocrx_word' id='word_1_357' title='bbox 1136 3458 1352 3533; x_wconf 88' lang='lat' dir='ltr'><strong>praedecessoris</strong></span> <span class='ocrx_word' id='word_1_358' title='bbox 1368 3459 1402 3515; x_wconf 92' lang='lat' dir='ltr'><strong>de</strong></span> <span class='ocrx_word' id='word_1_359' title='bbox 1418 3477 1465 3515; x_wconf 82' lang='lat' dir='ltr'><strong>cx·</strong></span> 
     </span>
     <span class='ocr_line' id='line_1_36' title="bbox 198 3541 1464 3618; baseline -0.006 -12"><span class='ocrx_word' id='word_1_360' title='bbox 198 3546 318 3606; x_wconf 90' lang='lat' dir='ltr'><strong>cessibus</strong></span> <span class='ocrx_word' id='word_1_361' title='bbox 334 3544 421 3602; x_wconf 77' lang='lat' dir='ltr'><strong>Aeacii</strong></span> <span class='ocrx_word' id='word_1_362' title='bbox 438 3543 589 3618; x_wconf 89' lang='lat' dir='ltr'><strong>epistolam,</strong></span> <span class='ocrx_word' id='word_1_363' title='bbox 611 3541 681 3598; x_wconf 92' lang='lat' dir='ltr'><strong>haud</strong></span> <span class='ocrx_word' id='word_1_364' title='bbox 703 3541 780 3599; x_wconf 90' lang='lat' dir='ltr'><strong>iacile</strong></span> <span class='ocrx_word' id='word_1_365' title='bbox 795 3541 956 3599; x_wconf 89' lang='lat' dir='ltr'><strong>conciliatur</strong></span> <span class='ocrx_word' id='word_1_366' title='bbox 975 3560 1035 3599; x_wconf 91' lang='lat' dir='ltr'><strong>cum</strong></span> <span class='ocrx_word' id='word_1_367' title='bbox 1056 3544 1098 3599; x_wconf 90' lang='lat' dir='ltr'><strong>his</strong></span> <span class='ocrx_word' id='word_1_368' title='bbox 1115 3543 1211 3601; x_wconf 88' lang='lat' dir='ltr'><strong>Gelasii</strong></span> <span class='ocrx_word' id='word_1_369' title='bbox 1227 3544 1358 3618; x_wconf 90' lang='lat' dir='ltr'><strong>epistolae</strong></span> <span class='ocrx_word' id='word_1_370' title='bbox 1374 3545 1415 3602; x_wconf 94' lang='grc'><strong>18</strong></span> <span class='ocrx_word' id='word_1_371' title='bbox 1430 3545 1464 3599; x_wconf 91' lang='lat' dir='ltr'><strong>ad</strong></span> 
     </span>
    </p>
   </div>
   <div class='ocr_carea' id='block_1_6' title="bbox 196 3711 500 3728">
    <p class='ocr_par' dir='ltr' id='par_1_7' title="bbox 196 3711 500 3728">
     <span class='ocr_line' id='line_1_37' title="bbox 196 3711 500 3728; baseline 0 -8"><span class='ocrx_word' id='word_1_372' title='bbox 196 3711 500 3728; x_wconf 70' lang='lat'>——-,..-....</span> 
     </span>
    </p>
   </div>
   <div class='ocr_carea' id='block_1_7' title="bbox 198 3805 1470 4901">
    <p class='ocr_par' dir='ltr' id='par_1_8' title="bbox 268 3805 1352 3882">
     <span class='ocr_line' id='line_1_38' title="bbox 268 3805 1352 3882; baseline -0.006 -15"><span class='ocrx_word' id='word_1_373' title='bbox 268 3816 286 3882; x_wconf 86' lang='grc' dir='ltr'><strong>Ι)</strong></span> <span class='ocrx_word' id='word_1_374' title='bbox 305 3813 349 3866; x_wconf 83' lang='lat' dir='ltr'><strong>lta</strong></span> <span class='ocrx_word' id='word_1_375' title='bbox 366 3810 478 3879; x_wconf 89' lang='lat' dir='ltr'><strong>quidem</strong></span> <span class='ocrx_word' id='word_1_376' title='bbox 494 3807 593 3864; x_wconf 81' lang='lat' dir='ltr'><strong>Felicis</strong></span> <span class='ocrx_word' id='word_1_377' title='bbox 610 3807 636 3860; x_wconf 88' lang='lat'><strong>11</strong></span> <span class='ocrx_word' id='word_1_378' title='bbox 654 3805 772 3875; x_wconf 86' lang='lat' dir='ltr'><strong>epistole</strong></span> <span class='ocrx_word' id='word_1_379' title='bbox 791 3812 822 3859; x_wconf 83' lang='lat'><strong>14</strong></span> <span class='ocrx_word' id='word_1_380' title='bbox 840 3807 868 3858; x_wconf 92' lang='lat' dir='ltr'><strong>in</strong></span> <span class='ocrx_word' id='word_1_381' title='bbox 887 3807 946 3860; x_wconf 88' lang='lat' dir='ltr'><strong>eod.</strong></span> <span class='ocrx_word' id='word_1_382' title='bbox 965 3806 1042 3860; x_wconf 87' lang='lat' dir='ltr'><strong>Vird.</strong></span> <span class='ocrx_word' id='word_1_383' title='bbox 1064 3811 1165 3861; x_wconf 79' lang='lat' dir='ltr'><strong>Gelasio</strong></span> <span class='ocrx_word' id='word_1_384' title='bbox 1182 3807 1352 3862; x_wconf 76' lang='lat' dir='ltr'><strong>inscribitur.</strong></span> 
     </span>
    </p>

    <p class='ocr_par' dir='ltr' id='par_1_9' title="bbox 265 3873 1378 3958">
     <span class='ocr_line' id='line_1_39' title="bbox 265 3873 1378 3958; baseline -0.004 -23"><span class='ocrx_word' id='word_1_385' title='bbox 265 3884 287 3951; x_wconf 83' lang='lat'><strong>²)</strong></span> <span class='ocrx_word' id='word_1_386' title='bbox 304 3878 447 3958; x_wconf 79' lang='lat' dir='ltr'><strong>Ejusmodi</strong></span> <span class='ocrx_word' id='word_1_387' title='bbox 464 3879 529 3931; x_wconf 82' lang='lat' dir='ltr'><strong>sunt</strong></span> <span class='ocrx_word' id='word_1_388' title='bbox 547 3874 650 3930; x_wconf 83' lang='lat' dir='ltr'><strong>Gelasii</strong></span> <span class='ocrx_word' id='word_1_389' title='bbox 668 3873 746 3944; x_wconf 82' lang='lat' dir='ltr'><strong>epist.</strong></span> <span class='ocrx_word' id='word_1_390' title='bbox 764 3880 776 3927; x_wconf 98' lang='grc'><strong>1</strong></span> <span class='ocrx_word' id='word_1_391' title='bbox 796 3877 824 3928; x_wconf 87' lang='lat' dir='ltr'><strong>et</strong></span> <span class='ocrx_word' id='word_1_392' title='bbox 842 3875 923 3928; x_wconf 83' lang='lat' dir='ltr'><strong>tract.</strong></span> <span class='ocrx_word' id='word_1_393' title='bbox 937 3875 958 3940; x_wconf 93' lang='lat' dir='ltr'><strong>l,</strong></span> <span class='ocrx_word' id='word_1_394' title='bbox 976 3876 1095 3929; x_wconf 80' lang='lat' dir='ltr'><strong>fortasse</strong></span> <span class='ocrx_word' id='word_1_395' title='bbox 1114 3875 1198 3929; x_wconf 84' lang='lat' dir='ltr'><strong>etiam</strong></span> <span class='ocrx_word' id='word_1_396' title='bbox 1217 3876 1337 3944; x_wconf 81' lang='lat' dir='ltr'><strong>epistola,</strong></span> <span class='ocrx_word' id='word_1_397' title='bbox 1353 3884 1378 3931; x_wconf 83' lang='lat'><strong>4.</strong></span> 
     </span>
    </p>

    <p class='ocr_par' dir='ltr' id='par_1_10' title="bbox 198 3941 1470 4901">
     <span class='ocr_line' id='line_1_40' title="bbox 266 3941 1466 4018; baseline -0.003 -16"><span class='ocrx_word' id='word_1_398' title='bbox 266 3952 287 4018; x_wconf 77' lang='lat'><strong>³)</strong></span> <span class='ocrx_word' id='word_1_399' title='bbox 306 3947 438 4001; x_wconf 78' lang='lat' dir='ltr'><strong>Similiter</strong></span> <span class='ocrx_word' id='word_1_400' title='bbox 459 3944 596 4014; x_wconf 88' lang='lat' dir='ltr'><strong>Josephus</strong></span> <span class='ocrx_word' id='word_1_401' title='bbox 616 3941 783 3997; x_wconf 81' lang='lat' dir='ltr'><strong>Blanchinus</strong></span> <span class='ocrx_word' id='word_1_402' title='bbox 808 3942 866 3996; x_wconf 87' lang='lat' dir='ltr'><strong>l..c.</strong></span> <span class='ocrx_word' id='word_1_403' title='bbox 891 3941 941 4008; x_wconf 90' lang='lat' dir='ltr'><strong>IV,</strong></span> <span class='ocrx_word' id='word_1_404' title='bbox 959 3949 1008 3997; x_wconf 75' lang='lat'><strong>552</strong></span> <span class='ocrx_word' id='word_1_405' title='bbox 1035 3943 1070 3996; x_wconf 86' lang='lat' dir='ltr'><strong>de</strong></span> <span class='ocrx_word' id='word_1_406' title='bbox 1097 3943 1221 4012; x_wconf 84' lang='lat' dir='ltr'><strong>opusculi</strong></span> <span class='ocrx_word' id='word_1_407' title='bbox 1246 3944 1334 3998; x_wconf 80' lang='lat' dir='ltr'><strong>nostri</strong></span> <span class='ocrx_word' id='word_1_408' title='bbox 1357 3945 1466 4014; x_wconf 83' lang='lat' dir='ltr'><strong>origine</strong></span> 
     </span>
     <span class='ocr_line' id='line_1_41' title="bbox 198 4009 1467 4088; baseline -0.006 -14"><span class='ocrx_word' id='word_1_409' title='bbox 198 4026 312 4088; x_wconf 83' lang='lat' dir='ltr'><strong>fortasse</strong></span> <span class='ocrx_word' id='word_1_410' title='bbox 330 4036 379 4071; x_wconf 87' lang='lat' dir='ltr'><strong>non</strong></span> <span class='ocrx_word' id='word_1_411' title='bbox 396 4019 442 4069; x_wconf 83' lang='lat' dir='ltr'><strong>aba</strong></span> <span class='ocrx_word' id='word_1_412' title='bbox 459 4034 489 4068; x_wconf 89' lang='lat' dir='ltr'><strong>re</strong></span> <span class='ocrx_word' id='word_1_413' title='bbox 507 4032 562 4067; x_wconf 82' lang='lat' dir='ltr'><strong>esse</strong></span> <span class='ocrx_word' id='word_1_414' title='bbox 585 4011 626 4064; x_wconf 86' lang='lat' dir='ltr'><strong>ait</strong></span> <span class='ocrx_word' id='word_1_415' title='bbox 642 4016 753 4079; x_wconf 83' lang='lat' dir='ltr'><strong>opinari,</strong></span> <span class='ocrx_word' id='word_1_416' title='bbox 771 4009 839 4062; x_wconf 87' lang='lat' dir='ltr'><strong>illud</strong></span> <span class='ocrx_word' id='word_1_417' title='bbox 857 4016 967 4077; x_wconf 81' lang='lat' dir='ltr'><strong>alicujus</strong></span> <span class='ocrx_word' id='word_1_418' title='bbox 985 4016 1113 4065; x_wconf 77' lang='lat' dir='ltr'><strong>Romanae</strong></span> <span class='ocrx_word' id='word_1_419' title='bbox 1131 4017 1254 4065; x_wconf 78' lang='lat' dir='ltr'><strong>eccleciae</strong></span> <span class='ocrx_word' id='word_1_420' title='bbox 1272 4018 1360 4066; x_wconf 82' lang='lat' dir='ltr'><strong>clerici</strong></span> <span class='ocrx_word' id='word_1_421' title='bbox 1368 4019 1467 4080; x_wconf 72' lang='lat' dir='ltr'><strong>foetum</strong></span> 
     </span>
     <span class='ocr_line' id='line_1_42' title="bbox 199 4083 1468 4156; baseline -0.006 -14"><span class='ocrx_word' id='word_1_422' title='bbox 199 4107 265 4154; x_wconf 85' lang='lat' dir='ltr'><strong>esse,</strong></span> <span class='ocrx_word' id='word_1_423' title='bbox 283 4091 418 4156; x_wconf 69' lang='lat' dir='ltr'><strong>quisenta</strong></span> <span class='ocrx_word' id='word_1_424' title='bbox 436 4088 540 4136; x_wconf 83' lang='lat' dir='ltr'><strong>circiter</strong></span> <span class='ocrx_word' id='word_1_425' title='bbox 551 4086 652 4134; x_wconf 85' lang='lat' dir='ltr'><strong>ineunte</strong></span> <span class='ocrx_word' id='word_1_426' title='bbox 663 4086 764 4132; x_wconf 81' lang='lat' dir='ltr'><strong>saecuto</strong></span> <span class='ocrx_word' id='word_1_427' title='bbox 777 4083 869 4131; x_wconf 72' lang='lat' dir='ltr'><strong>Felicis</strong></span> <span class='ocrx_word' id='word_1_428' title='bbox 884 4098 972 4146; x_wconf 84' lang='lat' dir='ltr'><strong>popae</strong></span> <span class='ocrx_word' id='word_1_429' title='bbox 990 4085 1138 4133; x_wconf 82' lang='lat' dir='ltr'><strong>sententiam</strong></span> <span class='ocrx_word' id='word_1_430' title='bbox 1156 4086 1181 4132; x_wconf 86' lang='lat' dir='ltr'><strong>ia</strong></span> <span class='ocrx_word' id='word_1_431' title='bbox 1200 4085 1321 4134; x_wconf 82' lang='lat' dir='ltr'><strong>Acacium</strong></span> <span class='ocrx_word' id='word_1_432' title='bbox 1336 4088 1468 4148; x_wconf 87' lang='lat' dir='ltr'><strong>prolatam</strong></span> 
     </span>
     <span class='ocr_line' id='line_1_43' title="bbox 199 4152 1467 4223; baseline -0.008 -12"><span class='ocrx_word' id='word_1_433' title='bbox 199 4159 340 4223; x_wconf 78' lang='lat' dir='ltr'><strong>susceperit</strong></span> <span class='ocrx_word' id='word_1_434' title='bbox 355 4156 579 4222; x_wconf 80' lang='lat' dir='ltr'><strong>propupaaadam,</strong></span> <span class='ocrx_word' id='word_1_435' title='bbox 601 4167 633 4201; x_wconf 89' lang='lat' dir='ltr'><strong>ae</strong></span> <span class='ocrx_word' id='word_1_436' title='bbox 650 4153 677 4200; x_wconf 89' lang='lat' dir='ltr'><strong>in</strong></span> <span class='ocrx_word' id='word_1_437' title='bbox 693 4152 852 4214; x_wconf 79' lang='lat' dir='ltr'><strong>opotopetico</strong></span> <span class='ocrx_word' id='word_1_438' title='bbox 871 4158 983 4200; x_wconf 84' lang='lat' dir='ltr'><strong>tractatu</strong></span> <span class='ocrx_word' id='word_1_439' title='bbox 1005 4153 1118 4214; x_wconf 82' lang='lat' dir='ltr'><strong>ejusdem</strong></span> <span class='ocrx_word' id='word_1_440' title='bbox 1133 4167 1271 4214; x_wconf 84' lang='lat' dir='ltr'><strong>personam</strong></span> <span class='ocrx_word' id='word_1_441' title='bbox 1288 4153 1411 4212; x_wconf 61' lang='lat' dir='ltr'><strong>indum,</strong></span> <span class='ocrx_word' id='word_1_442' title='bbox 1440 4161 1467 4202; x_wconf 85' lang='lat' dir='ltr'><strong>ut</strong></span> 
     </span>
     <span class='ocr_line' id='line_1_44' title="bbox 199 4218 1452 4337; baseline -0.01 -59"><span class='ocrx_word' id='word_1_443' title='bbox 199 4229 315 4325; x_wconf 80' lang='lat' dir='ltr'><strong>plerique</strong></span> <span class='ocrx_word' id='word_1_444' title='bbox 333 4227 378 4275; x_wconf 84' lang='lat' dir='ltr'><strong>olii</strong></span> <span class='ocrx_word' id='word_1_445' title='bbox 391 4223 578 4296; x_wconf 75' lang='lat' dir='ltr'><strong>praestiterint,</strong></span> <span class='ocrx_word' id='word_1_446' title='bbox 597 4236 628 4269; x_wconf 84' lang='lat' dir='ltr'><strong>ne</strong></span> <span class='ocrx_word' id='word_1_447' title='bbox 637 4221 730 4336; x_wconf 65' lang='lat' dir='ltr'><strong>pelam</strong></span> <span class='ocrx_word' id='word_1_448' title='bbox 748 4219 905 4336; x_wconf 60' lang='lat' dir='ltr'><strong>oriepqott&#39;um</strong></span> <span class='ocrx_word' id='word_1_449' title='bbox 897 4220 1041 4336; x_wconf 63' lang='grc'><strong>081100111100</strong></span> <span class='ocrx_word' id='word_1_450' title='bbox 1057 4218 1179 4337; x_wconf 83' lang='lat' dir='ltr'><strong>subiret.C</strong></span> <span class='ocrx_word' id='word_1_451' title='bbox 1281 4284 1303 4337; x_wconf 60' lang='lat' dir='ltr'>fi</span> <span class='ocrx_word' id='word_1_452' title='bbox 1402 4284 1407 4294; x_wconf 42' lang='grc' dir='ltr'>Ι</span> <span class='ocrx_word' id='word_1_453' title='bbox 1447 4285 1452 4295; x_wconf 37' lang='grc' dir='ltr'>Ι</span> 
     </span>
     <span class='ocr_line' id='line_1_45' title="bbox 202 4288 1469 4430; baseline -0.007 -15"><span class='ocrx_word' id='word_1_454' title='bbox 202 4290 350 4415; x_wconf 60' lang='lat' dir='ltr'><strong>audii</strong></span> <span class='ocrx_word' id='word_1_455' title='bbox 367 4290 767 4429; x_wconf 43' lang='lat' dir='ltr'><strong>affininitatis?</strong></span> <span class='ocrx_word' id='word_1_456' title='bbox 788 4300 906 4428; x_wconf 56' lang='lat' dir='ltr'><strong>eainata</strong></span> <span class='ocrx_word' id='word_1_457' title='bbox 924 4288 1469 4430; x_wconf 53' lang='lat' dir='ltr'><strong>attatititttittttiiiiii</strong></span> 
     </span>
     <span class='ocr_line' id='line_1_46' title="bbox 201 4419 1470 4539; baseline -0.007 -57"><span class='ocrx_word' id='word_1_458' title='bbox 201 4428 299 4529; x_wconf 70' lang='lat' dir='ltr'><strong>eadepn</strong></span> <span class='ocrx_word' id='word_1_459' title='bbox 316 4427 477 4502; x_wconf 78' lang='lat' dir='ltr'><strong>fragmenta</strong></span> <span class='ocrx_word' id='word_1_460' title='bbox 493 4423 544 4476; x_wconf 91' lang='lat' dir='ltr'><strong>sub</strong></span> <span class='ocrx_word' id='word_1_461' title='bbox 562 4437 673 4474; x_wconf 89' lang='lat' dir='ltr'><strong>nomme</strong></span> <span class='ocrx_word' id='word_1_462' title='bbox 691 4419 866 4539; x_wconf 49' lang='lat' dir='ltr'><strong>Anastthqsull</strong></span> <span class='ocrx_word' id='word_1_463' title='bbox 885 4435 918 4538; x_wconf 77' lang='lat' dir='ltr'><strong>px</strong></span> <span class='ocrx_word' id='word_1_464' title='bbox 936 4436 1003 4496; x_wconf 45' lang='lat' dir='ltr'><strong>mss,</strong></span> <span class='ocrx_word' id='word_1_465' title='bbox 1019 4419 1121 4539; x_wconf 66' lang='lat' dir='ltr'><strong>Bellqlvi.</strong></span> <span class='ocrx_word' id='word_1_466' title='bbox 1141 4423 1175 4496; x_wconf 82' lang='grc' dir='ltr'><strong>01Ι</strong></span> <span class='ocrx_word' id='word_1_467' title='bbox 1186 4419 1294 4539; x_wconf 72' lang='lat' dir='ltr'><strong>ColrbeJ.</strong></span> <span class='ocrx_word' id='word_1_468' title='bbox 1314 4420 1470 4507; x_wconf 33' lang='lat' dir='ltr'><strong>vulgavit...</strong></span> 
     </span>
     <span class='ocr_line' id='line_1_47' title="bbox 201 4491 1468 4638; baseline -0.006 -20"><span class='ocrx_word' id='word_1_469' title='bbox 201 4491 1468 4638; x_wconf 45' lang='grc'><strong>101111111111111111111111111111111111111111111</strong></span> 
     </span>
     <span class='ocr_line' id='line_1_48' title="bbox 202 4622 1469 4701; baseline -0.006 -15"><span class='ocrx_word' id='word_1_470' title='bbox 202 4649 262 4686; x_wconf 87' lang='lat' dir='ltr'><strong>esse</strong></span> <span class='ocrx_word' id='word_1_471' title='bbox 280 4646 464 4701; x_wconf 81' lang='lat' dir='ltr'><strong>posueramus,</strong></span> <span class='ocrx_word' id='word_1_472' title='bbox 488 4626 583 4695; x_wconf 83' lang='lat' dir='ltr'><strong>quales</strong></span> <span class='ocrx_word' id='word_1_473' title='bbox 604 4628 668 4678; x_wconf 86' lang='lat' dir='ltr'><strong>sunt</strong></span> <span class='ocrx_word' id='word_1_474' title='bbox 685 4640 753 4692; x_wconf 85' lang='lat' dir='ltr'><strong>prae</strong></span> <span class='ocrx_word' id='word_1_475' title='bbox 775 4622 902 4675; x_wconf 88' lang='lat' dir='ltr'><strong>ommbus</strong></span> <span class='ocrx_word' id='word_1_476' title='bbox 921 4622 1022 4676; x_wconf 83' lang='lat' dir='ltr'><strong>Gelesu</strong></span> <span class='ocrx_word' id='word_1_477' title='bbox 1041 4623 1159 4699; x_wconf 82' lang='lat' dir='ltr'><strong>epistola</strong></span> <span class='ocrx_word' id='word_1_478' title='bbox 1180 4633 1190 4675; x_wconf 90' lang='grc'><strong>1</strong></span> <span class='ocrx_word' id='word_1_479' title='bbox 1215 4639 1339 4691; x_wconf 83' lang='lat' dir='ltr'><strong>proxime</strong></span> <span class='ocrx_word' id='word_1_480' title='bbox 1357 4626 1469 4679; x_wconf 80' lang='lat' dir='ltr'><strong>antece·</strong></span> 
     </span>
     <span class='ocr_line' id='line_1_49' title="bbox 202 4690 1468 4761; baseline -0.007 -6"><span class='ocrx_word' id='word_1_481' title='bbox 202 4701 269 4755; x_wconf 87' lang='lat' dir='ltr'><strong>dens</strong></span> <span class='ocrx_word' id='word_1_482' title='bbox 287 4701 315 4752; x_wconf 85' lang='grc'><strong>01</strong></span> <span class='ocrx_word' id='word_1_483' title='bbox 332 4697 468 4751; x_wconf 79' lang='lat' dir='ltr'><strong>tractatus</strong></span> <span class='ocrx_word' id='word_1_484' title='bbox 488 4700 509 4747; x_wconf 93' lang='lat' dir='ltr'><strong>l.</strong></span> <span class='ocrx_word' id='word_1_485' title='bbox 546 4693 601 4747; x_wconf 87' lang='lat' dir='ltr'><strong>Sed</strong></span> <span class='ocrx_word' id='word_1_486' title='bbox 619 4692 673 4746; x_wconf 81' lang='lat' dir='ltr'><strong>alia</strong></span> <span class='ocrx_word' id='word_1_487' title='bbox 692 4709 724 4744; x_wconf 86' lang='lat' dir='ltr'><strong>ex</strong></span> <span class='ocrx_word' id='word_1_488' title='bbox 742 4693 821 4759; x_wconf 82' lang='lat' dir='ltr'><strong>parto</strong></span> <span class='ocrx_word' id='word_1_489' title='bbox 841 4691 937 4743; x_wconf 75' lang='lat' dir='ltr'><strong>erintra</strong></span> <span class='ocrx_word' id='word_1_490' title='bbox 956 4690 1096 4744; x_wconf 70' lang='lat' dir='ltr'><strong>Gelensium</strong></span> <span class='ocrx_word' id='word_1_491' title='bbox 1114 4691 1166 4744; x_wconf 90' lang='lat' dir='ltr'><strong>hoe</strong></span> <span class='ocrx_word' id='word_1_492' title='bbox 1189 4691 1296 4744; x_wconf 82' lang='lat' dir='ltr'><strong>accedit</strong></span> <span class='ocrx_word' id='word_1_493' title='bbox 1319 4709 1468 4761; x_wconf 82' lang='lat' dir='ltr'><strong>argumen-</strong></span> 
     </span>
     <span class='ocr_line' id='line_1_50' title="bbox 201 4757 1468 4840; baseline -0.007 -17"><span class='ocrx_word' id='word_1_494' title='bbox 201 4772 273 4834; x_wconf 91' lang='lat' dir='ltr'><strong>tum,</strong></span> <span class='ocrx_word' id='word_1_495' title='bbox 301 4764 376 4834; x_wconf 89' lang='lat' dir='ltr'><strong>quod</strong></span> <span class='ocrx_word' id='word_1_496' title='bbox 392 4764 450 4833; x_wconf 88' lang='lat' dir='ltr'><strong>ipse</strong></span> <span class='ocrx_word' id='word_1_497' title='bbox 473 4762 590 4840; x_wconf 87' lang='lat' dir='ltr'><strong>epistola</strong></span> <span class='ocrx_word' id='word_1_498' title='bbox 608 4767 622 4814; x_wconf 84' lang='grc'><strong>7</strong></span> <span class='ocrx_word' id='word_1_499' title='bbox 646 4758 784 4813; x_wconf 83' lang='lat' dir='ltr'><strong>Dardanis</strong></span> <span class='ocrx_word' id='word_1_500' title='bbox 804 4757 981 4826; x_wconf 84' lang='lat' dir='ltr'><strong>pontificatus</strong></span> <span class='ocrx_word' id='word_1_501' title='bbox 1004 4758 1046 4811; x_wconf 90' lang='lat' dir='ltr'><strong>sui</strong></span> <span class='ocrx_word' id='word_1_502' title='bbox 1068 4757 1148 4812; x_wconf 82' lang='lat' dir='ltr'><strong>initia</strong></span> <span class='ocrx_word' id='word_1_503' title='bbox 1168 4758 1293 4812; x_wconf 81' lang='lat' dir='ltr'><strong>iudicans</strong></span> <span class='ocrx_word' id='word_1_504' title='bbox 1314 4777 1359 4812; x_wconf 88' lang='lat' dir='ltr'><strong>res</strong></span> <span class='ocrx_word' id='word_1_505' title='bbox 1382 4761 1468 4815; x_wconf 84' lang='lat' dir='ltr'><strong>eecle-</strong></span> 
     </span>
     <span class='ocr_line' id='line_1_51' title="bbox 202 4825 1468 4901; baseline -0.008 -10"><span class='ocrx_word' id='word_1_506' title='bbox 202 4835 326 4890; x_wconf 79' lang='lat' dir='ltr'><strong>siastieus</strong></span> <span class='ocrx_word' id='word_1_507' title='bbox 343 4832 416 4886; x_wconf 85' lang='lat' dir='ltr'><strong>illius</strong></span> <span class='ocrx_word' id='word_1_508' title='bbox 435 4829 555 4898; x_wconf 76' lang='lat' dir='ltr'><strong>regionis</strong></span> <span class='ocrx_word' id='word_1_509' title='bbox 573 4829 656 4896; x_wconf 84' lang='lat' dir='ltr'><strong>longe</strong></span> <span class='ocrx_word' id='word_1_510' title='bbox 675 4827 743 4882; x_wconf 86' lang='lat' dir='ltr'><strong>alias</strong></span> <span class='ocrx_word' id='word_1_511' title='bbox 762 4825 900 4895; x_wconf 86' lang='lat' dir='ltr'><strong>supponit,</strong></span> <span class='ocrx_word' id='word_1_512' title='bbox 923 4843 1005 4892; x_wconf 85' lang='lat' dir='ltr'><strong>quain</strong></span> <span class='ocrx_word' id='word_1_513' title='bbox 1025 4845 1095 4901; x_wconf 86' lang='lat' dir='ltr'><strong>quae</strong></span> <span class='ocrx_word' id='word_1_514' title='bbox 1114 4830 1210 4880; x_wconf 84' lang='lat' dir='ltr'><strong>nostra</strong></span> <span class='ocrx_word' id='word_1_515' title='bbox 1228 4827 1346 4896; x_wconf 79' lang='lat' dir='ltr'><strong>epistola</strong></span> <span class='ocrx_word' id='word_1_516' title='bbox 1363 4845 1468 4882; x_wconf 85' lang='lat' dir='ltr'><strong>inemo—</strong></span> 
     </span>
    </p>
   </div>
   <div class='ocr_carea' id='block_1_8' title="bbox 203 4906 308 4959">
    <p class='ocr_par' dir='ltr' id='par_1_11' title="bbox 203 4906 308 4959">
     <span class='ocr_line' id='line_1_52' title="bbox 203 4906 308 4959; baseline -0.038 0"><span class='ocrx_word' id='word_1_517' title='bbox 203 4906 308 4959; x_wconf 80' lang='lat' dir='ltr'><strong>rantur.</strong></span> 
     </span>
    </p>
   </div>
   <div class='ocr_carea' id='block_1_9' title="bbox 0 0 1628 5506">
    <p class='ocr_par' dir='ltr' id='par_1_12' title="bbox 0 0 1628 5506">
     <span class='ocr_line' id='line_1_53' title="bbox 0 0 1628 5506; baseline 0 0"><span class='ocrx_word' id='word_1_518' title='bbox 0 0 1628 5506; x_wconf 95' lang='lat' dir='ltr'><strong> </strong></span> 
     </span>
    </p>
   </div>
  </div>
 </body>
</html>
