3204 5506
518 405 690 455 nrisroou
713 397 743 454 6.
1204 386 1268 453 689

100 579 210 624 nesse
238 565 346 624 debere
362 569 470 640 patres
496 566 598 624 sancti
621 571 807 624 sanxerunt:
840 568 952 639 quanto
979 564 1091 638 mapis,
1126 563 1209 638 quod
1234 564 1372 622 iussos.

100 667 169 727 ilica
182 667 263 743 sede,
278 682 338 726 non
353 668 513 726 exsistente
523 668 678 742 praesule,
704 667 758 741 qui
767 660 1036 745 praeropatiua⁴²)
1057 665 1172 724 meritis
1186 663 1269 723 beati

100 770 132 828 sii
151 769 238 828 Petri
259 784 319 844 per
340 770 509 829 uniuersum
533 770 632 828 orbem
652 769 818 843 primatum
841 769 977 828 obtinens
997 767 1176 840 sacerdotii,
1205 773 1266 825 sta-

100 871 286 948 upnodalibus
307 873 458 930 consueuit
481 873 613 931 tribuere
630 871 815 942 firmitatem,
840 887 861 927 a
875 872 973 944 iaicis,
996 871 1067 930 licet
1081 869 1267 928 consentien-

103 974 265 1047 aliquantis
286 974 435 1049 episcopis
463 968 530 1051 (qui
556 979 656 1032 tamen
672 973 827 1046 pontifici,
862 979 970 1046 a'quo
996 972 1173 1031 consecrari
1192 985 1267 1046 pro

100 1093 119 1148 r,
137 1075 367 1150 praejudicium
389 1073 508 1140 inferre
522 1091 584 1134 non
595 1068 786 1153 potuerint),
805 1080 1033 1149 praesumptum
1044 1072 1143 1145 fuisse
1156 1087 1267 1146 capno

100 1223 104 1245 ‚
128 1177 241 1237 uiribus
261 1193 370 1237 carere
391 1193 451 1237 non
473 1178 594 1237 dubium
616 1182 669 1249 est,
693 1191 748 1236 nec
764 1190 856 1251 posse
878 1177 958 1235 inter
979 1176 1184 1236 ecclesiastica
1204 1176 1267 1234 uilo

109 1284 224 1339 statuta
247 1280 383 1339 censeri!

100 1378 135 1440 ,1.
166 1375 286 1440 Sancta
308 1376 447 1459 synodus
462 1375 558 1439 dixit:
581 1376 735 1461 tiqrab)
750 1381 913 1442 secundum
923 1381 1166 1456 prosecutionem
1180 1395 1264 1440 uene·

100 1499 142 1542 um
166 1481 305 1554 fratrum
333 1488 503 1542 nostrorum
526 1482 698 1555 Laurentii,
724 1482 824 1556 Petri,
850 1482 979 1556 Eulaiii,
1005 1482 1173 1555 Cresconii,
1200 1481 1267 1541 Ma·

100 1584 144 1644 ael
157 1583 318 1659 Stephani,
343 1601 401 1643 nec
422 1584 507 1661 apud
527 1600 581 1643 nos
595 1586 742 1644 incertum
757 1584 893 1657 babetur,
917 1585 1000 1643 banc
1018 1586 1117 1659 ipsam
1137 1586 1266 1659 scriptu·

100 1687 202 1746 tullius
223 1703 286 1746 esse
307 1688 456 1758 momenti,
481 1702 568 1760 quae,
592 1688 711 1745 etiamsi
731 1688 837 1761 aliqua
847 1692 950 1761 posset
964 1686 1123 1746 subsistere
1136 1687 1264 1759 ratione,

122 1789 259 1848 amnibus
285 1790 317 1848 in
338 1789 481 1865 synodali
505 1796 653 1848 conuentu
675 1789 810 1863 provida
837 1786 1030 1847 beatitudinis
1057 1795 1176 1848 uestrae
1201 1805 1267 1848 sen·

115 1892 260 1949 causari
279 1890 471 1950 conueniebat
492 1896 521 1949 et
542 1893 573 1950 in
589 1891 708 1948 irritum
724 1890 843 1962 deduci,
867 1906 905 1949 ne
926 1891 957 1949 in
979 1891 1147 1965 exemplum
1169 1906 1267 1950 rema·

101 1993 320 2065 praesumendi
340 1992 517 2066 quibusiibet
543 1993 644 2064 iaicis,
676 1993 810 2065 quamuis
837 1993 987 2065 reiipiosis
1013 1993 1060 2051 oei
1083 1993 1264 2067 potentibus,

100 2109 232 2168 usumque
253 2095 375 2153 ciuitate
396 2093 525 2167 quolibet
552 2095 640 2153 modo
667 2095 785 2168 aliquid
810 2094 973 2153 decernere
999 2095 1038 2152 de
1058 2096 1268 2153 ecclesiasticis

102 2193 214 2263 atibns;
251 2211 381 2269 quarum
410 2196 481 2255 solis
512 2195 720 2255 sacerdotibus
754 2196 937 2270 disponendi
961 2197 1125 2256 indiscusse
1157 2212 1177 2255 a
1204 2196 1267 2255 lieo

100 2298 256 2356 commissa
279 2298 414 2357 docetur.
1045 2373 1051 2389 ι
1194 2358 1197 2365 ,

100 2392 136 2456 2.
174 2393 382 2478 Symmachus
416 2393 583 2477 episcopus
610 2394 705 2459 dixit:
742 2400 836 2461 Modo
864 2402 936 2475 quia
958 2400 1039 2460 Deus
1063 2400 1267 2475 praesentiam

101 2516 129 2558 m
151 2503 278 2560 uotioam
301 2501 375 2560 mibi
394 2501 448 2561 snb
470 2500 603 2574 qualibet
631 2503 789 2561 occasione
815 2503 976 2576 concessit,
1001 2504 1082 2575 uolo,
1106 2503 1135 2561 si
1151 2503 1264 2578 piacet,

100 2604 152 2661 ieri
169 2605 305 2675 firmam,
330 2620 418 2677 quum
441 2604 534 2662 credo
548 2603 758 2664 ecclesiasticis
769 2603 972 2676 facultatibus
986 2605 1162 2676 conuenire,
1187 2600 1266 2683 ut⁴⁴)

100 2712 168 2763 cant
189 2720 305 2776 omnes,
339 2720 413 2778 auos
440 2705 470 2763 in
499 2721 545 2762 me
572 2721 668 2764 vanus
691 2704 787 2777 furor
811 2708 970 2779 excitauit,
1006 2707 1083 2765 uitsil
1102 2722 1150 2764 me
1170 2707 1268 2779 maps‘s

100 2822 134 2878 ·e,
159 2822 250 2880 qnam
272 2812 305 2864 ut
326 2807 442 2865 saluum
464 2822 526 2864 esse
545 2808 654 2882 possit,
685 2809 767 2882 quod
787 2808 862 2866 mibi
881 2814 925 2867 est
946 2824 966 2866 a
988 2808 1051 2866 Deo
1073 2807 1126 2867 sub
1149 2809 1267 2882 dispen-

100 2909 339 2976 ecommissum,·
360 2909 416 2967 sed
435 2909 524 2966 etiam
547 2908 726 2982 quibuslibet
745 2910 968 2969 successoribus
984 2911 1077 2969 ileum
1098 2910 1268 2969 timentibus

100 3024 120 3067 n
142 3023 204 3068 esse
226 3009 332 3068 debeat
353 3015 382 3066 et
404 3010 447 3068 ad
467 3011 666 3069 ecclesiastici
685 3012 851 3071 custodiam
868 3012 1054 3087 patrimonii
1067 3013 1233 3087 pertinere.

100 3158 306 3169 -.-—-.-..2

115 3262 146 3312 de
165 3264 333 3313 ecclesiastici
343 3263 416 3325 juris
431 3266 593 3328 proprietate
612 3265 744 3329 tepeseat,
768 3265 844 3314 aliter
862 3280 912 3315 non
929 3267 1025 3326 ualeat,
1050 3266 1099 3314 nisi
1115 3266 1267 3315 tantumdem

100 3351 117 3397 fs
133 3351 238 3412 proprii
252 3349 377 3411 facultate
394 3351 557 3413 suppleverit.
587 3345 624 3398 At
641 3359 706 3398 vero
725 3343 798 3398 circa
814 3343 953 3398 vendendi
969 3344 1139 3410 facultatem,
1158 3345 1193 3399 de
1211 3363 1268 3415 qua

100 3427 182 3483 sxime
200 3429 301 3499 agitur,
323 3428 399 3484 idem
417 3431 580 3500 Epaonsnse
599 3428 743 3483 consilium
762 3446 784 3482 c.
800 3435 830 3482 li
847 3428 998 3499 praecipit:
1026 3433 1114 3485 Nullus
1132 3437 1267 3500 episcopus

100 3520 264 3569 aecclesiae
282 3533 343 3567 suae
360 3521 415 3568 sine
432 3520 587 3569 canscientia
605 3519 794 3581 metropolitani
809 3520 850 3567 sui
861 3520 986 3568 uendendi
997 3520 1096 3584 ailquid
1111 3520 1204 3570 babeat
1219 3539 1266 3586 po·

100 3620 123 3652 n.
159 3598 205 3652 Sic
222 3598 336 3652 etAfris
353 3598 382 3651 in
400 3599 516 3654 concilio
535 3597 747 3666 Carthaginensi
764 3597 790 3653 V
808 3604 861 3652 o.4
880 3604 991 3667 placuit,
1014 3610 1042 3653 ut
1062 3621 1115 3655 rem
1133 3605 1266 3657 Ecclesiae

100 3688 193 3737 ¹eutitii:
217 3689 285 3752 quad
305 3689 330 3738 si
346 3690 432 3753 aliqua
451 3690 589 3738 necessitas
606 3688 684 3752 capit,
711 3688 776 3737 itanc
798 3689 973 3738 insinuandam
995 3704 1051 3739 esse
1065 3693 1172 3754 prbssati
1188 3692 1267 3755 ipsius

100 3775 153 3823 iae.
189 3767 359 3822 Permittunt
375 3770 479 3829 tumen,
498 3779 524 3821 ut
540 3775 565 3821 si
581 3779 652 3821 tanta
670 3774 809 3822 necessitas
827 3781 900 3837 urpet
914 3772 1055 3838 Ecclesiae,
1074 3781 1100 3823 ut
1119 3791 1169 3825 noa
1184 3778 1268 3843 possit

100 3855 210 3906 riualem
228 3861 373 3914 consulere,
396 3857 481 3908 babilo
499 3859 634 3906 uicinorum
651 3858 827 3922 cpiscoporum
843 3859 951 3908 concilia
969 3861 1116 3909 necessitati
1132 3861 1189 3910 taio
1203 3876 1267 3925 pro·

100 3957 138 3991 er:
168 3937 243 4005 quod
265 3937 294 3992 in
316 3936 398 3992 Italia
419 3954 474 3992 nou
498 3937 565 3992 satis
588 3935 671 3992 fuisse
690 3955 724 3992 cx
746 3938 839 4012 serbis
857 3937 966 4006 Eulalii‚
989 3956 1061 4009 quas
1079 3939 1267 4011 expendimus,

117 4107 161 4162 lta
177 4109 212 4161 B¹
224 4107 257 4161 1²²
269 4107 304 4160 1³⁶
317 4108 416 4176 (K¹²?),
433 4107 487 4161 nisi
508 4106 584 4176 quod
601 4107 634 4161 B¹
653 4114 871 4177 praeropativam.
898 4108 933 4162 Fi
951 4116 1155 4178 praeropatiuam
1171 4115 1267 4170 meriti:

100 4199 151 4248 eati
167 4201 259 4255 meriti,
277 4193 299 4247 0
314 4195 339 4247 c²
352 4208 409 4260 seq.
429 4197 498 4247 beati
514 4199 617 4247 meritis.
631 4224 665 4232 -
683 4192 808 4263 Sequens
825 4212 850 4247 n.
866 4200 896 4247 11
915 4193 944 4247 in
961 4194 995 4247 Ε2
1013 4193 1054 4249 isa
1071 4194 1155 4249 minio
1173 4194 1267 4249 inscri-

111 4280 245 4333 Sententia
266 4284 346 4347 ipsius
368 4283 461 4345 synodi
481 4298 531 4347 qua
547 4283 693 4346 praescium
711 4284 841 4334 constituit
863 4285 954 4333 nuiiius
972 4298 1029 4333 esse
1045 4286 1162 4334 momenti
1177 4286 1266 4334 decer-

100 4448 181 4504 iuss.
200 4447 290 4502 nostri
308 4465 370 4502 cum
388 4448 417 4500 h¹
431 4451 455 4502 θ’
474 4455 544 4512 iicet,
573 4449 648 4518 quod
665 4448 779 4504 indubie
802 4465 864 4503 oum
883 4451 909 4502 ο2
921 4465 977 4516 seq.
997 4455 1075 4518 liquet
1092 4448 1266 4504 mutavimus.

100 4532 122 4585 3¹
142 4538 310 4603 Cbrpsoponi,
341 4531 439 4587 deinde
462 4531 496 4585 E’
519 4539 590 4601 apud
610 4553 654 4586 aas
677 4534 706 4587 at
729 4533 833 4587 omittit
854 4540 953 4588 nullius.
997 4533 1062 4587 Mox
1080 4537 1106 4587 c'
1118 4551 1175 4603 seq.
1196 4555 1268 4605 quam

101 4659 106 4670 .
141 4616 176 4671 F⁶
195 4619 325 4688 corrupte
340 4620 494 4687 providebat
511 4622 534 4671 b.
554 4639 577 4672 a.
595 4624 737 4673 sententiae
759 4637 864 4672 serame
885 4638 909 4672 c.
928 4637 951 4672 e.
970 4625 997 4672 in
1014 4629 1111 4672 rectum
1129 4623 1223 4673 deduci
1239 4639 1268 4674 ae

100 4722 117 4756 n
135 4709 169 4759 lo.

100 4723 152 4841 tt?
163 4786 201 4842 H’
218 4799 252 4845 et.
281 4787 345 4841 Mox
358 4788 392 4841 Ε2
411 4808 494 4842 omnes
511 4794 538 4842 in
556 4808 592 4843 me
612 4807 661 4842 non
678 4807 757 4841 uanus
766 4792 844 4854 furor
904 4795 987 4843 saluus
1005 4809 1061 4843 esse
1076 4795 1179 4858 passim.
1203 4788 1270 4843 Mox

113 4876 313 4936 successoribus,
331 4888 415 4940 quam
433 4875 459 4926 ο7
472 4888 529 4938 seq.
550 4872 585 4926 ad
603 4888 691 4941 marg.
710 4875 877 4942 posuerunt,
901 4891 963 4928 cum
982 4874 1013 4927 Β1
1026 4874 1060 4953 Et
1072 4875 1106 4928 F²
1119 4875 1155 4930 He
1167 4876 1196 4928 h¹
1219 4890 1270 4930 suo

100 4955 258 5012 astituimus.
1056 4956 1058 4960 ¹

100 5061 188 5100 sousa
203 5063 307 5101 nouus.
321 5061 434 5099 sonnis.
452 5047 474 5101 Ι.
1023 5053 1065 5110 44
