3204 5506
487 387 680 438 sermonen
705 378 892 437 109—111.
1263 369 1323 433 911

52 566 133 609 nem
156 547 252 628 atque
266 542 438 627 Eulogium
454 542 656 606 desiderabili
671 540 834 605 hilaritate
850 541 1060 623 suscepimus,
1083 560 1216 623 quorum
1236 540 1448 622 pausasse.)

53 649 281 731 praeceptum,
312 667 367 709 cur
389 666 470 728 quae
492 644 737 708 Thessalonicae
759 643 965 727 contigerunt
990 662 1055 705 non
1081 640 1322 723 insinuavimus,
1337 629 1380 682 ep.
1390 620 1430 669 ⁹⁷·

54 748 227 833 arguebat.
266 745 327 812 Sed
350 746 446 831 longe
470 749 545 810 ante
567 746 634 829 ejus
658 746 829 809 adventum
850 744 1016 808 occasione
1032 746 1215 826 comparata
1238 765 1325 806 eura-
1338 764 1380 818 ep.
1394 755 1449 803 100.

54 852 163 915 vimus
185 850 378 935 significare,
402 869 609 932 quaecunque
632 847 681 911 vel
703 869 828 911 rumore
850 845 1048 911 venientium
1070 845 1120 908 vel
1141 865 1250 908 eorum
1272 845 1325 930 qui

54 951 261 1037 pertulerunt
288 951 432 1034 scriptis,
467 971 601 1034 quorum
629 948 856 1033 exemplaria²)
887 948 997 1011 subter
1025 946 1243 1030 adjunximus,
1275 948 1326 1011 vel
1339 969 1382 1020 ep.
1394 957 1450 1017 102.

47 1053 196 1138 ,piissimi
218 1051 373 1137 principis
395 1052 581 1115 narratione
604 1051 823 1135 comperimus
865 1049 980 1116 Secuta
1003 1053 1052 1112 est
1072 1049 1233 1113 vindictae
1255 1072 1325 1134 pro-

54 1156 186 1220 missio:
209 1154 287 1219 adeo
309 1157 345 1217 ut
367 1152 547 1218 Dorotheus
570 1152 863 1217 Thessalonicensis
886 1152 1051 1236 episcopus
1074 1151 1115 1214 ad
1136 1150 1326 1216 Heracleam

55 1256 269 1322 deduceretur
292 1256 470 1338 civitatem,
495 1257 596 1320 donec
619 1277 712 1320 causa
734 1255 908 1319 terminum
929 1253 1092 1338 reperiret.
1136 1252 1225 1318 Inter
1246 1253 1327 1318 haec

55 1359 233 1424 secundum
256 1380 304 1439 ea,
328 1379 409 1441 quae
431 1358 650 1442 praecepistis
675 1357 897 1421 auctoritatem
914 1355 1110 1439 apostolatus
1126 1357 1222 1420 vestri
1239 1357 1326 1441 prin·
1340 1347 1427 1463 θ19297

56 1461 124 1546 cipi
148 1462 311 1525 insinuare
335 1460 527 1542 curavimus,
556 1463 593 1524 ut
616 1460 655 1523 ad
677 1457 916 1542 percipiendam
943 1457 1123 1522 doctrinam
1151 1457 1326 1522 catholicae
1353 1427 1378 1462 n'
1409 1451 1415 1463 ⁶

54 1563 211 1648 puritatis
233 1561 368 1626 Romam
390 1562 554 1646 praefatus
577 1560 757 1625 Dorotheus
782 1582 847 1624 una
875 1582 947 1624 cum
968 1559 1110 1623 Aristide
1131 1560 1324 1624 mitteretur.

56 1663 122 1740 Qui
155 1663 320 1748 respondit
350 1686 477 1728 causam
509 1685 573 1727 non
608 1684 691 1745 esse,
726 1684 784 1746 pro
816 1684 878 1746 qua
911 1660 1046 1725 Romam
1079 1662 1326 1748 dirigerenuu³)

57 1766 228 1849 audiendi,
265 1766 320 1830 ubi
357 1765 426 1829 sine
459 1768 678 1830 accusatorum
712 1763 928 1828 controversia
964 1786 997 1828 se
1030 1768 1161 1847 possent
1196 1764 1326 1829 liberius

57 1889 224 1933 excusare.
262 1867 324 1932 Sed
339 1871 481 1952 repente,
505 1867 580 1930 dum
595 1865 674 1930 haec
689 1869 855 1950 genmtur,
880 1864 921 1928 ab
935 1864 1147 1947 Heracliensi,
1171 1870 1327 1950 quantum

57 1970 261 2056 agnovimus,
286 1970 320 2033 in
343 1992 405 2054 qua
420 1970 599 2051 tenebatur,
624 1969 771 2032 dimissus
787 1971 836 2032 est
852 1966 996 2031 civitate:
1019 1989 1115 2052 quam
1129 1968 1170 2031 ob
1186 1990 1324 2051 causam,
1401 2043 1404 2060 ,

56 2072 109 2137 vel
133 2095 195 2156 qua
217 2073 342 2136 ratione
365 2075 421 2136 aut
444 2071 636 2152 conditione,
661 2070 710 2134 vel
732 2070 845 2154 quibus
868 2070 1048 2153 agentibus,
1072 2070 1268 2155 ignoramus.

144 2175 176 2238 2,
211 2173 259 2237 Dc
281 2173 425 2257 paschali
448 2173 498 2237 die
520 2176 626 2236 vestra
643 2171 803 2235 beatitudo
819 2175 991 2256 cognoscat
1007 2173 1199 2235 concordare
1214 2172 1326 2237 Orien·

56 2277 175 2340 talium
199 2297 270 2339 cum
286 2276 461 2359 apostolica
476 2274 550 2339 sede
567 2273 771 2356 sententiam,
795 2277 831 2337 ut
844 2273 925 2337 XIII
940 2271 1153 2338 Calendarum
1167 2272 1326 2358 Majarum

57 2378 109 2442 die
132 2377 294 2466 festivitas
318 2376 508 2441 celebranda
530 2379 684 2459 speretur,
711 2376 794 2439 sicut
815 2375 975 2440 Johannis
997 2397 1121 2459 quoque
1144 2375 1326 2441 Constanti-

57 2479 240 2563 nopolitani
263 2479 418 2543 antistitis
441 2479 596 2542 relatione
620 2477 762 2542 clarebit.
808 2477 969 2561 Superest,
993 2481 1029 2540 ut
1050 2477 1204 2542 orationis
1226 2479 1326 2542 beati·
1340 2515 1382 2569 ep.
1396 2505 1451 2555 109.

57 2582 181 2645 tudinis
205 2584 329 2644 vestrae
351 2580 542 2644 adminiculo
567 2580 720 2662 celeriter,
744 2580 828 2644 sicut
843 2579 997 2664 cupimus,
1020 2580 1134 2644 vestris
1150 2602 1328 2646 mereamur

56 2683 261 2769 praesentari
283 2683 438 2768 vestigiis.

559 2853 740 2956 Epistola
766 2854 825 2935 111

669 2989 717 3024 scu

194 3058 406 3142 suggesti0¹)
428 3065 583 3122 Dioscuri
604 3064 740 3121 diaconi
760 3065 805 3120 ad
825 3064 1041 3122 Hormisdam
1062 3079 1193 3134 papam.
1338 3078 1362 3115 a.
1373 3063 1453 3118 19οά

88 3198 234 3249 Johannes:
251 3198 555 3263 Coustuntiaopolitanum
577 3199 713 3246 antistitem
740 3212 775 3245 ex
801 3196 848 3244 hue
870 3198 921 3246 vitu
944 3199 1089 3247 discessisse
1112 3199 1217 3262 ejusque
1239 3200 1294 3248 loeo
1338 3132 1464 3255 2ch33?

508 3285 610 3332 electum
628 3297 683 3331 esse
702 3280 881 3345 Epiphaniam.
1344 3267 1459 3339 IApril.

145 3414 228 3479 Erat
250 3414 391 3499 optabile
414 3420 446 3479 et
467 3420 541 3478 voto
556 3418 666 3478 nostro
690 3415 893 3496 conveniens,
919 3415 1129 3479 consonantia
1143 3417 1325 3499 praeteritis

52 3585 154 3656 perior
172 3591 213 3650 97,
232 3585 321 3639 altera
337 3602 388 3655 per
405 3584 561 3653 Eulogium,
580 3601 651 3651 quae
669 3584 759 3638 adhue
771 3584 850 3649 latet,
867 3583 1036 3638 transmissa.
1066 3584 1107 3638 De
1120 3585 1173 3638 hac
1183 3587 1327 3655 postrema

52 3670 137 3740 loqui
154 3669 266 3724 videtur
284 3669 424 3723 Johannes
446 3668 475 3722 in
492 3669 620 3738 proxima
643 3668 762 3738 epistola
780 3675 828 3722 109
845 3687 871 3722 n.
891 3676 919 3734 9,
941 3668 990 3723 nbi
1007 3669 1169 3724 Dominicae
1190 3671 1326 3741 passionis

55 3755 147 3821 diem,
165 3754 214 3822 qui
225 3753 254 3807 in
271 3753 358 3824 ipsius
370 3753 536 3808 Hormisdae
547 3754 648 3808 litteris
661 3754 829 3820 continetur,
847 3757 923 3808 recte
936 3753 1057 3808 adscribi
1070 3756 1228 3824 respondet.
1247 3756 1324 3812 Conf.

54 3843 115 3894 not.
137 3838 219 3909 epist.
237 3838 332 3891 Herm.
352 3854 408 3890 non
426 3840 543 3892 exstant.
563 3857 589 3892 n.
608 3839 718 3892 XXVII.

127 3926 149 3991 ²)
167 3923 212 3977 Ita
224 3922 268 3977 Ga
295 3923 345 3980 Ed.
358 3930 484 3990 exempla.
514 3924 555 3977 Ex
572 3924 615 3976 his
635 3942 717 3977 unum
735 3924 772 3978 ad
790 3941 839 3978 nos
856 3923 995 3993 pervenit,
1015 3924 1071 3978 scil.
1085 3925 1203 3994 epistola
1217 3933 1265 3981 109
1278 3944 1327 3981 seu

56 4008 197 4064 indiculus
215 4025 232 4062 a
248 4008 375 4062 Johanne
394 4006 522 4078 episeopo
546 4010 575 4062 et
592 4008 748 4078 Epiphanio
766 4008 930 4079 presbytero
949 4008 1082 4077 directus,
1106 4009 1153 4078 qui
1171 4026 1201 4064 re
1219 4011 1281 4080 ipsa
1297 4012 1327 4064 in

57 4094 196 4150 Vaticano
216 4092 367 4162 exemplari
385 4091 520 4162 epistolae
538 4093 600 4147 huic
618 4094 797 4147 subnectitur.

126 4181 147 4247 ³)
167 4177 202 4231 G¹
222 4183 403 4246 delipercnlur,
428 4176 469 4231 ed.
490 4184 680 4247 detruncentur.
709 4178 827 4247 Propius
845 4178 1107 4248 abestaprimacva
1124 4179 1243 4234 lectione
1262 4187 1325 4234 diri·

56 4274 191 4333 perentur.
231 4263 293 4332 Ipse
311 4261 461 4316 Hormisda
479 4262 559 4332 epist.
578 4270 610 4318 91
629 4282 653 4317 n.
674 4270 689 4316 9
708 4262 872 4332 petitionem
896 4280 987 4327 suam,
1010 4263 1046 4317 ad
1070 4282 1154 4333 quam
1176 4265 1221 4319 hic
1242 4267 1328 4336 respi-

60 4349 143 4415 usur,
163 4346 263 4402 eodem
280 4348 366 4401 verbo
386 4347 424 4401 sic
443 4346 582 4417 exprimit:
602 4359 629 4401 ut
651 4352 880 4402 Thessalonicensis
898 4354 1004 4402 antistes
1022 4369 1038 4401 u
1054 4355 1172 4418 principe
1189 4361 1215 4404 [a
1235 4355 1327 4407 Urbem

59 4441 184 4494 directus,
204 4436 235 4486 ab
254 4439 396 4501 apostolica
413 4438 542 4501 percipiet
558 4439 618 4486 scdc
637 4438 785 4490 doctrinam.
821 4433 927 4487 Notatu
946 4433 1061 4501 dignum
1080 4435 1122 4487 est
1138 4433 1180 4499 id,
1199 4435 1274 4504 quod
1292 4437 1326 4491 dc

58 4516 241 4589 percipienda
264 4517 390 4572 doctrina
411 4517 560 4572 Hormisda
582 4517 703 4583 dixerat,
730 4518 764 4572 de
782 4517 925 4572 subeundo
944 4517 1048 4586 judicio
1072 4536 1089 4572 a
1111 4519 1219 4573 Iustino
1244 4521 1327 4591 expli·

59 4605 124 4659 cari.
162 4602 267 4657 Verum
286 4619 380 4669 causa,
400 4620 448 4656 cur
465 4603 510 4657 hic
527 4604 656 4673 princeps
673 4603 845 4657 Dorotheum
864 4621 926 4656 cum
939 4602 1061 4657 Aristide
1079 4604 1197 4658 Romam
1214 4605 1327 4660 mittere

57 4687 165 4757 renuit,
184 4705 219 4742 ea
235 4688 297 4757 ipsa
315 4690 364 4742 aut
381 4689 439 4743 fere
456 4687 517 4758 ipsa
535 4689 589 4754 est,
608 4689 644 4742 ob
663 4706 759 4757 quam,
777 4691 809 4741 ut
821 4686 998 4742 Constantius
1015 4688 1045 4742 in
1062 4689 1215 4743 Innocentii
1228 4691 1328 4761 episto-

55 4771 113 4831 lam
131 4781 148 4828 4
166 4775 223 4828 not.
242 4795 256 4827 r
274 4773 411 4842 exposuit,
436 4773 584 4843 peregrina
602 4774 710 4841 judicia
727 4773 853 4843 pluribus
871 4789 1007 4827 canonum
1025 4773 1142 4828 decretis
1159 4775 1328 4845 principum-

55 4877 111 4929 que
130 4858 230 4914 edictis
247 4857 437 4928 prohibentur.

54 4952 105 5000 111
146 4947 166 5013 1)
186 4943 369 5012 Theophanes
386 4961 452 5013 pag.
474 4950 520 4998 119
539 4943 593 5012 (ed.
612 4947 699 5001 Bouu.
718 4964 744 5015 p.
765 4943 1031 5016 256)Epiphanium
1049 4962 1122 5000 auno
1140 4946 1328 5003 5901161111-
