3224 5506
636 334 850 387 assensum
874 327 1020 387 et-ee.
1403 324 1466 390 503

172 499 309 576 iimuS,
336 492 467 557 mortuis
475 491 502 579 ⁸)
526 491 760 556 communicare
783 514 849 556 nou
872 494 1084 578 possumus⁴).
1130 493 1174 559 Hi
1197 516 1287 579 sane,
1311 495 1365 580 qui
1389 500 1465 561 ante

174 595 392 663 audientiam
416 594 650 659 communicare
671 594 880 678 tentaverint,
904 596 1004 659 donee
1020 618 1077 679 per
1092 597 1325 680 poenitentiam
1341 601 1465 663 reatum

174 721 275 765 suum
309 695 459 780 defleant,
482 696 522 761 ad
546 697 802 762 communionem
824 696 913 762 nullo
934 697 1027 761 modo
1044 698 1260 781 perducantur
1268 701 1307 786 ⁵),
1331 703 1464 784 excepto

175 800 309 867 nortis
331 799 463 864 interitu
485 801 632 884 urgente.
682 795 743 874 eui
766 819 840 863 vero
863 800 1137 864 excommunicato
1165 801 1303 866 scientes
1326 823 1463 866 eommu-

175 901 364 985 meaverit,
386 904 420 966 et
441 901 555 966 amodo
564 900 591 985 ⁰)
613 901 727 965 saltem
749 900 781 964 in
806 903 899 965 domo
923 901 1018 966 simul
1033 903 1182 987 oraverit,
1206 906 1302 988 atque
1323 904 1463 968 latebras

173 1002 389 1070 defensionis
396 1003 434 1089 ⁷),
458 1025 499 1068 ne
514 1025 577 1088 quo
591 1003 698 1069 minus
713 1004 754 1068 ad
769 1003 1023 1069 satisfactionem
1037 1004 1241 1089 perducatur,
1263 1006 1461 1090 praebuerit:

172 1103 288 1171 donec
318 1106 357 1170 ab
379 1105 688 1171 excommunicatore
710 1106 944 1191 poenitentiam
974 1106 1129 1191 accipiat,
1160 1107 1300 1191 corporis
1330 1111 1362 1171 et
1389 1129 1461 1172 san-

168 1208 299 1288 mrinis
323 1207 450 1273 Domini
474 1208 696 1276 communione
717 1207 879 1292 privatum
901 1231 935 1275 se
957 1231 1026 1276 esse
1049 1210 1267 1296 eognoscat⁸),
1297 1214 1329 1275 et
1351 1232 1461 1276 secun·

164 1305 249 1375 dum
283 1332 429 1377 canones
451 1311 628 1398 poeniteat.

642 1466 923 1570 nnmerum
950 1467 1007 1550 38.

105 1593 143 1644 57·
197 1601 247 1650 llt
275 1607 408 1656 ecelesiae
425 1607 511 1657 editius
529 1614 554 1657 et
571 1609 747 1672 mysteriorum
765 1608 900 1657 communio
918 1608 1008 1658 viduae
1026 1624 1075 1657 non
1094 1615 1211 1671 nepetnr,
1232 1610 1342 1672 quamvis
1358 1616 1418 1673 post

603 1693 732 1742 oidudutis
747 1695 906 1756 propositum
924 1694 1047 1756 nupserit.

345 1807 549 1893 Stephano
571 1808 760 1893 episcopo
783 1807 980 1872 Gelasius

257 1923 474 2011 Oportuerat
502 1927 695 2010 Antistium,
730 1948 811 2011 quae
839 1925 956 1992 direxit
983 1928 1184 2011 petitorium,
1219 1929 1254 1992 in
1283 1928 1463 1994 desiderata

148 2015 220 2081 sibi
255 2028 431 2108 pudicitia
451 2051 655 2114 permanere,
685 2028 759 2113 quia
781 2051 847 2093 non
869 2028 965 2093 facile
989 2032 1194 2093 contemnere
1222 2030 1347 2111 debuit,
1379 2032 1462 2114 quod

147 2117 277 2188 facile
316 2131 403 2215 prius
431 2130 567 2196 credidit
593 2130 830 2215 postulandum.
882 2129 1083 2195 Pertractato
1119 2133 1204 2195 eninr
1240 2134 1274 2195 et
1302 2134 1462 2196 maturato

148 2225 326 2296 consilio
341 2232 546 2316 juventutem
567 2255 658 2297 suam
680 2231 730 2296 vel
753 2254 801 2314 ea,
824 2254 906 2316 quae
928 2232 1078 2316 petitorio
1088 2234 1123 2316 ¹),
1145 2233 1256 2296 debuit
1278 2233 1460 2316 aestimare,

147 2338 221 2384 ¹¹⁶0
276 2338 398 2400 eontra
429 2334 617 2399 electionem
650 2332 814 2398 viduitatis
843 2333 984 2397 indictae
1012 2334 1166 2419 suffragia
1199 2333 1400 2419 postmodum
1429 2338 1463 2400 et

147 2432 373 2530 Ofssasiones
395 2436 591 2522 rumpendae
613 2457 764 2522 quaerere
780 2436 950 2500 castitatis.
981 2434 1042 2500 Sed
1065 2437 1141 2521 quia
1162 2437 1350 2500 mutabilem
1373 2459 1460 2501 men-

149 2524 193 2632 lffl
218 2539 420 2623 e1·1·orem²)
443 2538 594 2603 ferendae
611 2537 723 2622 culpae
746 2537 921 2622 cupiditate
936 2538 1115 2621 temerarit,
1139 2540 1172 2603 et
1186 2539 1337 2602 maritum
1352 2539 1460 2623 potius

149 2639 446 2705 mcontinentiae
474 2662 566 2722 suae,
601 2639 684 2724 quod
713 2638 809 2704 nullis
843 2638 1031 2723 prohibetur
1059 2639 1236 2726 legibue),
1278 2640 1459 2725 exquisivit,

234 2769 498 2790 M.—

239 2852 271 2921 ³)
298 2860 342 2916 Sic
358 2861 392 2928 Ψ
406 2861 441 2926 0²
459 2861 491 2915 T.
521 2861 596 2915 AtZ
619 2878 682 2915 cum
704 2867 802 2915 2111811.
827 2881 873 2914 nec
895 2867 999 2915 mortuis
1021 2869 1201 2915 eorrmeunieorc
1224 2866 1348 2915 debemus.
1389 2859 1460 2915 Vide

157 2939 267 2992 'uma
292 2945 370 3017 epist.
392 2951 424 3001 18
441 2963 467 3000 n.
487 2951 503 2999 t
521 2946 550 2999 ct
571 2945 650 3016 epist.
670 2953 703 3000 30
720 2953 805 3012 113,
828 2944 877 2998 ubi
900 2944 1025 2999 Gelasius
1048 2945 1085 2999 ad
1107 2945 1292 3000 absolvendos
1314 2946 1459 2999 defunctos

158 3006 295 3083 ”nullm
317 3030 369 3086 sibi
390 3030 560 3101 potestatem
582 3048 642 3086 csso
665 3030 792 3085 adstruit.
830 3028 858 3083 Si
877 3031 971 3084 autem
994 3029 1034 3085 eis
1056 3030 1272 3097 alisolutionem
1296 3047 1367 3097 quae
1387 3045 1459 3084 com·

162 3102 347 3172 muni(inem
364 3115 531 3172 antecedere
550 3115 647 3182 debet,
664 3115 825 3186 impendero
843 3133 898 3170 nou
916 3116 1022 3185 potest,
1041 3130 1131 3182 neque
1148 3115 1242 3184 potest
1260 3132 1321 3168 oum
1334 3113 1373 3168 eis
1386 3131 1459 3169 com·

163 3187 337 3258 ”Quare

243 3277 273 3348 ')
295 3288 430 3344 11])0111
454 3286 499 3341 hic
521 3285 623 3341 desinit
643 3287 844 3353 fragmentum
867 3286 896 3339 in
914 3284 946 3350 Q*
961 3283 1027 3349 Q²z
1046 3285 1156 3339 tantum
1180 3302 1297 3352 sequens
1319 3284 1459 3340 sententia

167 3359 270 3420 ¹1⁸un
297 3373 333 3428 ad
351 3378 400 3439 Qui
415 3392 477 3427 oero
498 3369 679 3426 desideratur.
715 3370 756 3425 De
775 3371 874 3426 eadem
896 3388 926 3424 ro
949 3371 1002 3423 hoc
1023 3368 1052 3422 in
1071 3369 1186 3438 vulgato
1205 3369 1299 3424 codice
1321 3386 1457 3425 canonum

103 3486 105 3521 ς
168 3437 285 3509 καθ’.
305 3456 389 3513 hiric.
410 3475 432 3512 c.
452 3463 486 3511 au
502 3455 638 3511 habemus
660 3456 808 3510 statutum:
846 3461 946 3509 Placuit
967 3462 1083 3509 antonio
1105 3460 1225 3519 cointio,
1249 3465 1276 3508 nt
1297 3461 1341 3525 qui
1357 3476 1458 3510 escorn-

103 3534 105 3546 '
168 3530 326 3598 ”ulmeus
344 3547 426 3610 suerit
448 3551 500 3597 siae
522 3547 658 3610 episeopus
678 3546 731 3596 stne
755 3545 857 3611 quilibet
874 3546 993 3603 ctericus,
1017 3551 1043 3594 et
1060 3551 1173 3609 tempore
1192 3547 1457 3595 eoeeomnmnicotiom's

169 3614 239 3663 ’Ψ
260 3639 325 3683 anre
342 3634 496 3684 erudientium
512 3633 703 3681 commuttionem
723 3632 936 3695 praesumpserit,
960 3632 1016 3694 ipse
1039 3631 1065 3679 in
1085 3645 1113 3679 se
1137 3630 1306 3679 damnationis
1323 3630 1458 3692 judicetur

168 3699 324 3768 mlius
339 3720 498 3769 sententiam.
535 3711 606 3767 Vide
624 3711 653 3766 et
671 3711 817 3766 concilium
835 3710 1038 3765 Antiochenam
1056 3727 1078 3764 c.
1092 3716 1116 3763 t.

246 3791 274 3860 5)
294 3799 500 3855 Rredueontur.
802 3816 805 3819 ’

103 3918 106 3953 t
190 3942 198 3955 ,
247 3877 276 3945 ⁸)
295 3885 318 3940 Τ
336 3890 419 3940 animo
436 3889 525 3938 suurn
541 3888 567 3937 in
591 3887 663 3937 domo
680 3889 752 3937 simul
768 3887 896 3940 oraverit:
922 3880 1000 3934 Istud
1017 3885 1107 3935 arnosto
1124 3879 1240 3950 perinde
1258 3880 1301 3935 cst
1319 3882 1404 3950 atque
1422 3901 1457 3935 ex

103 3978 106 4049 ᾗ
168 3936 216 3996 ‘⁸‘
238 3979 298 4029 9¹¹0
313 3975 442 4025 decretum
459 3974 528 4024 istud
544 3974 596 4038 ipsi
612 3973 758 4024 innotuerit.
793 3965 929 4021 sanxerat
942 3965 1004 4034 jam
1022 3964 1168 4020 concilium
1186 3965 1405 4036 Carthaginense
1418 3966 1456 4020 lV

103 4056 105 4081 ³
168 4032 193 4072 θ’
212 4035 271 4102 ⁷³²
289 4059 353 4122 'Qut’
368 4060 586 4110 comunicaverit
603 4059 641 4108 uel
658 4059 770 4107 oraverit
788 4072 841 4106 essm
859 4058 1084 4114 excommunicato,
1105 4057 1157 4105 siae
1175 4057 1283 4105 clericus
1299 4056 1350 4105 eive
1369 4056 1457 4114 lnt'eus,

168 4120 425 4195 ‘²⁰⁰mnanieetsr.
454 4138 525 4193 Vide
543 4139 573 4192 et
591 4135 737 4193 concilium
755 4135 973 4206 carthaginense
985 4136 1037 4190 Vll
1055 4154 1078 4190 c.
1098 4141 1113 4190 5
1132 4137 1161 4189 ot
1178 4134 1381 4190 Antiochenam
1393 4151 1415 4188 c.
1430 4140 1454 4188 t.

168 4219 277 4354 ἠέ)
295 4226 314 4280 Ζ
333 4223 440 4280 omittit
461 4228 632 4292 defensionis,
655 4221 730 4290 quod
752 4221 858 4277 hebent
880 4221 992 4288 QRT.
1032 4222 1098 4276 Mox
1120 4220 1206 4290 aliqui
1227 4237 1291 4274 mss.
1310 4220 1333 4272 Τ
1357 4239 1387 4272 ne
1410 4239 1453 4273 eo-

250 4389 346 4459 effic
364 4392 467 4449 desinit
483 4394 512 4448 Z.
547 4393 654 4449 Deinde
672 4393 696 4447 Τ
714 4398 830 4447 delictum
846 4399 989 4451 seeundum.

108 4472 113 4485 '
174 4448 213 4506 3⁸
256 4475 281 4544 ¹)
297 4477 399 4550 Supple
417 4486 526 4549 exponit
543 4480 592 4534 aut
608 4477 698 4533 simile
715 4478 840 4533 verbum.

252 4557 281 4629 ²)
296 4564 328 4620 ll
340 4581 364 4620 e.
382 4562 535 4635 pudicitiae
553 4564 648 4630 fidem,
667 4580 750 4632 quam
763 4563 821 4618 Deo
840 4562 983 4616 mutabilis
1000 4562 1100 4616 mentis
1117 4561 1217 4631 ignara
1234 4560 1409 4631 promiserat.

254 4642 282 4712 ⁸)
298 4646 385 4720 Supra
405 4649 480 4705 enim
503 4648 622 4719 epistole
640 4654 671 4703 tt
690 4665 751 4718 cap.
769 4652 800 4701 11
825 4647 878 4702 etsi
901 4647 935 4701 de
958 4646 1094 4715 ejusmodi
1116 4645 1205 4702 viduis
1226 4645 1382 4718 praedicat,
1406 4664 1453 4702 eas

192 4723 336 4788 mliorem
354 4739 408 4790 Deo
423 4740 564 4804 pudicitiae
582 4739 658 4802 fidem
681 4737 773 4788 debere
790 4739 932 4791 custodire:
954 4733 1047 4787 tamen
1070 4731 1162 4786 additr
1193 4737 1247 4786 Nos
1263 4743 1345 4785 autem
1363 4738 1453 4787 nullium

201 4803 287 4868 ΨΜ
301 4823 409 4888 mausum
426 4823 544 4875 debemus
561 4825 683 4886 injicere,
702 4825 750 4874 sed
765 4825 834 4873 solas
852 4822 1044 4872 adhortationes
1060 4822 1170 4887 praemii
1180 4822 1327 4885 sempiterni
1341 4837 1451 4886 poenos·

103 4898 135 5151 p
211 4901 246 4950 ⁹⁸0
266 4916 402 4971 nomm
424 4909 504 4960 mein
517 4909 623 4972 sumni,
646 4905 716 4975 pum
736 4903 802 4974 quin
824 4903 895 4959 iales
917 4902 1001 4959 eiiam
1023 4906 1070 4957 suc
1092 4906 1453 4958 serentemferentem
