3204 5506
241 383 302 429 XVI
676 379 873 430 PRAEFATIO
897 382 1072 431 EDITORIS.

240 541 466 635 praebuerit,
494 541 614 614 sinon
640 542 716 635 ipsc
743 541 926 613 asteriscis
953 541 1080 613 inclusi
1108 544 1147 613 et
1173 541 1369 635 praedictis
1393 541 1506 636 signis

240 661 385 748 notavi,
419 662 576 756 prudens
605 662 721 734 lector
753 685 796 733 ex
823 661 1031 733 recensione
1058 660 1240 747 codicrm1‚
1275 685 1387 754 quam
1421 682 1506 731 mox

240 780 415 854 exhibebo
448 783 486 853 et
518 805 591 875 qun
617 781 776 874 cujusvis
809 781 969 853 auctoris
1002 803 1112 852 cinae
1138 780 1297 852 strictim
1323 781 1506 852 notabmr·

239 903 312 986 tur,
341 899 418 994 ipse
444 904 627 995 agnoscet.
674 900 734 972 lta
758 900 905 993 quidem
930 900 1072 972 factum
1090 903 1190 993 puto,
1219 902 1262 970 nt
1289 903 1327 970 et
1353 900 1505 971 veritali

239 1022 421 1111 quantum
447 1042 512 1112 per
538 1043 598 1091 me
624 1022 742 1093 staret
760 994 995 1106 consulerem,
1025 1023 1063 1091 et
1082 1019 1285 1112 impietatis
1305 1022 1343 1091 et
1361 1018 1505 1111 injusti-

239 1136 316 1211 tiae
343 1140 451 1211 notas
479 1140 687 1233 effugerem.
716 1198 720 1207 .

341 1260 374 1330 4.
410 1257 551 1346 Restat,
580 1263 623 1329 ut
649 1282 743 1351 quae
770 1257 847 1352 ipse
876 1257 913 1328 in
941 1257 1147 1329 recensione
1174 1261 1298 1330 textus
1326 1257 1506 1351 principia

239 1379 386 1450 secutus
400 1377 480 1465 sim,
496 1377 622 1470 paucis
637 1377 861 1471 adoperiam.
890 1374 1056 1448 Primum
1075 1377 1118 1449 de
1136 1377 1337 1450 codicum
1354 1380 1505 1450 aucto-

238 1495 397 1583 ritate,
424 1520 538 1590 quam
556 1499 623 1568 aut
640 1497 846 1591 generatim
864 1495 987 1567 autin
1005 1497 1210 1590 unoquovis
1228 1497 1383 1590 epistola
1400 1520 1505 1590 prae-

237 1613 403 1702 tulerim,
444 1616 583 1709 partim
614 1616 654 1686 in
686 1615 922 1707 subsequenti
955 1615 1097 1686 illorum
1132 1614 1339 1688 recensione
1366 1616 1504 1709 partim

237 1733 275 1804 in
309 1734 458 1806 monitis
491 1735 730 1828 epistolarum
769 1735 1000 1828 singularum
1041 1734 1200 1827 praeviis
1233 1734 1374 1827 plenius
1407 1737 1505 1807 ratio

237 1852 421 1943 reddetur.
466 1852 508 1925 ln
534 1854 664 1927 iisdem
690 1853 746 1925 his
773 1852 924 1925 monitis
950 1853 1025 1924 alia
1051 1853 1166 1925 etiam
1184 1856 1374 1926 momenta
1391 1855 1504 1948 diplo-

238 1971 387 2060 matica,
417 1973 685 2068 inscriptiones,
714 1995 898 2060 summae,
927 1975 1037 2044 notae
1063 1972 1304 2067 marginales
1337 1977 1376 2045 et
1401 1974 1504 2067 quid-

237 2091 323 2183 quid
351 2115 416 2185 pro
442 2094 638 2166 authentia
666 2095 733 2164 aut
756 2116 827 2163 usu
844 2092 970 2164 critico
988 2092 1089 2180 facit,
1117 2092 1226 2164 simul
1245 2096 1417 2165 accurate
1435 2093 1506 2164 dis-

237 2215 416 2284 serentur.
431 2253 483 2264 —
495 2211 634 2285 Deinde
647 2213 685 2282 in
700 2213 837 2285 edendo
849 2213 956 2284 textu
974 2212 1053 2306 ipso
1070 2235 1154 2285 cum
1172 2212 1372 2285 venerabili
1389 2213 1505 2285 totius

237 2330 355 2424 operis
392 2334 546 2424 parente
577 2331 792 2404 Constantio
823 2330 1092 2424 religiosissime
1127 2355 1342 2403 summam
1377 2355 1504 2425 prae·

237 2449 630 2522 stantissimorum
658 2450 860 2521 codicum
886 2449 1024 2521 fidem
1058 2450 1380 2522 observandam
1404 2449 1503 2539 duxi,

237 2571 505 2660 contraquam
531 2568 712 2641 editorum
738 2569 965 2661 aliorumque
992 2591 1057 2641 nec
1085 2591 1260 2641 errores
1295 2592 1359 2640 nec
1387 2569 1505 2640 arbi-

237 2687 409 2758 trarius
436 2687 744 2759 correctiones
771 2687 913 2758 admisi.
950 2684 1168 2780 Saepissime
1189 2689 1286 2759 enim
1302 2688 1503 2781 primorum

132 2823 134 2826 ‘
238 2805 419 2878 editorum
437 2807 530 2878 meri
556 2829 694 2879 errores
721 2806 855 2879 calami
882 2806 928 2877 ab
946 2807 1115 2879 omnibus
1142 2807 1378 2900 sequentibus
1404 2831 1505 2901 repe·

237 2923 301 2996 titi
318 2928 415 3012 sunt,
443 2926 505 3018 qui
532 2926 563 2996 si
589 2925 646 2997 vel
673 2947 746 2996 uno
773 2925 893 2998 codice
921 2926 1147 3014 fulcirentur,
1176 2930 1220 2997 ut
1246 2927 1418 2999 lectiones
1437 2927 1505 2997 dif-

237 3041 404 3116 ficiliores
421 3044 569 3116 indubie
587 3045 744 3116 veriores
763 3068 840 3117 esse
858 3045 1103 3118 crederentur.
1146 3044 1248 3117 Unde
1276 3069 1383 3117 nemo
1401 3070 1504 3139 prae-

237 3185 320 3256 ceps
347 3164 591 3257 suspicionem
617 3164 757 3236 malam
784 3164 994 3241 concitabit,
1023 3165 1053 3235 si
1080 3190 1124 3236 ex
1143 3168 1318 3237 accurata
1336 3166 1505 3258 archety-

238 3303 367 3375 porum
394 3283 451 3355 vel
478 3284 670 3377 archetppi
696 3283 917 3355 lustratione
943 3283 1129 3378 permulta
1155 3284 1338 3355 editorum
1371 3264 1515 3359 menda

237 3405 382 3474 remota
408 3426 486 3475 esse
512 3403 733 3496 cognoverit.
786 3403 871 3474 Alia
897 3407 1024 3475 alitem
1052 3427 1096 3474 ex
1123 3406 1229 3497 parte
1257 3407 1300 3472 ut
1327 3402 1505 3494 ejusmodi

237 3523 363 3593 textus
389 3522 483 3593 vitia
509 3524 638 3594 contra
664 3521 829 3592 omnium
862 3521 1026 3593 codicum
1059 3523 1322 3595 auctoritatem
1350 3522 1504 3616 comige-

237 3663 332 3726 rem,
368 3640 438 3712 etsi
471 3639 689 3733 praeiissent
721 3639 826 3728 editi,
864 3662 947 3711 nou.
969 3643 1036 3711 aut
1070 3641 1130 3711 vix
1163 3641 1305 3713 aclmisi.
1360 3640 1504 3712 Partim

237 3759 336 3831 enim
363 3781 436 3831 non
462 3757 688 3845 mirandum,
726 3759 867 3829 slvere
901 3759 938 3829 in
965 3760 1330 3853 occupatissimorum
1357 3760 1504 3832 illorum

237 3877 454 3971 pontificum
486 3876 631 3968 scriptis
670 3876 816 3969 saepius
855 3878 1021 3949 salebrae
1059 3878 1241 3971 quaedam
1284 3880 1503 3961 restiterint,

237 4019 352 4089 quum
385 3996 482 4068 inter
517 4017 663 4066 summa
690 3996 840 4091 negotia
872 3998 910 4067 et
943 3998 1123 4069 acerrima
1156 3998 1361 4070 certamina
1393 3999 1504 4071 limae

236 4115 341 4187 labor
366 4118 405 4187 ct
430 4137 535 4187 mora
560 4114 622 4186 vix
648 4116 949 4207 exspectandum
992 4118 1129 4210 partim
1162 4120 1289 4188 autem
1316 4118 1383 4189 sub
1410 4119 1504 4211 ejus-

237 4234 336 4306 modi
362 4235 543 4306 velaminc
569 4233 668 4304 haud
694 4257 778 4306 raro
804 4237 929 4307 textus
943 4236 1081 4328 >lacuna
1099 4236 1204 4324 latet,
1233 4260 1328 4329 quae
1346 4237 1505 4309 aliorum

238 4354 503 4446 exemplarium
529 4352 711 4426 medelam
736 4352 892 4447 flagitet,
920 4378 1104 4448 quamque
1129 4355 1276 4427 lectoris
1299 4356 1420 4429 oculos
1448 4381 1503 4429 ce-

236 4472 332 4544 lasse
364 4496 496 4566 parum
529 4474 679 4566 gratum
712 4472 816 4544 foret.
879 4472 981 4545 Unde
1020 4474 1071 4546 ibi
1103 4474 1250 4567 quidem
1290 4474 1504 4568 plerumque

237 4591 383 4662 nonnisi
409 4591 456 4662 ad
474 4592 689 4684 marginem,
717 4614 829 4684 quam
848 4594 988 4685 putavi,
1016 4595 1278 4666 correctionem
1297 4594 1434 4675 addicli;
1465 4598 1504 4666 in

238 4710 359 4804 ipsum
385 4712 531 4781 textum
558 4714 648 4781 tunc
674 4710 792 4781 solum
818 4712 973 4790 immisi,
1006 4713 1036 4783 si
1072 4717 1139 4784 aut
1165 4713 1290 4808 palam
1316 4717 1504 4807 prostaret

238 4828 377 4900 librarii
403 4828 558 4922 legentis
586 4828 815 4901 audientisve
843 4854 952 4904 error.
982 4835 1049 4902 aut
1067 4835 1242 4926 contextu
1261 4837 1327 4903 arrt
1345 4833 1503 4906 aliorum

237 4948 400 5021 locorum
413 4947 654 5021 similitudine
668 4949 871 5022 necessario
885 4951 1059 5025 correctio
1067 4951 1276 5045 juberetur3
1293 4975 1359 5025 nee
1374 4954 1504 5025 tamen
