3204 5506
557 352 770 400 suasurum
795 342 938 399 19-21,
1322 336 1385 401 ‹tet›

139 506 208 570 nodi
232 506 416 592 superfluam
440 506 701 572 constitutionem
723 506 824 570 modis
846 506 993 570 omnibns
1016 506 1202 590 removebis,
1232 510 1268 571 ut
1289 530 1384 572 unus-

136 607 251 694 quisqne
271 614 327 675 aut
353 611 387 674 in
416 610 523 677 vicina
551 609 612 673 sibi
641 609 776 673 ecclesia
803 611 860 672 aut
886 609 921 672 in
949 611 1050 672 electa
1078 631 1136 692 pro
1163 631 1239 672 suae
1267 610 1384 673 mentis
1415 626 1418 631 ’

134 706 298 791 baptizetur
319 712 476 776 arbitrio·
507 711 799 796 cathedraticum)
822 711 921 774 etiam
943 732 1007 774 non
1031 711 1184 794 amplius,
1215 733 1311 796 qnam
1333 734 1384 775 ve-

129 807 195 874 nai
223 814 313 879 moris
336 835 404 878 esse
428 814 624 896 constiterit,
655 814 696 876 ab
724 813 792 896 ejus
814 813 876 877 loci
898 813 1085 897 presbytero
1107 813 1233 877 noveris
1256 815 1384 898 exigen-

125 905 211 996 dum3
240 917 328 981 etde
350 917 405 999 iis,
434 939 515 1000 quae
538 915 588 979 die
611 915 822 979 dedicationis
849 915 971 979 tuerint
993 916 1194 979 offerentium
1215 915 1383 979 devotione

122 1009 251 1100 collata,
273 1018 553 1102 consuetudinem,
578 1040 659 1102 quae
681 1017 875 1103 generaliter
895 1017 1043 1081 omnibns
1059 1018 1200 1082 ecelesiis
1223 1021 1273 1081 est
1294 1040 1382 1100 prae-

119 1112 255 1202 scripta,
277 1121 466 1206 servabisi).

483 1255 488 1264 ’
565 1274 847 1378 Fragmentum
875 1274 927 1355 21.

148 1402 191 1454 θ’(
219 1414 319 1464 audiatis
336 1415 434 1479 causis,
456 1422 565 1478 propter
583 1430 646 1478 quaa
663 1416 849 1477 processionem
868 1415 904 1462 ad
920 1414 1047 1462 basilicam
1065 1430 1085 1462 s.
1101 1413 1219 1477 Apathae
1237 1431 1342 1478 stirpen-

590 1501 676 1555 dcrat,
701 1516 754 1547 cam
772 1505 908 1547 restauret.

268 1614 452 1680 Gelasius
479 1614 633 1680 Victori
657 1615 854 1698 episcopo.

199 1730 326 1797 Dudum
354 1736 393 1797 de
421 1737 553 1798 sanctae
582 1733 733 1819 Agathos
761 1734 910 1815 basilica,
945 1756 1025 1817 quae
1052 1734 1085 1796 in
1115 1733 1255 1799 Caelano
1283 1735 1384 1799 fundo

100 1816 186 1892 ›tim
221 1838 362 1901 noscitur
391 1837 584 1918 constituta,
619 1838 854 1919 processionem
865 1837 888 1920 ¹)
921 1836 981 1897 surb
1008 1839 1118 1899 nostra
1149 1838 1383 1901 corrsnltatioue

100 1986 195 2011 Nx

119 2174 128 2184 ·
171 2105 202 2172 ²)
218 2107 292 2173 Quid
310 2107 355 2161 bic
373 2108 425 2161 sibi
443 2109 510 2162 velit
527 2114 739 2170 cathedraticum,
758 2107 908 2162 Gratianus
921 2105 1059 2176 explicare
1075 2106 1187 2173 nititur,
1206 2108 1255 2160 sed
1267 2108 1326 2175 ejus
1340 2125 1383 2161 err-
1398 2110 1451 2180 [a]

102 2170 301 2247 benennon
320 2194 422 2263 placet.
457 2194 518 2246 Jam
538 2193 612 2246 etin
629 2195 818 2261 fragmentum
837 2201 852 2246 3
871 2192 1087 2257 observavimus,
1106 2192 1134 2245 in
1152 2192 1301 2246 iustiniani
1313 2194 1381 2246 Nov.

100 2264 148 2351 23
173 2278 293 2331 nomine
311 2283 481 2332 cathedratici
498 2278 595 2332 donari
614 2278 751 2346 quasdam
769 2277 993 2343 consuetudines,
1012 2295 1081 2346 quas
1093 2276 1217 2346 episcopi
1234 2294 1330 2331 reeens
1342 2296 1383 2332 or·

100 2360 204 2414 1¹lati
221 2381 272 2433 pro
291 2368 475 2417 inthronisticis
494 2365 636 2417 exsolvere
649 2363 789 2429 solebant,
808 2365 891 2430 atque
909 2363 983 2415 idem
1001 2379 1101 2416 nornen
1115 2362 1160 2415 bic
1172 2362 1296 2415 nonnihil
1309 2364 1384 2417 aliud

100 2445 221 2502 mare.
257 2450 299 2502 Ex
322 2448 429 2516 Pelagii
446 2449 457 2500 Ι
475 2449 639 2517 fragmentis
658 2455 690 2501 ‘23
709 2451 738 2501 et
755 2455 801 2514 21,
820 2448 920 2514 quibus
939 2448 1064 2513 cavetur,
1088 2467 1118 2499 nc
1140 2453 1274 2515 episcopas
1297 2454 1384 2502 cathe-

100 2521 212 2586 1’Ὦίἰυί
223 2541 320 2587 nomine
332 2540 438 2602 amptius
450 2554 522 2602 ararim
535 2540 599 2588 duas
610 2540 706 2588 ratidai
719 2539 842 2601 accipiat,
863 2550 957 2585 veram
975 2531 1056 2599 hujus
1075 2531 1149 2585 vocis
1168 2530 1383 2600 intelligentiam

100 2612 171 2664 ¹⁰0OE
197 2617 342 2687 expiscari.
371 2618 443 2671 Nam
463 2619 491 2671 et
509 2619 655 2672 concilium
673 2619 843 2672 Bracarence
863 2634 935 2670 anno
949 2624 998 2671 ute
1016 2617 1144 2671 habiturn
1159 2617 1271 2671 decreto
1290 2618 1384 2687 hujus-

100 2696 188 2752 m>di
208 2719 314 2757 morern
332 2720 433 2772 gerens
451 2721 509 2758 can.
529 2711 545 2756 ‘2
564 2704 718 2758 constituit:
742 2715 768 2756 ut
787 2710 867 2755 auitas
885 2708 1073 2770 episcoporum,
1098 2724 1236 2772 parumper
1254 2710 1384 2757 dioeceses

102 2791 167 2833 ΨΒ
192 2793 330 2856 malecicurt,
348 2801 455 2858 praeter
473 2795 591 2843 honorem
609 2795 747 2843 cathedrae
764 2808 838 2848 suae,
858 2796 873 2840 i.
888 2809 909 2843 e.
930 2794 993 2842 dicas
1009 2794 1117 2849 solidas,
1137 2795 1233 2857 aliquid
1250 2795 1320 2842 atiud
1334 2809 1385 2856 per

100 2871 237 2926 ‘eclesias
255 2881 335 2927 tottut.
371 2873 451 2940 Quod
475 2877 503 2927 et
521 2875 687 2928 Toletannm
704 2873 755 2927 Vll
780 2891 851 2927 antro
876 2878 924 2925 616
948 2873 1131 2937 confirmavit,
1155 2872 1219 2925 duum
1243 2875 1383 2927 refrenare

100 2951 231 3015 meieni
249 2959 433 3026 quorumdum
450 2960 633 3028 rapacitatem
651 2959 824 3028 pontificma,
848 2958 896 3024 qui
914 2957 1042 3012 ecclesias
1062 2956 1217 3009 immodicis
1236 2957 1384 3010 exactioni-

100 3021 161 3086 buss
185 3058 256 3110 pene
275 3044 489 3110 exhauriebant,
509 3051 598 3098 carri
617 3043 718 3098 sarrxit:
738 3065 787 3097 nan
806 3048 912 3112 arnptius
930 3064 1002 3112 arcura
1021 3048 1084 3096 duas
1101 3048 1197 3096 solidas
1215 3048 1383 3111 rcnusquisquc

100 3121 292 3194 wiscapamm
309 3135 446 3196 praestitae
462 3136 610 3198 prouinciae
626 3150 676 3198 per
693 3136 805 3197 sinqutas
823 3133 947 3181 diaecesis
963 3147 1024 3180 suae
1037 3131 1155 3179 basilicas
1167 3132 1250 3193 juxta
1261 3133 1383 3193 spnodrcm

103 3196 305 3266 Bracareasem
322 3234 406 3267 annua
423 3221 536 3269 illatione
554 3219 604 3268 sibi
620 3225 742 3282 expetent
760 3217 886 3280 conferri,
906 3217 1115 3265 monasteriorum
1127 3222 1209 3265 autem
1228 3216 1339 3264 basilicis
1351 3217 1383 3264 ab

105 3282 160 3338 Μ’)
182 3303 312 3352 solatiante
329 3305 482 3366 impensione
499 3307 631 3367 sejunctis.
669 3300 744 3353 Ideni
762 3299 848 3367 igitur
867 3299 909 3350 est
926 3301 1135 3358 cathedraticum,
1154 3297 1229 3364 quod
1246 3302 1327 3351 honor
1339 3319 1383 3351 ca-

107 3369 227 3433 ill‘dnae
244 3389 368 3451 episcopt,
388 3402 439 3438 nec
456 3386 530 3439 aliud
549 3386 592 3439 est
609 3386 661 3438 iste
680 3390 772 3443 horror,
797 3383 848 3436 nisi
868 3383 945 3435 certa
962 3381 1080 3450 pecunia
1098 3383 1133 3436 ab
1152 3381 1275 3436 ecclesiis
1291 3383 1382 3450 ponti-

110 3447 160 3507 fici
189 3481 233 3518 eas
253 3467 375 3521 visitanti
397 3468 589 3538 impendenda.
634 3469 782 3523 Enimvero
810 3474 913 3522 honoris
935 3467 1100 3521 vocabulum
1123 3466 1309 3521 eeclesiastico
1333 3486 1382 3520 usu

113 3549 209 3612 Saepe
223 3556 353 3606 subsidium
371 3561 458 3608 sonat.

194 3636 214 3700 ³)
229 3634 259 3688 ll.
272 3654 294 3691 e.
315 3639 346 3690 nt
363 3641 499 3705 servetur,
519 3641 591 3706 quod
612 3658 629 3694 a
647 3640 788 3709 Simplicio
800 3658 876 3709 papa
893 3639 1001 3709 epistl
1022 3638 1237 3707 praescriptum,
1256 3639 1292 3692 ab
1310 3639 1382 3708 ipso-

120 3713 184 3764 met
204 3717 303 3775 Gelasio
321 3723 402 3792 epist.
418 3730 448 3776 tt
466 3741 526 3792 cap.
540 3731 571 3780 27
591 3727 782 3779 continuatum
800 3725 864 3790 fuit,
888 3723 1016 3778 videlicet
1034 3729 1065 3777 ut
1082 3723 1238 3778 oblationes
1262 3724 1383 3778 fidelium

123 3798 241 3858 quatuor
261 3805 288 3859 in
309 3810 406 3876 partes
429 3808 629 3877 dividerentur,
654 3827 803 3878 earumque
828 3826 882 3862 una
900 3811 1045 3863 contentus
1064 3811 1137 3862 esset
1154 3808 1312 3878 episcopus,
1334 3827 1383 3862 nec

125 3884 266 3968 Qiema
281 3892 407 3960 tertiam,
426 3910 497 3961 quae
510 3895 685 3949 ecelesiarum
704 3894 816 3949 fabricis
829 3894 968 3949 destinata
980 3895 1053 3960 erat,
1072 3893 1125 3947 sibi
1138 3895 1291 3962 usurparet.
1320 3895 1383 3948 Jam

127 3967 204 4020 ‘mm
214 3975 237 4026 et
246 3975 316 4030 hanc
334 3977 480 4030 nonnullos
497 3979 638 4047 praesules
655 3980 683 4032 in
701 3980 844 4049 proprium
858 3981 1073 4034 emolumentum
1087 3981 1247 4032 convertere
1259 3980 1383 4032 tentasse

128 4034 245 4113 Getam,
265 4061 325 4115 loeo
343 4080 407 4115 mox
426 4061 512 4116 citato
530 4065 617 4117 notat.
647 4064 701 4117 Sed
719 4083 804 4133 quum
822 4082 911 4134 neque
934 4081 1022 4134 prava
1044 4064 1091 4117 illa
1109 4064 1278 4118 consuetudo
1297 4081 1382 4118 cessa-

128 4127 186 4196 ret,
208 4157 270 4198 anno
293 4152 342 4201 512
364 4147 542 4200 Bracarensis
564 4149 604 4201 ΙΙΙ
627 4149 734 4202 concilii
755 4152 849 4219 patres
872 4167 930 4203 ean.
950 4156 965 4202 ‘2
989 4149 1211 4202 constituendum
1233 4148 1382 4202 diruerunt:

131 4222 209 4310 “flue
223 4230 382 4301 (episeopus)
402 4239 501 4286 tertiam
518 4246 618 4301 partem
636 4255 671 4287 ex
689 4256 835 4305 quacunque
853 4240 979 4289 oblatione
994 4239 1085 4302 papuli
1101 4240 1126 4286 in
1138 4239 1251 4287 ecclesiis
1262 4239 1381 4301 parachi-

131 4296 209 4361 ΜΨ
226 4323 345 4386 requiret,
368 4322 417 4370 sed
437 4323 481 4371 itta
504 4325 580 4372 tertia
601 4339 667 4386 pairs
687 4340 736 4386 pra
753 4327 891 4373 tundnariis
909 4326 1030 4373 ecclcsiae
1048 4326 1087 4370 vet
1103 4324 1298 4386 recuperatione
1317 4319 1380 4387 (leg.

132 4389 294 4469 '‘Maiam)
316 4414 444 4465 seruetur,
468 4409 619 4471 attingatis
641 4409 714 4456 aunis
736 4411 857 4472 episcopa
879 4411 938 4458 inde
959 4409 1026 4457 ratio
1045 4408 1101 4467 fiat.
1137 4400 1223 4470 idque
1241 4418 1315 4455 anno
1333 4409 1383 4458 666

132 4451 246 4537 Lu&leni
261 4486 472 4540 instaurandum
491 4488 622 4541 curarunt
640 4487 668 4540 in
685 4488 848 4542 Emeritensi
867 4488 981 4542 concilio
1000 4505 1059 4542 ean.
1076 4492 1106 4539 16
1125 4490 1266 4541 caventes:
1284 4499 1311 4542 at
1329 4496 1382 4543 nut-

195 4577 328 4632 accinctae
351 4578 492 4626 Lusitaniae
514 4581 649 4641 episcopus
671 4594 687 4626 a
709 4579 818 4642 quaelihet
842 4580 999 4642 parochiana
1022 4579 1128 4626 ecclesia
1155 4579 1255 4625 tertiam
1277 4578 1383 4639 auferre

133 4641 273 4716 Quam.
308 4656 350 4712 Ea
371 4673 471 4726 nempe
493 4658 650 4726 temporum
670 4656 792 4711 omnium
815 4659 867 4712 snit
884 4655 1032 4727 cupiditas,
1056 4658 1088 4709 ut
1105 4674 1160 4710 non
1178 4657 1318 4710 debuerint
1335 4676 1382 4712 nn·

135 4722 222 4804 (lustu,
237 4741 281 4809 qni
298 4743 440 4812 potestate
458 4759 508 4796 sua
525 4742 561 4796 ad
580 4744 741 4812 occupanda
759 4743 934 4797 ecclesiarum
953 4743 1028 4796 bona
1045 4742 1235 4796 abuterentur.

135 4794 165 4854 ἡ
199 4823 214 4886 1)
229 4830 402 4882 Processioats
423 4827 533 4880 nomine
555 4827 719 4896 praesertim
741 4827 886 4883 missarum
904 4826 1120 4882 celebrationem
1141 4826 1273 4897 intelligi,
1297 4845 1391 4896 quum,

136 4891 170 4943 ἢ
186 4906 257 4965 totius
273 4911 423 4980 fragmenti
441 4914 571 4965 contextu
588 4915 649 4965 tum
666 4913 784 4968 maxime
803 4931 837 4975 ex
853 4916 906 4969 boe
923 4915 984 4968 loco
1002 4915 1145 4980 doeemur,
1163 4930 1245 4981 quem
1262 4912 1382 4969 illustrat
