3204 5506
292 333 351 397 158
775 346 802 394 s,
820 345 943 394 arnam
966 345 1079 393 esraa

188 510 273 559 ιι464
285 506 396 566 nostro
418 501 562 584 Irenae0,
591 522 685 584 quem
714 500 782 583 ipse
805 502 901 564 antea
924 499 959 562 in
982 497 1152 584 dioecesi⁵)
1175 520 1232 563 sua
1259 498 1354 563 nobis
1383 498 1574 564 volentibus

181 603 213 611 “
267 604 512 686 'constituerat
536 602 759 686 derelinquens
783 602 811 664 ei
835 601 915 686 quod
932 601 1038 685 potuit
1052 600 1171 665 habere
1186 605 1373 685 paupertas,
1399 622 1573 686 supremae

289 706 464 771 volmrtatis
487 705 620 769 arbitrio
642 704 677 768 in
700 705 805 767 locum
827 726 918 767 suum
934 707 970 767 ut
997 703 1242 767 substitueretur
1269 703 1417 787 optavit:
1448 703 1508 768 sed
1522 704 1573 768 <le

287 809 391 874 functi
411 808 567 893 judicium
589 807 624 871 in
648 807 715 890 ejus
737 805 886 868 meritmn
915 827 980 869 non
1001 806 1143 869 vacillat.
1189 804 1352 890 Siquidem
1377 806 1490 871 omnis
1513 805 1572 871 cle

287 932 340 974 rus
363 915 395 974 et
417 911 508 996 plebs
531 909 673 993 ejusdem
697 908 836 973 civitatis
859 911 892 970 et
920 908 1033 991 optimi
1057 912 1090 971 et
1115 907 1244 991 plurimi
1272 908 1511 992 provinciales,
1537 910 1572 973 nt

286 1013 370 1077 idem
393 1014 462 1097 inl)
486 1013 554 1095 ejus
577 1012 680 1075 locum
696 1011 890 1094 observaret,
915 1033 934 1073 a
955 1010 1048 1073 nobis
1069 1014 1279 1093 speraverunt
1301 1009 1381 1074 dato
1398 1031 1569 1075 consensu.

286 1115 354 1178 Nos
377 1115 558 1199 cogitantes
581 1112 724 1176 defuncti
744 1112 912 1196 judiciiun,
936 1116 969 1175 et
991 1112 1163 1195 probantes
1184 1113 1253 1196 ejus
1275 1111 1379 1176 vitam
1403 1115 1439 1176 et
1462 1133 1570 1179 eorum
1593 1132 1600 1139 ·

287 1216 490 1280 nobilitatem
519 1220 614 1299 atque
641 1214 881 1278 multitudinem
910 1213 963 1297 qui
992 1215 1163 1298 petebant,
1204 1213 1298 1277 simul
1327 1217 1362 1277 et
1391 1213 1570 1281 utilitatem

207 1373 213 1378 .
287 1318 439 1382 ecclesiae
460 1321 671 1399 memoratae,
701 1316 858 1400 optimum
879 1314 1037 1398 deerimus,
1057 1320 1108 1379 xut
1129 1317 1222 1379 tanto
1244 1314 1419 1399 sacerdoti,
1452 1319 1509 1402 qui
1530 1314 1567 1383 nl

287 1420 396 1484 divina
418 1420 625 1505 migraverat,
655 1441 722 1483 non
748 1417 881 1482 minoris
904 1417 1009 1481 meriti
1032 1416 1278 1482 substitueretur
1300 1419 1456 1503 antistes,
1481 1441 1568 1503 prae·

286 1523 397 1587 sertim
419 1544 516 1607 quum
538 1521 673 1586 ecclesia
695 1520 781 1584 illius
804 1519 981 1602 municipii,
1011 1518 1046 1583 in
1068 1541 1132 1603 qua
1155 1522 1230 1583 ante
1252 1519 1361 1591 fuerat
1383 1520 1565 1605 ordinatus,
1594 1525 1595 1528 ’

286 1646 412 1708 semper
434 1625 529 1708 hujus
553 1624 693 1687 civitatis
717 1623 870 1687 ecelesiae
892 1622 991 1685 fuisse
1019 1606 1172 1685 dioecesis
1196 1625 1330 1686 constet.
1379 1621 1476 1708 Ergo
1496 1646 1568 1709 aup-
1592 1703 1593 1710 ἵ

286 1725 413 1808 pliciter
435 1747 602 1809 precamur
624 1725 838 1810 apostolatum
859 1727 1010 1805 vestrum,
1034 1727 1070 1786 ut
1089 1723 1282 1788 humilitatis
1297 1726 1470 1810 nostrae⁷)
1485 1724 1566 1811 quenl

281 1827 370 1909 juste
392 1850 412 1891 a
433 1829 526 1893 nobis
548 1826 674 1891 videtur
695 1827 817 1892 factum
840 1831 946 1891 vestra
969 1827 1160 1889 auctoritate
1182 1825 1327 1890 firmetis.

370 1930 400 1994 3.
438 1929 632 1994 Jarndudum
654 1952 732 1993 sane
753 1929 856 2013 questi
879 1929 1040 1992 fueramus
1062 1927 1179 1992 litteris
1202 1928 1320 1992 nostris
1343 1928 1385 1992 de
1398 1951 1565 2014 praesum·

286 2031 396 2115 ptione
418 2032 541 2097 Silvani
565 2031 717 2116 episcopi,
745 2034 778 2094 et
799 2032 962 2114 miramur,
987 2029 1070 2114 quod
1093 2030 1216 2116 nulla⁸)
1239 2030 1445 2114 apostolatus
1469 2032 1566 2099 vestri

285 2155 438 2217 responsa
466 2135 672 2218 suscepimus
724 2132 819 2197 Nrmc
847 2133 927 2196 haec
956 2132 1067 2196 eadem
1100 2135 1310 2216 suggerentes
1342 2133 1501 2218 petimus,
1531 2138 1568 2201 ut

285 2235 361 2318 quid
388 2258 483 2319 super
510 2237 560 2299 his
588 2235 681 2299 rebus
710 2234 943 2298 observandum
971 2234 1029 2316 sit,
1061 2233 1246 2317 apostolicis
1273 2235 1483 2301 sermonibus
1508 2258 1567 2302 noe

285 2336 464 2421 dignemini
493 2337 677 2401 informare.
729 2335 773 2400 Et
805 2357 846 2399 ne
872 2336 1010 2399 forsitan
1043 2357 1100 2419 per
1132 2335 1368 2420 negligentiam
1396 2338 1568 2422 portitori

285 2441 342 2502 aut
368 2460 426 2523 per
453 2439 623 2523 longinqui
650 2438 775 2502 itineris
807 2437 1030 2502 difficultatem
1059 2436 1250 2502 humilitatis
1277 2441 1409 2502 nostrae
1440 2440 1485 2506 ad
1511 2462 1584 2507 vm.

285 2539 406 2624 scripta
421 2562 486 2604 non
509 2541 674 2624 potuerint
697 2562 734 2604 ex
757 2540 818 2604 hoe
840 2541 971 2625 negotio
993 2540 1172 2624 pervenire,
1197 2539 1295 2604 etiam
1316 2542 1567 2627 suggestionem
1589 2527 1591 2534 Ι

285 2644 429 2705 nostram
451 2641 620 2706 maluimus
644 2642 770 2706 iterare.
815 2647 854 2707 lit
882 2645 1080 2724 subscriptio:
1114 2641 1268 2706 Orantem
1290 2663 1350 2726 pro
1372 2644 1473 2709 nobis
1494 2667 1568 2713 san·

286 2746 372 2806 ctum
395 2744 608 2826 apostulatum
631 2748 771 2808 vestrum
783 2744 856 2829 jugi
881 2765 959 2807 aevo
982 2743 1091 2807 divina
1115 2747 1281 2808 conservet
1303 2746 1489 2813 aeternitas
1510 2770 1568 2815 no·

285 2845 334 2908 bis
365 2845 513 2931 onmibus
541 2848 574 2909 et
600 2844 765 2910 Ecclesiae
798 2867 890 2928 suae,
929 2845 1056 2908 domine
1090 2865 1163 2909 vere
1196 2848 1305 2910 noster
1332 2847 1401 2933 eti)
1439 2854 1569 2935 aposto·

284 2947 345 3011 lice
366 2950 467 3033 papa!
684 2969 700 3002 ο

351 3222 372 3288 ⁸)
391 3219 495 3274 Vocem
513 3226 638 3275 dioecesis
655 3235 707 3289 pro
719 3217 861 3273 territorio
875 3216 998 3287 episcopi
1013 3216 1074 3286 jam
1092 3221 1176 3274 antea
1187 3218 1317 3290 Hispanis
1335 3219 1487 3296 usitatam,
1504 3244 1569 3287 m·

169 3353 175 3361 ,
284 3307 341 3359 stat
358 3322 391 3359 ex
410 3305 524 3359 concilio
538 3305 674 3359 Toletano
693 3305 704 3356 I
724 3311 794 3358 ceo.
825 3303 880 3356 Sed
892 3320 982 3370 neque
996 3302 1086 3356 minus
1099 3303 1264 3359 familiarem
1273 3305 1463 3381 Afrisiiriasa,
1478 3311 1569 3383 liqna

285 3406 318 3442 ex
335 3389 450 3458 vulgato
470 3406 566 3443 eorum
584 3389 678 3443 codice
697 3404 834 3442 cuuonmn
854 3406 876 3441 e.
890 3394 931 3452 54,
945 3393 976 3440 56
989 3390 1051 3454 ete,
1070 3405 1120 3442 nee
1137 3405 1193 3443 non
1205 3407 1239 3444 ex
1247 3391 1401 3460 Augustini
1420 3396 1569 3467 epictet·

285 3480 341 3528 n.8
360 3474 404 3541 (ol.
419 3479 488 3543 261).
525 3473 605 3538 Quod
624 3474 716 3527 autem
738 3473 783 3526 hic
801 3475 898 3527 narrat
915 3473 1098 3541 Augustinus,
1127 3490 1156 3527 sc
1180 3475 1342 3544 episcopmn
1364 3477 1395 3532 in
1419 3482 1568 3541 territorio

208 3558 211 3563 “
284 3556 440 3611 Fussalensi
458 3558 494 3611 ad
511 3556 670 3626 paroeciam
688 3557 875 3626 Hipponensis
895 3558 1026 3612 ecclesiae
1043 3557 1201 3628 pertinente
1220 3559 1384 3631 instituisse,
1404 3564 1485 3623 idem
1502 3568 1534 3624 et
1547 3584 1568 3625 a

284 3641 456 3695 Nundinario
474 3642 503 3695 in
521 3642 642 3710 quodam
660 3641 773 3696 ditionis
791 3639 861 3697 suae
870 3642 1019 3712 municipio
1039 3660 1101 3697 cunr
1114 3644 1309 3714 cpiscoporum
1319 3649 1492 3716 provinciae
1503 3668 1578 3711 ω...

284 3741 364 3780 sensn
382 3727 487 3780 factum
504 3726 622 3781 videtur.
1567 3732 1577 3789 2

351 3814 372 3879 ὅ)
391 3810 465 3865 Editi
483 3819 540 3880 ejus
557 3818 643 3874 locum,
664 3812 764 3866 rectius
782 3829 845 3865 mss.
862 3813 958 3878 (etiam
975 3813 1009 3868 Ρ2
1020 3813 1067 3882 Hi)
1086 3820 1111 3868 in
1129 3820 1187 3881 ejus
1203 3819 1299 3875 loeva:
1317 3816 1430 3889 quippe
1447 3838 1567 3892 aequ

284 3895 400 3950 verbum
417 3901 565 3951 observaret
582 3897 656 3951 idern
674 3896 823 3965 signifieat,
843 3898 918 3963 qnod
936 3904 1109 3967 episcopatum
1125 3910 1242 3969 gereret,
1265 3899 1308 3955 uti
1327 3895 1494 3971 luimus
1519 3933 1541 3951 ι’
1581 3926 1582 3931 ’

284 3980 357 4034 male
375 3979 460 4035 latine
478 3980 578 4036 dieitur
597 3986 745 4036 obseruator
763 4000 811 4036 seu
827 3991 984 4050 speculator.

351 4067 372 4133 ⁷)
391 4065 434 4119 Ita
450 4065 478 4119 h'
498 4069 527 4121 et
544 4084 607 4120 mss.
635 4066 710 4119 Editi
729 4066 836 4121 addunt
853 4073 987 4122 decrerim,
1024 4067 1061 4122 Et
1078 4069 1106 4121 id
1125 4069 1238 4138 quidem
1255 4069 1301 4124 hie
1317 4075 1472 4141 praemla
1487 4092 1564 4149 tq„-

282 4153 354 4217 tunt,
372 4150 447 4219 quod
464 4151 543 4206 initio
560 4151 744 4222 postularant,
763 4152 793 4205 ut
805 4151 915 4207 Hilarus
931 4157 1027 4217 factum
1044 4170 1100 4207 non
1112 4160 1239 4210 maetam
1256 4155 1387 4225 ipsorum
1407 4163 1564 4229 (mm
1600 4159 1602 4208 l

283 4238 397 4304 nostrae)
416 4236 549 4291 roborare
568 4237 706 4306 dignetur.

351 4324 372 4390 ⁸)
390 4321 423 4374 F²
441 4329 581 4377 nullatenus
598 4334 683 4377 vestra
702 4340 836 4390 responsa.
872 4322 991 4390 Moxque
1009 4322 1045 4378 11²
1064 4327 1133 4392 teupi
1151 4331 1249 4380 itineris
1263 4331 1432 4393 facultatem„

351 4407 372 4473 ⁹)
391 4405 422 4459 In
439 4405 473 4460 F²
491 4407 569 4462 deest
586 4420 621 4462 ee.
674 4466 677 4473 ,
