3204 5506
212 349 252 414 78
577 364 711 412 monnau
733 364 886 411 emnam
908 362 944 410 m
966 363 1105 411 aenasu

211 524 426 598 llierapolitauus
450 525 483 579 ad
503 526 625 580 nescium
646 524 820 581 Beracenscm
841 526 996 598 episcopum
1018 521 1139 579 scribens
1161 522 1230 597 apud
1250 522 1388 578 baluzium
1411 537 1477 578 nov.

211 610 274 666 coll.
291 627 366 666 conc.
383 627 445 684 pag.
455 609 515 667 763
530 609 565 670 id,
582 609 654 683 qnod
669 612 756 683 primo
770 608 959 684 allegationem
971 616 1086 671 vocarat,
1102 615 1196 681 postea
1207 615 1310 664 tomum
1321 615 1475 680 nuncupat.

212 695 266 751 Nec
279 695 330 750 alio
352 694 464 751 forsitan
483 694 623 750 intellectu
643 694 757 768 Gyrillus
773 694 843 768 apud
858 695 1039 751 Caelestinum
1056 693 1162 767 epist.8
1177 693 1232 749 n.9
1255 700 1344 750 tomos
1364 692 1478 748 misisse

211 797 241 835 sc
261 782 380 842 nuntiat,
402 780 498 854 quibus
517 788 641 853 excerpta
660 780 833 835 Nestorianae
853 778 990 836 doctrinae
1011 777 1126 852 capitula
1151 777 1367 834 continebantur.
1415 776 1479 833 llue

211 874 327 940 spectat,
349 865 422 940 quad
442 867 470 921 in
486 864 695 921 Calchedonensi
716 865 829 921 concilio
844 874 896 921 act.
911 865 949 922 16
962 864 1053 936 (Hand.
1071 863 1089 919 l.
1107 881 1130 919 c.
1147 863 1177 925 ll,
1195 861 1266 935 639)
1288 871 1315 919 et
1330 862 1478 919 decretum

211 953 238 1006 in
254 952 367 1025 gratiam
381 952 472 1024 regiae
487 949 560 1006 urbis
575 953 696 1025 proxime
711 950 811 1005 editum
827 957 918 1006 tomus
932 949 1093 1024 appellatur.
1128 949 1280 1005 Generatim
1301 957 1393 1004 autem
1410 947 1478 1005 Plri-

212 1035 296 1091 lotbei
317 1027 482 1109 patriarchae
501 1037 635 1092 sententia
655 1053 686 1091 ao
705 1034 863 1091 defiuitione
882 1035 983 1109 aliquid
1002 1029 1112 1106 τόμος
1134 1041 1269 1105 uocatur,
1292 1035 1370 1108 quod
1388 1037 1419 1089 in
1441 1048 1478 1089 re

211 1115 448 1194 συντετμημένως
471 1123 501 1176 id
524 1128 566 1177 est
589 1124 695 1194 paucis
721 1121 815 1177 uerbis
835 1128 1001 1177 enarretur.
1041 1119 1113 1188 Quae
1139 1127 1275 1193 postrema
1303 1120 1381 1174 notio
1409 1118 1480 1174 lruic

210 1207 321 1280 scripto,
337 1214 433 1280 utpote
448 1208 614 1280 argumentis
629 1207 743 1262 concisis
758 1208 901 1268 constanti,
917 1223 971 1262 uon
988 1205 1055 1262 male
1066 1206 1204 1280 congruit.
1226 1204 1265 1259 Ad
1277 1204 1396 1260 litteram
1409 1219 1479 1260 vero

211 1290 282 1347 idem
297 1299 339 1346 est
355 1299 458 1354 tamus,
475 1290 548 1365 quod
563 1295 660 1349 sectio.

297 1394 325 1449 3.
348 1392 425 1461 Quod
441 1404 529 1450 autem
545 1394 616 1449 hunc
632 1400 772 1449 tractatum
783 1391 929 1450 Nicolausl
943 1395 971 1449 in
985 1393 1065 1448 citata
1080 1391 1194 1467 epistola
1209 1398 1312 1449 tomum
1327 1393 1367 1448 ud
1377 1394 1479 1448 omen-

213 1482 286 1535 tales
300 1482 450 1551 episcopos
465 1487 562 1542 vocat,
579 1479 631 1534 hoc
646 1480 680 1534 ita
696 1486 738 1534 est
752 1477 972 1553 intelligendum,
995 1485 1095 1533 utnon
1110 1477 1142 1532 ad
1159 1477 1307 1533 Orientales
1322 1478 1409 1550 ipsos,
1424 1477 1478 1532 sed

211 1571 324 1638 propter
339 1564 482 1620 orientales
497 1565 666 1637 conscriptus
681 1565 725 1620 sit.
757 1562 960 1619 Commonitorii
974 1564 1075 1637 potius,
1092 1563 1164 1637 quod
1180 1563 1276 1637 legatis
1291 1563 1318 1618 in
1334 1561 1478 1618 Orientem

213 1650 301 1704 missis
316 1647 429 1711 dederit,
442 1651 557 1723 speciem
572 1665 636 1723 prae
650 1665 680 1704 se
696 1647 757 1704 fert.
794 1649 880 1704 llictio
895 1647 953 1719 ejus
968 1664 1024 1703 uon
1039 1650 1104 1704 satis
1119 1656 1249 1709 accurata,
1266 1655 1361 1722 utpote
1376 1649 1404 1702 in
1421 1664 1478 1721 qua

213 1751 268 1789 uon
288 1733 355 1789 nihil
374 1734 509 1790 interdum
530 1742 576 1789 aut
596 1732 730 1789 abundare
746 1743 792 1789 aut
807 1734 902 1789 deesse
917 1733 1051 1794 videatur,
1073 1733 1200 1789 festinato
1220 1732 1349 1788 dictatum
1370 1733 1477 1806 arguit

214 1818 252 1873 Ob
266 1827 487 1893 argumentorum
504 1828 590 1875 tamen
606 1835 716 1875 acumen
732 1818 896 1874 elaboratum
912 1835 980 1892 opus
996 1818 1072 1874 fateri
1089 1834 1257 1892 cogeremur,
1273 1819 1325 1874 nisi
1336 1817 1478 1874 Gelasium

212 1906 239 1960 in
255 1920 288 1959 eo
303 1906 429 1978 negotio.
451 1903 524 1978 quod
540 1912 649 1966 tractat,
670 1903 777 1959 assiduo
799 1903 891 1960 labore
903 1903 957 1974 jam
973 1905 1147 1960 exerdtatum
1162 1905 1300 1959 sciremus.
1331 1901 1479 1977 lntegrum

212 2006 267 2045 non
283 2006 343 2045 esse
357 1991 515 2063 praesertim
529 1991 557 2046 in
572 1990 649 2045 initio
664 1989 765 2044 num.2
782 1989 931 2063 colligitur.

296 2091 325 2146 4.
353 2091 460 2165 Triplex
474 2093 502 2147 in
518 2108 550 2146 eo
563 2090 736 2148 Orientalium
748 2089 883 2161 objectum
899 2090 1021 2146 diluitur.
1049 2091 1133 2146 tlntca
1149 2089 1255 2164 quidem
1272 2091 1300 2146 lri
1315 2089 1479 2162 obiecerant

212 2178 334 2233 Acacium
355 2175 455 2251 absque
475 2176 579 2250 syuodo
600 2176 718 2232 damnari
739 2176 811 2232 nulla
832 2177 935 2232 ratione
954 2176 1085 2250 potuisse.
1118 2175 1171 2231 Sed
1191 2184 1333 2251 postquam
1350 2176 1478 2232 Gelasius

211 2264 290 2336 epist.
304 2262 343 2319 26
359 2263 483 2318 Acacium
497 2261 720 2318 Calchedonensis
735 2261 832 2335 synodi
846 2263 980 2317 sententia
995 2259 1140 2316 obnoxium
1155 2262 1300 2326 exstitisse,
1315 2269 1399 2335 atque
1409 2278 1479 2336 apo·

210 2346 333 2402 stolicam
353 2346 443 2402 sedem
466 2354 568 2402 tautum
588 2347 685 2419 synodi
706 2347 785 2418 hujus
806 2347 998 2402 exsecutricem
1018 2345 1102 2402 fuisse
1117 2345 1343 2409 demonstrasset,
1372 2349 1479 2403 instare

210 2440 371 2505 coeperunt,
388 2431 488 2487 frustra
502 2431 676 2506 apostolicam
691 2430 783 2487 sedem
797 2448 858 2487 sese
873 2429 1096 2487 Cdchcdonensis
1112 2431 1209 2505 synodi
1221 2431 1351 2488 vindicem
1360 2431 1477 2502 jactare.

211 2533 290 2590 quam
306 2523 428 2591 exparte
443 2525 597 2591 respueret:
618 2525 664 2572 aut
679 2518 749 2571 enim
765 2533 821 2572 eam
833 2533 866 2571 ex
877 2525 937 2572 toto
949 2524 995 2571 aut
1006 2516 1082 2572 nullo
1097 2526 1175 2591 pacto
1191 2516 1382 2573 admittendam
1398 2534 1476 2581 esse;

210 2600 291 2657 simul
306 2603 386 2657 etiam
401 2600 434 2657 de
448 2602 589 2674 iniquitate
603 2602 753 2658 sententiae
769 2601 896 2656 adversus
912 2603 1035 2657 Acacium
1050 2601 1185 2676 prolatae,
1208 2619 1259 2676 qua
1280 2618 1422 2676 nunquam
1443 2601 1477 2658 ab

211 2683 378 2742 anathemate
398 2685 536 2742 eruendus
556 2686 707 2748 dicebatur,
729 2687 945 2760 expostularunt.
982 2687 1090 2742 bemum
1111 2687 1180 2743 hanc
1194 2689 1355 2744 sententiam
1371 2687 1477 2744 nullam

210 2789 271 2827 csse
286 2771 444 2836 voluerunt,
466 2779 561 2846 utpote
577 2784 628 2846 apra
643 2772 754 2828 Aeacius
769 2771 804 2827 ob
818 2773 911 2827 initam
933 2788 993 2828 cum
1008 2770 1089 2827 Petro
1105 2771 1239 2829 haeretico
1254 2773 1476 2830 communionem

212 2856 351 2913 damnatus
366 2856 461 2920 luerit,
484 2873 563 2931 quem
584 2874 644 2912 cum
665 2855 760 2913 codem
775 2856 856 2914 Petro
871 2859 979 2912 nonnisi
993 2865 1135 2931 postquam
1151 2857 1348 2914 absolutionem
1364 2859 1476 2931 praevia

211 2943 376 3015 poenitentia
392 2943 547 3004 meruisset,
563 2944 775 2999 communicasse
790 2941 998 2998 contendebant.
1030 2942 1115 2998 l‘orro
1131 2960 1163 2999 er
1179 2943 1220 2998 bis
1237 2941 1331 3013 tribus,
1349 2959 1420 3018 quae
1435 2943 1476 3000 illi

212 3026 414 3098 objiciebantm.
430 3028 546 3102 pn'mum
561 3044 592 3083 ac
601 3036 767 3102 postremum
780 3030 881 3102 paucis,
898 3028 1013 3084 medium
1029 3044 1092 3083 vero
1107 3027 1230 3102 pluribus
1245 3030 1271 3084 iu
1287 3028 1340 3084 boc
1355 3037 1476 3085 tractatu

211 3112 325 3177 refellit,
341 3112 457 3187 indeque
472 3113 546 3168 velut
561 3131 576 3169 a
590 3115 731 3187 praecipua
746 3122 822 3187 parte
838 3113 933 3169 titulus
949 3115 974 3169 ei
988 3116 1024 3170 de
1035 3114 1227 3172 anathematis
1241 3117 1355 3170 vinculo
1369 3113 1477 3170 inditus

211 3206 262 3254 est.
292 3196 364 3254 ldcm
379 3207 567 3272 argumentum
583 3198 702 3254 Gelasius
717 3197 767 3255 sub
783 3197 884 3262 Felice,
906 3207 937 3254 ut
958 3198 1028 3272 apud
1044 3215 1105 3254 eum
1121 3201 1199 3272 epist.
1215 3197 1253 3255 14
1269 3197 1397 3263 vidimus,
1416 3198 1475 3270 jam

212 3291 351 3347 tractarem
367 3283 507 3339 decadem
523 3285 594 3340 rein
608 3285 693 3359 ipsius
708 3285 833 3357 epist.18
849 3301 956 3340 rursum
972 3283 1122 3340 disseritur.

122 3393 198 3465 [Ed]
296 3385 326 3441 5.
346 3385 399 3442 Sed
414 3386 466 3442 boc
481 3386 542 3442 loco
557 3387 635 3441 etiam
650 3386 763 3442 aliorum
779 3388 895 3442 virorum
911 3385 1053 3442 doctorum
1068 3389 1215 3443 sententias
1227 3386 1261 3442 de
1271 3388 1325 3443 isto
1337 3388 1474 3461 opusculo

212 3469 325 3541 adjicere
340 3488 395 3526 non
410 3487 636 3544 supervacaneum
651 3473 711 3527 erit.
734 3471 821 3540 Quum
835 3473 919 3547 igitur
934 3471 1121 3527 'lillemontius
1135 3474 1163 3527 in
1179 3474 1231 3528 vita
1246 3470 1386 3546 Euphemii
1402 3472 1475 3530 Gon·

211 3556 441 3629 stantinopolitani
455 3554 523 3611 illud
538 3557 565 3611 in
580 3555 690 3612 dubium
705 3565 795 3620 vocat,
817 3565 875 3613 tum
889 3557 1007 3613 marchio
1022 3556 1140 3627 llall'ejus
1155 3559 1183 3613 in
1198 3556 1389 3631 supplementa
1405 3561 1474 3615 Ace·

210 3642 286 3695 ciano
301 3640 372 3695 idem
386 3642 456 3697 nihil
473 3641 568 3713 ferme
583 3644 740 3698 aliudesse
754 3643 803 3704 ait,
825 3660 910 3716 quam
931 3650 1080 3701 centonem
1100 3659 1139 3700 ex
1159 3645 1281 3699 diversis
1296 3643 1476 3717 fragmentis

209 3726 395 3782 librariorum
411 3730 475 3783 nitio
491 3733 668 3797 contextum,
690 3743 740 3782 nec
759 3728 816 3800 ipsa
838 3729 902 3784 baec
916 3727 1066 3803 fragmenta
1081 3727 1178 3784 Gelasii
1194 3744 1254 3784 esse
1269 3728 1341 3784 baud
1356 3728 1474 3785 obscure

211 3811 307 3867 innuit.
329 3810 444 3867 Sensum
458 3812 529 3868 euim
545 3819 625 3886 urget
639 3811 785 3868 identidem
800 3829 860 3868 esse
875 3811 1026 3887 abruptum,
1042 3813 1092 3868 alia
1107 3811 1141 3869 ibi
1157 3813 1190 3869 ad
1205 3813 1264 3884 ejus
1279 3824 1474 3888 argumentum

211 3896 318 3952 minime
338 3898 476 3970 pertinere
497 3905 525 3952 et
545 3897 630 3952 frusta
650 3897 761 3953 alterius
781 3900 875 3972 scripti
894 3898 1006 3955 dicenda
1027 3914 1096 3954 esse.
1132 3897 1232 3955 Deinde
1251 3898 1324 3955 illam
1346 3899 1474 3974 opuseull

210 3982 287 4055 quasi
301 3997 430 4038 summam
446 3983 574 4056 arripiens
589 4000 793 4058 nunquamque
812 3985 1004 4041 anathematis
1020 3987 1142 4041 vinculis
1158 3986 1321 4041 exuendum
1336 3986 1474 4048 Asamum,

209 4083 267 4122 eam
281 4066 443 4140 superfluam
459 4069 568 4124 omnino
584 4068 681 4124 Gelasii
696 4085 786 4124 curam
801 4069 917 4125 futuram
932 4070 1016 4125 fnisse
1031 4069 1153 4132 advertit,
1168 4077 1312 4144 postquam
1323 4068 1399 4127 Felix
1414 4073 1475 4145 ipse

208 4153 234 4206 in
250 4152 364 4227 epistola
378 4169 426 4208 sua
441 4152 547 4226 (Gelasii
559 4153 698 4227 epistolam
713 4154 729 4210 l
746 4153 821 4226 dicit)
836 4154 863 4210 id
874 4153 930 4224 jam
945 4154 1050 4211 abunde
1061 4156 1205 4228 praestitit.
1236 4154 1290 4210 Nee
1304 4155 1472 4212 eredendum

208 4236 295 4301 addit,
311 4237 445 4294 Gelasium
461 4239 529 4294 hanc
543 4237 727 4295 defensionem
742 4238 900 4303 adornasse,
924 4240 1086 4296 validissimo
1102 4249 1262 4315 argumento
1277 4256 1292 4294 a
1307 4238 1404 4296 l'elicis
1419 4241 1473 4298 sci·

208 4322 271 4378 licet
289 4325 423 4380 sententia
443 4325 480 4379 ita
498 4325 670 4396 pronuntiata
690 4333 780 4380 sumto
796 4342 932 4400 nunquam
947 4325 1074 4382 adducto.
1103 4324 1233 4382 Similiter
1246 4324 1317 4381 baud
1332 4324 1472 4391 credibile,

208 4406 301 4465 abillo
324 4408 428 4464 easdem
443 4408 572 4482 loquendi
587 4408 714 4465 formulas
731 4419 908 4484 tenoremque
922 4412 1053 4467 orationis
1067 4427 1097 4466 ae
1111 4411 1167 4468 stili
1182 4409 1306 4467 eumdem
1319 4409 1473 4469 adhibitum

209 4509 282 4557 csse,
299 4494 373 4550 nulla
388 4511 506 4569 unquam
520 4492 615 4550 Felicis
631 4497 766 4552 mentione
782 4495 860 4553 laeta.

294 4579 323 4636 6.
351 4579 391 4635 Ad
406 4582 522 4654 primum
537 4580 644 4653 quidem
655 4579 712 4649 jam
726 4580 859 4637 ballerinii
874 4581 908 4637 de
922 4583 1024 4657 antiqu.
1041 4581 1147 4639 collect.
1164 4582 1239 4638 latin.
1256 4580 1312 4657 p.ll
1327 4598 1351 4638 c.
1361 4582 1401 4638 11
1418 4581 1472 4657 84

208 4665 378 4737 sagacissime
393 4665 605 4740 responderunt,
622 4666 694 4740 qnod
711 4666 753 4722 hic
768 4683 903 4742 apponere
915 4667 1001 4739 juvat.
1029 4669 1140 4742 Nepari
1153 4671 1381 4742 quidemnequit,
1399 4674 1472 4744 quan

208 4750 263 4806 hoc
278 4752 446 4821 opusculum
458 4759 579 4823 praeter
593 4754 747 4823 abruptum
760 4757 870 4810 initium
885 4757 1026 4827 quaedam
1042 4759 1195 4826 contineat,
1211 4770 1287 4828 quae
1297 4770 1392 4828 neque
1404 4772 1472 4813 cure

208 4838 289 4891 titulo
304 4837 339 4891 de
353 4837 544 4893 anathematis
558 4841 670 4895 macuto
685 4855 777 4912 neque
793 4858 856 4897 cum
871 4844 984 4915 reliqua
1001 4845 1131 4910 oratione
1147 4842 1307 4897 cohaerere
1322 4844 1469 4899 ridentur.

209 4921 336 4978 Numero
353 4926 406 4978 let
420 4925 437 4976 2
450 4924 485 4979 de
500 4924 623 4980 decretis
635 4924 912 4983 Calchedonensihus
926 4932 1031 5001 agitur,
1047 4944 1123 5001 qnae
1138 4930 1181 4985 aet
1196 4931 1290 4984 orario
1302 4928 1472 5004 molendo,
