3204 5506
528 364 700 414 smsroas
723 356 753 414 5.
1210 352 1271 419 661

112 517 273 602 proposito
284 522 512 602 repugnarent.
558 517 676 600 Unum,
700 518 776 602 quia
788 518 939 583 dicebant
950 519 1084 584 crimina
1106 523 1377 586 memorabatur.

100 618 152 683 ius
175 617 358 702 Symmachi
385 642 489 703 papae
512 620 596 703 apud
618 613 744 705 regiam
770 621 951 685 constitisse
972 622 1132 686 notitiam.
1183 622 1272 699 Quod

100 741 126 783 n
146 741 214 784 esse
237 721 472 806 deelaravit²³);
495 743 561 785 nou
584 722 670 787 enim
692 723 782 806 quasi
804 745 920 787 novam
938 746 1067 788 causam
1090 724 1271 790 audientiae

100 822 231 906 risisset,
268 823 294 886 si
317 823 385 906 ejus
409 823 637 887 conscientiam
661 824 840 888 convictam
862 825 900 888 de
923 847 1029 889 errore
1051 824 1152 889 solam
1175 827 1272 891 sciret

103 927 190 988 ctare
212 924 417 988 sententiam.
463 924 576 1007 Aliud,
600 925 683 1009 quod
706 947 763 1009 per
785 948 891 990 servos
914 927 1001 1010 de²⁴)
1024 926 1089 1010 his,
1113 950 1194 1012 quae
1216 929 1270 992 ob-

101 1029 174 1109 ant,
203 1048 237 1090 se
265 1048 337 1090 eum
368 1026 580 1110 loquebantur
608 1048 700 1109 posse
724 1028 927 1111 convincere,
958 1028 1120 1112 addentes,
1143 1033 1180 1093 ut
1200 1029 1270 1114 ipse

100 1127 165 1212 ipis
179 1129 332 1209 traderet,
349 1129 475 1212 quibus,
498 1131 653 1211 quantum
670 1128 717 1192 illi
733 1129 929 1213 asserebant,
953 1132 1061 1214 posset
1072 1130 1269 1213 judicatione

100 1229 159 1293 ari.
205 1228 292 1306 Quae
314 1252 365 1292 res
389 1225 564 1293 canonibus
588 1230 709 1314 stipsis
732 1230 868 1314 publicis
891 1234 959 1294 erat
980 1230 1105 1315 legibus
1127 1233 1269 1312 inimica,

127 1334 256 1416 patrum
283 1334 405 1395 statuta
434 1331 633 1413 sanxissent,
663 1335 699 1395 ut
727 1354 804 1416 quos
837 1332 877 1395 ad
914 1333 1148 1397 accusationem
1181 1335 1268 1420 leges

100 1431 122 1497 li
153 1455 220 1497 non
250 1433 440 1515 admittunt,
474 1433 514 1495 iis
542 1433 668 1497 dicendi
691 1434 725 1497 iu
748 1433 932 1517 cognitione
954 1433 1004 1498 vel
1027 1435 1267 1522 adsequendi²⁶)

102 1534 122 1598 d
145 1535 296 1618 neganda
318 1537 403 1599 esset
425 1535 567 1598 licentia.

103 1775 280 1840 ecclesiastici)
297 1778 431 1841 proposito
450 1773 488 1839 (h'
502 1776 665 1842 repupnnre).
696 1772 775 1825 1111Β
788 1778 920 1826 conventui
936 1779 1106 1828 ecclesiastica
1124 1782 1267 1843 proposita.

107 1860 136 1912 a⁸
154 1875 188 1912 ex
205 1857 253 1910 Κ12
269 1857 395 1927 praefert
411 1856 570 1924 lectionem,
594 1855 732 1910 enucleari
750 1873 805 1910 non
822 1856 974 1926 potuimus,
1002 1857 1049 1912 sed
1067 1858 1155 1912 secuti
1173 1877 1267 1913 sumus

100 1943 127 1995 pt
139 1942 173 1996 H.

117 2026 200 2080 F²H⁹
217 2032 404 2095 praeclarauit:
433 2028 521 2094 bseq.
541 2026 577 2081 ad
597 2045 685 2096 marg.
704 2031 859 2095 perclaruit,
887 2043 1005 2095 moxque
1029 2033 1183 2082 conscientia
1206 2050 1266 2083 con·

114 2111 163 2164 ubi
180 2114 205 2165 c¹
224 2117 378 2165 conscientia
396 2118 511 2164 convicta
530 2117 667 2165 deerrare
686 2118 764 2164 solam
782 2132 809 2165 se
827 2117 920 2170 asciret,¹
949 2110 1017 2165 edili
1035 2111 1083 2166 alii
1106 2128 1168 2165 cum
1185 2112 1217 2165 B¹
1231 2113 1266 2166 Ε2

101 2201 230 2250 scientiam
245 2202 382 2250 conuictam
401 2195 444 2262 (B¹
454 2195 488 2248 Ε2
501 2203 660 2257 convinctum,
679 2195 713 2249 F‘¹
723 2215 751 2250 se
762 2199 859 2263 sciret).
886 2195 1010 2249 Verbum
1021 2203 1099 2250 sciret
1117 2197 1210 2251 eutem
1228 2199 1265 2252 ad

101 2279 218 2346 oricum,
244 2295 300 2334 non
318 2280 354 2334 ad
371 2279 568 2349 Symmachum
589 2281 716 2334 refertur.
752 2279 812 2334 Huc
834 2279 947 2345 attinet,
978 2280 1053 2347 quod
1070 2280 1166 2335 Avitus
1183 2282 1262 2336 Vien.

100 2372 125 2419 31
144 2364 248 2431 scribit,
266 2365 459 2434 perstrinxisse
477 2364 621 2433 synodum,
637 2376 715 2432 prout
732 2369 843 2418 breuiter
859 2371 949 2432 patuit,
970 2369 1031 2418 nibil
1046 2370 1145 2420 aetaibi
1161 2373 1200 2420 oet
1208 2373 1263 2436 pto-

100 2457 136 2502 'mo
160 2454 316 2504 theodorico
334 2456 389 2518 rept'
407 2456 438 2503 dc
456 2454 502 2511 bis,
522 2470 587 2518 quae
605 2470 690 2518 papae
708 2453 857 2503 dicebantur
874 2453 988 2516 objecta,
1004 2456 1126 2517 patuisse.

118 2534 148 2587 Β1
169 2540 211 2588 dei
228 2540 271 2604 qui
288 2538 455 2601 objiciebant,
482 2533 516 2586 F²
528 2533 565 2586 pp
583 2539 614 2587 tte
632 2539 671 2587 bis
694 2539 737 2603 qai
754 2538 907 2600 objiciebant
928 2554 1011 2588 sectam
1033 2539 1210 2605 loquebantur,
1235 2538 1264 2590 et

100 2619 147 2673 th¹
167 2624 323 2690 loquebatur.
342 2618 433 2673 —De
451 2617 494 2671 his
512 2617 623 2686 quidem
646 2617 675 2671 in
698 2632 773 2671 conc.
793 2616 887 2672 Carth.
900 2618 952 2672 VII
970 2637 992 2673 c.
1006 2625 1022 2672 2
1038 2621 1095 2672 stt
1113 2619 1171 2687 (qui
1189 2620 1264 2690 apud

100 2703 162 2758 rium
183 2703 321 2774 Exiguum
342 2703 416 2758 inter
436 2702 581 2757 Africanos
599 2709 631 2756 96
645 2705 730 2769 ates,
755 2704 783 2756 et
803 2701 833 2756 in
854 2703 968 2772 vulgato
992 2702 1087 2758 codice
1109 2720 1168 2758 ean.
1196 2705 1260 2759 eccl.

100 2791 221 2844 tacerel
239 2789 426 2855 recensentur)
451 2786 587 2842 sancitum
610 2789 665 2842 est:
691 2792 724 2842 ut
747 2807 830 2841 ornnes
851 2793 920 2841 serat·
944 2795 982 2842 aet
1002 2793 1106 2856 proprii
1127 2793 1211 2842 liberti
1228 2796 1264 2843 att

100 2880 182 2928 tionem
200 2893 250 2928 non
268 2878 446 2935 admittantur,
468 2880 507 2926 vel
528 2892 624 2934 omnes,
648 2891 710 2942 qnos
733 2877 767 2925 ad
789 2878 934 2926 aequanda
953 2876 1056 2941 publicu
1073 2877 1177 2925 crimina
1194 2880 1262 2943 tepes

100 2979 115 3010 a
131 2979 178 3014 non
196 2964 337 3012 admittunt.
378 2960 464 3012 Testes
482 2968 563 3011 autem
581 2963 617 3010 ad
634 2962 797 3011 testimonium
819 2977 868 3010 aon
890 2961 1071 3017 admittendos,
1095 2962 1137 3026 qui
1159 2977 1205 3011 nec
1227 2964 1263 3011 ad

100 3049 183 3098 tionem
200 3049 300 3097 admitti
316 3049 533 3110 praecepissent.
574 3042 680 3094 Horum
703 3055 838 3095 canonum
860 3042 947 3095 verba
963 3039 1103 3095 Ennodius
1120 3040 1149 3094 in
1167 3042 1261 3110 apolo-

100 3128 147 3182 ·sic
163 3127 247 3198 paulo
267 3127 348 3181 aliter
365 3127 484 3196 profert:
503 3130 599 3180 claritat
618 3132 669 3180 atio
687 3133 741 3180 loco
754 3130 952 3192 Cartbapt'nense
967 3129 1110 3179 conciliata:
1129 3128 1261 3190 Qtrascum·

100 3217 299 3267 lacctantionetn
315 3231 441 3279 personas
459 3219 526 3279 repes
543 3215 658 3279 publicae
676 3232 725 3264 non
743 3217 882 3272 adrnittunt,
909 3214 948 3263 itis
970 3215 1133 3277 impugnandi
1155 3217 1260 3263 atterum

108 3304 227 3353 licentiam
244 3302 425 3355 submovemur:
444 3309 468 3350 et
487 3303 568 3349 nullae
586 3303 760 3349 accusationes
777 3315 793 3348 a
806 3299 935 3361 judicibus
954 3300 1090 3347 audiantur
1107 3300 1260 3348 ecclesiasti·

100 3403 126 3436 ae
143 3388 237 3452 reptas
253 3388 349 3436 saecun
363 3386 538 3450 prohibeatur.
574 3381 670 3449 Neque
689 3380 724 3434 ab
743 3396 773 3433 rs
790 3379 874 3433 fuerit
891 3378 944 3432 huc
961 3394 1100 3444 revocare,
1119 3394 1189 3446 quae
1207 3378 1259 3431 En-

115 3467 156 3522 bis
172 3467 297 3538 proxime
314 3465 478 3536 praemittit.
506 3466 578 3519 Nam
592 3483 677 3533 quum
693 3464 782 3518 multa
799 3464 827 3517 in
846 3463 971 3518 eamdem
989 3481 1048 3517 rem
1060 3462 1259 3532 scripturarum

100 3552 158 3607 onia
174 3551 345 3623 protulisset,
363 3551 469 3604 subdit:
494 3555 579 3604 Redeo
603 3562 684 3604 tarnen
700 3562 762 3618 post
780 3561 877 3603 vetusta
896 3554 1064 3616 exctrtptorum
1081 3553 1207 3617 suffrapr'a
1224 3555 1260 3602 att

100 3654 109 3685 1
131 3658 250 3711 canonum
272 3642 438 3701 definitiones.
476 3640 572 3690 Clamat
594 3641 619 3687 in
643 3641 692 3688 alio
716 3641 770 3689 loro
794 3638 991 3701 Cartbapinense
1014 3637 1150 3689 concilium.
1188 3632 1259 3688 Hine

100 3739 102 3767 ι
125 3721 261 3777 mendacii
284 3719 422 3774 manifesti
445 3720 627 3786 convincitur,
657 3719 732 3788 quod
757 3718 876 3772 Isidorus
898 3717 1035 3791 Mercator
1057 3716 1259 3786 Stephanuml

100 3809 123 3860 u
141 3825 167 3861 n.
182 3814 197 3861 ὃ
214 3806 295 3875 fingit
312 3805 462 3875 scripsisse;
487 3811 659 3859 Accusatores
677 3824 736 3859 aero
754 3818 780 3858 et
797 3809 980 3869 accusationes,
999 3822 1062 3872 quas
1079 3810 1175 3856 saeculi
1190 3810 1259 3872 tapes

100 3898 198 3961 reptant,
218 3904 243 3946 et
261 3904 436 3961 antecessores
454 3897 536 3944 nostri
550 3894 733 3959 prohibuerunt
751 3901 776 3943 ct
794 3909 839 3943 nos
855 3893 1028 3943 submovemus.
1056 3886 1085 3941 Si
1097 3886 1170 3941 enim
1182 3892 1258 3943 ante·

100 3991 120 4029 rs
143 3976 306 4047 Stephanil
330 3977 393 4043 (hoc
415 3978 458 4030 est
475 3976 659 4046 Telesphorus
682 3974 760 4045 epist.
777 3981 806 4027 16
824 3993 849 4027 n.
865 3977 891 4042 ὅ)
915 3973 944 4026 id
966 3971 1027 4042 jam
1048 3972 1257 4042 prohibuerant,

100 4062 186 4115 modii
204 4078 273 4116 aevo
291 4061 416 4115 novellae
434 4062 587 4116 nouerant
605 4059 785 4114 definitiones.
816 4059 941 4113 Alterum
959 4073 1070 4122 mone0,
1096 4057 1257 4111 Faustulum

100 4143 165 4202 litae
184 4147 257 4201 sedis
274 4147 400 4215 legatum
417 4162 481 4199 mox
500 4145 573 4199 dicto
587 4144 700 4199 concilio
714 4142 923 4214 Carthaginensi
930 4142 982 4196 VII
993 4140 1157 4208 interfuisse,
1176 4141 1257 4197 adeo·

100 4232 218 4288 tnodium
235 4247 291 4285 non
309 4231 384 4286 aliud
402 4231 437 4284 ab
456 4231 508 4284 hoo
526 4229 640 4283 concilio
657 4229 772 4283 laudare
789 4229 832 4282 hie
844 4227 948 4283 verbis:
968 4230 1095 4295 Scriptum
1107 4238 1146 4280 est
1157 4233 1182 4279 in
1194 4231 1256 4280 Car-

100 4324 138 4370 nsi
154 4323 271 4378 concilio,
291 4323 358 4386 quod
375 4321 617 4384 apostolicaesedis
633 4335 683 4383 per
700 4320 844 4368 Faustinum
866 4319 1020 4381 episcopum,
1044 4316 1087 4380 qui
1103 4315 1159 4364 ltut'c
1176 4316 1208 4364 ab
1226 4332 1257 4365 ea

104 4406 224 4467 interfuit,
243 4407 395 4471 approbavit
412 4408 559 4456 auctoritas.
578 4404 766 4454 acetaatoribus
784 4405 815 4453 de
828 4403 919 4451 inimici
932 4403 1003 4452 domo
1014 4399 1195 4464 prodeuntibus
1207 4417 1257 4451 nort

100 4492 153 4542 tun.
191 4487 284 4541 Habet
308 4486 395 4540 codex
412 4485 582 4539 lastinianus
600 4484 677 4537 libr
695 4483 736 4537 tit.
750 4490 782 4537 20
800 4483 882 4552 lege
904 4481 978 4536 istud
990 4479 1131 4535 Valeriani
1148 4481 1177 4534 et
1194 4479 1256 4534 Gal-

100 4589 157 4641 np.=
182 4576 268 4626 Etiam
280 4578 342 4638 jure
360 4576 427 4624 civiti
448 4576 577 4624 ‹lantestici
599 4575 733 4623 testimonii
750 4575 816 4637 fides
838 4571 1007 4634 improbatur:
1033 4582 1083 4619 nec
1101 4581 1156 4618 non
1173 4565 1256 4634 leg.8

100 4655 264 4711 iiocletiani:
287 4677 384 4710 seruum
404 4676 453 4724 pro
476 4661 574 4709 domino
597 4660 801 4724 quemadmodum
822 4658 942 4707 aduersas
965 4672 1018 4705 earm
1035 4657 1190 4719 interropari
1207 4671 1257 4705 noa

112 4741 178 4797 item
196 4740 300 4795 ibidem
317 4741 370 4809 leg.
386 4749 416 4793 11
435 4740 572 4795 Honorius
594 4741 622 4793 et
640 4738 812 4792 Theodosius
829 4736 946 4806 Augusti
968 4752 1020 4806 pro
1043 4736 1118 4790 certo
1136 4742 1255 4806 ponunt:

100 4832 208 4881 altbert
224 4836 301 4879 testes
319 4832 354 4879 ad
371 4846 460 4879 causas
476 4831 638 4894 postulantur
655 4831 761 4877 (alienas.

115 4911 141 4964 h¹
155 4912 173 4966 b
188 4914 212 4965 ο*
225 4928 300 4979 seqq.
320 4916 464 4973 arcemanus,
483 4911 588 4978 rejecto
600 4909 637 4964 ad
648 4909 804 4979 marginem
817 4913 980 4978 adsequendi,
998 4906 1072 4979 quod
1085 4922 1179 4962 omnes
1190 4923 1254 4960 mss.
