3224 5506
645 116 846 166 resonares
870 119 920 165 111.
1360 105 1425 170 555

137 279 270 351 ficatio
283 278 326 335 est
338 275 447 354 Filius,
470 274 603 357 propter
624 271 856 337 humanitatem
880 273 948 356 ejus
971 273 1059 356 dicit,
1083 295 1147 338 non
1164 277 1296 360 propter
1311 274 1423 339 divini·

104 440 109 447 ι
138 376 270 439 tatem.

242 479 386 558 medem
407 479 441 539 in
462 481 568 543 eodem
589 480 685 542 libro.
716 483 811 559 (lade,
839 481 893 553 ait,
921 492 949 541 et
975 483 1052 542 Deru
1079 499 1145 542 erem
1172 486 1423 563 superexaltavit,
1437 498 1566 563 [thir-gn,

141 590 174 642 et
192 583 328 641 detrusit
344 579 378 641 ‘ci
397 599 503 641 namen
527 585 609 656 quod
629 591 672 642 est
694 602 785 660 super
807 601 891 642 oratic
906 602 1011 644 ironica
1035 583 1095 644 etc.
1133 579 1181 643 De
1203 580 1322 663 templo
1345 581 1424 646 haec

141 678 248 760 dicit,
271 678 353 762 quod
376 682 425 743 est
448 701 562 764 corpus
586 681 664 764 ejus.
709 681 783 745 Non
806 681 890 744 enim
914 683 1056 746 excelsus
1080 683 1249 764 exaltatur,
1273 683 1328 745 sed
1351 705 1424 747 caro

142 780 317 845 exaltatur
340 781 467 865 excelsi,
492 786 524 845 et
547 783 636 846 carni
659 783 774 847 excelsi
797 790 920 847 donauit
942 805 1059 860 nomen,
1084 792 1166 863 qaod
1180 796 1326 864 estsuper
1341 805 1425 849 omne

142 904 280 956 comem
303 886 335 947 et
358 907 424 948 non
438 884 580 949 Verbum
596 885 656 949 Dei
679 908 736 970 per
758 886 897 970 gratiam
920 886 1055 969 accepit,
1079 891 1114 950 ut
1138 890 1304 950 vocaretur
1325 887 1423 969 Deus,

142 985 205 1048 sed
233 1006 309 1049 caro
331 986 400 1070 ejus
425 1009 496 1051 cum
519 1009 556 1051 eo
578 986 726 1052 deificata
749 991 807 1051 cst.

239 1089 459 1175 Ejusuomttp.
477 1088 566 1153 Sicut
595 1090 680 1153 enim
701 1089 809 1153 lumen
832 1112 897 1152 non
920 1090 1058 1153 laeditur
1087 1090 1120 1152 in
1146 1093 1316 1155 tenebroso
1344 1092 1423 1175 loco,

143 1209 262 1273 neque
283 1190 349 1254 vita
372 1194 479 1274 potest
495 1191 614 1275 aliquid
631 1191 699 1274 pati
720 1192 897 1277 naturate),
921 1193 1004 1256 sicut
1025 1192 1071 1255 ait
1085 1191 1253 1275 prophetia
1269 1193 1425 1257 Dominus
1438 1212 1563 1276 Marsa,

143 1288 184 1352 dc
212 1312 268 1356 sc:
296 1299 409 1373 Videte,
433 1300 506 1373 quic
528 1315 584 1371 epo
601 1316 675 1365 suin,
699 1305 728 1357 et
749 1316 809 1358 aon
832 1300 978 1358 tritantur.

242 1394 292 1457 34.
337 1399 447 1459 Basilii
469 1400 606 1477 episcopi
628 1400 798 1462 caesareae
820 1402 858 1461 de
881 1400 1053 1478 gratiarum
1075 1394 1207 1461 actione.
1236 1396 1326 1461 Sicut
1348 1419 1425 1481 crgo

146 1497 298 1580 suscepit
318 1496 437 1559 famem
460 1497 627 1579 Dominus,
651 1497 734 1560 forte
758 1498 828 1560 cibo
852 1502 962 1581 egesto
985 1497 1053 1580 ejus
1076 1498 1110 1560 in
1133 1520 1273 1582 corpore,
1299 1503 1329 1562 et
1352 1500 1425 1563 fati-

147 1596 255 1674 gatus
276 1601 324 1662 cst
345 1599 497 1662 musculis
521 1603 552 1663 ct
575 1599 680 1662 nervis
704 1622 742 1678 es
765 1600 880 1663 itinere
902 1600 1072 1683 protensis,
1102 1622 1166 1663 uon
1190 1601 1359 1665 (livinitate
1381 1602 1426 1665 la·

147 1692 233 1761 hore
257 1693 394 1782 domataj
425 1700 478 1764 sed
507 1702 701 1784 suscipiente
731 1722 860 1784 corpore
889 1705 1037 1765 naturam
1066 1703 1227 1784 sequentis
1255 1703 1424 1784 passionis.

148 1791 214 1877 Sic
233 1805 267 1864 et
280 1803 437 1887 lacrymas
452 1802 546 1886 fudit,
570 1803 749 1867 naturalem
758 1803 798 1887 ⁷⁰)
822 1825 930 1866 casum
942 1802 1030 1866 carni
1055 1801 1204 1866 advenire
1220 1803 1426 1887 permittens3

149 1901 244 1978 quod
265 1904 386 1986 euenit,
416 1904 544 1990 quando
574 1907 791 1969 concavitates
821 1905 941 1969 cerebri
968 1927 1005 1967 ex
1033 1904 1246 1989 fumigatione
1273 1907 1426 1970 tristitiae

149 2005 333 2088 completae
355 2006 488 2090 suerint,
512 2010 544 2071 et
566 2007 665 2071 veluti
687 2030 745 2092 per
767 2008 920 2092 quosdam
942 2007 1036 2089 rivos,
1061 2005 1092 2069 id
1109 2009 1158 2069 est
1171 2007 1332 2072 foramina
1354 2030 1426 2073 ocu-

149 2094 271 2191 lssrum,
294 2109 541 2174 humectationis
563 2133 643 2173 onus
666 2109 829 2194 egreditur

244 2210 294 2275 35.
339 2216 483 2294 Gregorii
509 2217 646 2295 episcopi
679 2217 795 2293 Nysioe
824 2220 933 2276 contro
959 2215 1146 2275 Eunomium.
1191 2213 1333 2276 Accusat
1361 2235 1425 2295 eos

148 2305 208 2383 (lui
235 2313 416 2394 passionem
439 2315 608 2398 assignant
630 2315 788 2377 humanae
810 2317 959 2397 naturae3
982 2314 1052 2377 vult
1074 2313 1161 2376 enim
1177 2314 1307 2378 cumino
1322 2315 1428 2398 ipsam

148 2401 361 2479 divinitatem
383 2416 517 2481 subdere
539 2417 696 2501 passioni:
725 2415 892 2500 duplici⁷¹)
922 2416 1007 2479 enim
1030 2415 1204 2479 exsistente
1226 2415 1350 2480 cisino
1373 2417 1427 2479 tlu-

148 2499 315 2581 bitatione
342 2519 510 2601 opinione,
539 2518 606 2582 sive
634 2518 786 2582 divinitas
813 2517 847 2580 in
876 2518 1024 2601 passione
1053 2518 1095 2581 sit
1121 2518 1210 2581 facta
1227 2566 1234 2581 .
1253 2568 1259 2581 .
1279 2568 1303 2600 .,
1334 2519 1427 2582 unius

146 2618 321 2712 mensorio
342 2620 378 2682 in
401 2618 586 2683 defensione
609 2620 646 2683 fit
668 2619 769 2683 modis
791 2619 938 2682 omnibus
961 2620 1028 2700 ejus
1052 2620 1134 2703 quod
1156 2619 1357 2703 relinquitur.
1394 2621 1426 2684 Si

143 2710 261 2788 ¹gstur
288 2724 442 2785 accusant
474 2743 537 2804 coe,
567 2722 621 2806 qui
648 2722 830 2806 passionem
860 2721 944 2785 circa
977 2720 1212 2784 humanitatem
1239 2722 1425 2804 respiciunt,

141 2801 335 2887 laudabunt
356 2823 578 2888 indubitanter
601 2846 670 2906 eos,
700 2825 753 2907 qui
775 2822 959 2906 passibilem
982 2821 1093 2885 dicunt
1116 2822 1189 2885 tulii
1213 2822 1424 2885 divinitatem.

139 2904 377 2990 Quassatam
400 2947 457 3009 per
479 2925 558 2990 hacc
580 2926 714 2989 stmitur
740 2925 883 2988 defensio
906 2924 1048 3007 dogmati
1072 2946 1189 3006 eorum,
1219 2924 1427 2988 absurditatis

136 3015 216 3101 ⁰⁸i3
259 3050 333 3091 nam
364 3027 391 3091 si
424 3027 547 3110 patitur
575 3028 702 3111 quidem
730 3026 903 3090 secundum
932 3047 1040 3088 eorum
1067 3047 1246 3089 sermonem
1275 3025 1426 3090 divinitas

133 3100 246 3209 Filii,
268 3129 373 3194 Patris
397 3129 528 3193 veroin
550 3131 637 3193 omni
659 3128 918 3213 impassibilitate
942 3130 1095 3210 servatur,
1119 3127 1325 3212 impassibilis
1349 3149 1427 3213 ergo

130 3220 277 3321 ”itura
299 3231 386 3318 adn)
410 3252 491 3314 eam,
515 3254 596 3315 quac
619 3231 760 3315 suscepit
781 3231 973 3315 passionem.
1015 3229 1120 3293 Aliter
1142 3250 1218 3314 ergo
1240 3229 1349 3313 habet,
1374 3231 1427 3314 qui

128 3304 362 3398 dlviniaam
383 3354 512 3418 passam
535 3333 614 3397 dicit
636 3337 669 3398 ct
690 3355 756 3397 non
779 3335 934 3417 templum
956 3332 1145 3396 divinitatis.

247 3436 294 3499 36.
322 3430 475 3520 Gregorii
489 3440 840 3518 episcopiiiazianzeni
863 3456 900 3499 ex
916 3439 1050 3515 epistola
1071 3440 1111 3499 ad
1127 3438 1315 3500 Nectarium.
1337 3433 1427 3520 Et⁷³)

139 3530 206 3586 ¹⁰0
244 3558 306 3603 non
329 3539 423 3602 modo
446 3537 572 3602 crudele
595 3542 653 3621 est,
678 3538 731 3601 sed
756 3538 898 3601 omnium
921 3536 1140 3600 saevissimum
1162 3536 1240 3599 illud
1264 3540 1323 3620 est,
1353 3537 1428 3621 quia

217 3739 262 3809 ⁸⁹)
278 3742 338 3797 Hoc
354 3742 430 3796 idem
448 3741 638 3797 testimonium
653 3743 713 3810 jam
733 3758 817 3810 supra
834 3759 860 3793 n.
875 3748 908 3794 au
926 3739 1063 3809 integrius
1081 3739 1264 3809 praemissum
1282 3741 1330 3794 cst.

221 3825 263 3892 ⁶⁵)
280 3826 412 3896 Superius
430 3846 456 3880 n.
471 3834 504 3882 20
521 3834 572 3881 cita
590 3834 718 3881 mortalem
735 3832 862 3881 visitando
880 3837 1003 3882 naturam.

129 3967 136 3977 ,
220 3907 263 3978 ”“’)
280 3911 385 3966 Graece
403 3908 439 3966 coi
458 3907 488 3967 iu
507 3914 558 3981 τῆς
577 3908 688 3980 φύσεως
702 3907 961 3966 ἐπακουλοθοῦντα
974 3905 1177 3979 συμπτώματα,
1196 3910 1248 3966 hoo
1261 3912 1303 3963 est
1320 3929 1351 3963 eo
1363 3929 1428 3978 picae

126 3981 195 4031 ⁸9⁸3
223 4002 362 4051 &erundum
381 4008 497 4051 acturam
515 4003 642 4051 occidunt.
997 4051 1004 4074 ¹

223 4077 265 4146 71)
280 4081 477 4151 Interprctotio
496 4083 615 4136 obscura
632 4082 661 4136 et
680 4081 778 4134 mutila
796 4080 834 4135 sic
847 4079 1040 4135 restauranda:
1060 4083 1137 4144 Quum
1154 4084 1219 4131 enim
1237 4085 1385 4147 dimicasti
1403 4090 1428 4133 ct

133 4151 278 4227 orribiyca
293 4171 387 4234 opinio,
406 4171 556 4220 divinitasne
575 4188 608 4220 aa
626 4172 766 4220 lercmanitas
784 4173 809 4219 in
827 4172 946 4234 pressione
962 4168 1042 4232 [nent
1055 4166 1114 4230 (scu
1123 4168 1242 4232 passioni
1251 4165 1427 4231 subjacuerit),

136 4237 235 4295 ΨΜ
258 4256 379 4306 armentia
393 4256 426 4317 lit
442 4271 550 4320 prorsas
562 4258 667 4305 atterius
680 4256 803 4318 defensio.
823 4249 915 4320 [Unde
928 4256 952 4302 io
966 4254 1120 4302 ‹latitatione
1132 4247 1281 4316 legendum
1293 4246 1426 4317 videtur]

228 4330 267 4399 ¹²)
282 4333 320 4388 Ex
337 4352 438 4405 graeco
457 4332 528 4404 πρὸς
547 4334 600 4405 τὴν
616 4334 855 4406 παραδεχομένην
872 4329 1025 4401 ἀλλοτρίως
1043 4332 1100 4403 ἔχει
1121 4332 1336 4386 convertendum
1354 4335 1427 4387 crat:

149 4399 185 4449 “b
207 4428 261 4475 θα,
276 4440 334 4487 quoe
348 4426 494 4490 passionem
506 4427 626 4490 suscepit,
645 4427 793 4480 alienasse
811 4419 911 4473 deinde
924 4419 1061 4488 expuncto
1072 4422 1156 4472 Aliter
1168 4437 1230 4487 erpo
1243 4423 1318 4472 habet
1336 4418 1428 4488 logen-

155 4477 235 4547 dum
257 4504 297 4565 Qui
313 4511 465 4562 divinitatem
483 4527 584 4575 passam
603 4513 672 4560 dicit.

239 4585 272 4650 τ’)
286 4587 420 4646 Brennus
444 4603 469 4646 ct
491 4597 562 4645 bomo
584 4613 632 4647 noa
655 4598 728 4646 modo
751 4597 853 4645 crudele
874 4603 920 4649 est.
956 4591 1010 4644 Pro
1034 4607 1100 4645 voco
1122 4595 1192 4644 laurac
1215 4589 1363 4659 legendum
1387 4592 1429 4643 cst

174 4653 227 4727 boc,
249 4673 315 4736 quod
329 4675 417 4747 liquet
434 4694 468 4731 ex
486 4693 587 4745 gracco
607 4677 656 4733 acl
669 4671 749 4731 ciac>
762 4678 846 4731 τοῦτο
860 4678 966 4745 δεῖνον,
986 4676 1038 4730 hoc
1050 4677 1092 4729 cst
1104 4686 1129 4729 et
1141 4679 1188 4729 boc
1200 4695 1249 4730 aaa
1262 4681 1327 4730 odeo
1337 4694 1424 4742 prom.
