3204 5506
228 360 289 425 did
677 377 704 425 s.
723 376 904 425 sanarem
926 375 1039 423 saraa

121 540 214 590 stol.
228 531 399 613 voluimus,
429 530 523 594 etad
545 553 676 614 papam,
701 531 755 614 qui
777 530 1007 614 impetebatur,
1037 530 1151 613 quater
1174 528 1387 593 consacerdotes
1399 549 1440 593 ue
1523 510 1533 551 ³

228 639 310 698 stros
334 656 371 697 ex
394 632 532 696 secunda
555 634 675 716 synodo
698 633 885 715 direximus,
910 636 946 696 ut
968 631 1008 694 ad
1027 629 1186 714 judicium
1209 627 1448 714 eonsentientes
1494 662 1499 671 ·
1527 616 1533 657 ³

228 756 392 800 occurrere
426 757 459 798 se
492 735 672 798 audientiae
702 739 830 798 nostrae
860 734 988 818 penitus
1018 754 1085 797 non
1119 732 1248 817 possei)
1280 736 1392 797 testata
1408 732 1459 797 est

228 837 399 902 mandans:
423 843 555 901 Primam
578 844 620 901 ad
641 849 817 902 conuentum
840 847 979 913 restrum,
1003 840 1126 915 quanda
1140 839 1258 899 Rornae
1278 842 1387 914 aemili,
1401 843 1470 899 sine

229 947 333 1020 aliqua
356 945 540 1004 dubitatione
558 947 734 1019 properavi,
759 951 787 1003 ct
807 946 970 1018 privileqio
992 959 1059 1001 enea
1081 944 1232 1002 volantati
1245 942 1476 1018 reaiaesslnim

227 1054 256 1107 et
278 1044 522 1119 auctoritateret)
545 1047 659 1122 synodo
681 1048 767 1115 deda
796 1049 874 1105 sicat
900 1046 989 1104 labet
1010 1047 1217 1105 ecclesiastiea
1240 1046 1396 1120 disciplina,
1415 1060 1480 1102 re-

228 1152 444 1209 staurationem
467 1149 662 1207 ecelesiarum
685 1151 869 1222 reputariler
887 1149 1029 1222 poposci:
1061 1148 1116 1207 sed
1142 1149 1242 1208 nullae
1267 1146 1337 1206 rnilri
1359 1164 1375 1205 a
1394 1147 1485 1206 rabis

229 1253 353 1326 effectus
374 1258 426 1310 est.
475 1251 587 1308 Deinde
609 1267 698 1324 qaum
720 1245 942 1330 corruenirem7)
965 1266 1032 1309 cnm
1054 1251 1136 1309 clero
1159 1266 1234 1322 meo,
1258 1250 1401 1309 cataclita
1415 1249 1485 1307 de

229 1360 379 1413 mactatas
399 1370 473 1412 sam.
520 1352 649 1411 Ulterius
670 1369 715 1410 nse
737 1360 834 1412 restro
862 1354 997 1411 examini
1023 1368 1080 1411 non
1104 1354 1269 1411 committo:
1297 1354 1325 1410 in
1342 1355 1486 1426 potetate

181 1532 183 1536 μ
233 1454 288 1512 Ilei
307 1465 350 1513 est
370 1461 398 1513 el
420 1454 534 1513 lorraini
554 1456 644 1526 repis,
669 1456 743 1528 arsid
763 1456 801 1513 cie
821 1472 867 1514 me
882 1456 1025 1514 deliberet
1040 1455 1196 1513 ordinare.
1212 1487 1256 1497 --
1271 1447 1363 1533 Noa)
1375 1452 1482 1511 tanea

230 1552 393 1634 episcopos
417 1573 488 1615 cunr
509 1551 629 1633 majore
652 1551 761 1614 domus
777 1556 901 1616 vestrae
915 1551 1032 1615 illustri
1052 1550 1120 1614 viro
1136 1551 1298 1635 Arigerno
1311 1550 1479 1615 damus.

230 1652 350 1728 Quibus
358 1654 384 1739 9)
407 1654 483 1737 quid
505 1653 648 1735 responsi
671 1652 803 1735 dederit,
828 1677 885 1717 sua
908 1654 1115 1738 suggestione
1137 1653 1312 1717 renuntiet.

316 1756 366 1819 10.
403 1754 593 1818 Intimamus
615 1734 948 1819 tamen‘serenissimo
971 1755 1097 1837 domne,
1121 1755 1198 1839 quia
1220 1754 1311 1819 nobis
1325 1753 1395 1840 quod
1405 1766 1469 1837 ptr&
1526 1758 1533 1773 ''

230 1857 328 1920 simus
351 1858 456 1921 facere
478 1879 543 1920 non
567 1858 730 1940 remansit,
760 1880 819 1921 nec
841 1857 979 1921 invitum
1001 1857 1041 1920 ad
1063 1856 1327 1939 disceptationem
1348 1859 1464 1920 nostram

232 1959 386 2024 adducere
427 1981 604 2043 possumus.
664 1959 869 2046 Quoniam¹⁰)
904 1960 964 2043 ipsi
1001 1980 1058 2042 per
1091 1979 1231 2023 canones
1264 1957 1459 2043 appellatione

230 2135 324 2189 sanda,
347 2146 397 2198 pro
417 2145 472 2195 qua
494 2127 623 2182 librarius
640 2129 731 2198 primo
750 2129 899 2198 scripserat
920 2134 1031 2183 sesannia
1053 2126 1219 2196 addiditque
1244 2126 1412 2197 postmodum
1425 2142 1460 2179 ess

231 2212 398 2282 conjectavit
415 2212 550 2266 Batonius
573 2230 606 2266 ac
628 2213 758 2283 deinceps
782 2214 902 2269 editores
926 2214 985 2279 alii,
1015 2212 1217 2267 restituendum
1240 2229 1300 2268 esse
1321 2222 1463 2268 sacrosancte.

231 2295 287 2350 Sed
303 2304 414 2351 secando
434 2315 495 2351 cum
507 2298 539 2350 B¹
559 2299 783 2366 anteponendum
801 2316 861 2353 esse
873 2315 928 2352 non
940 2297 1073 2367 ambiget,
1092 2296 1140 2367 qui
1152 2297 1311 2365 recoluerit,
1328 2296 1399 2367 quod
1408 2310 1469 2367 sapa

232 2381 420 2436 Theudoricus
441 2401 467 2435 n.
487 2389 502 2435 2
526 2381 675 2451 praecipit:
703 2403 801 2437 rursum
824 2390 860 2438 ad
883 2388 943 2437 Kal.
962 2386 1102 2451 Septenrbr.
1121 2389 1186 2437 dien
1204 2388 1318 2438 eundern
1339 2389 1474 2439 sacerdota

232 2487 356 2522 numeram
374 2474 516 2534 conuenire,
535 2475 578 2538 qai
595 2474 685 2521 dicdum
701 2473 789 2535 fuerat
807 2480 964 2530 corwocalas,
983 2470 1012 2522 et
1029 2484 1084 2537 quo
1101 2469 1186 2538 pacto
1204 2466 1343 2523 iteratum
1356 2468 1423 2523 illud
1432 2484 1479 2523 eot-

234 2550 324 2604 cilium
342 2570 367 2605 n.
382 2560 397 2606 3
414 2560 547 2607 secundum
566 2543 716 2616 condentum,
736 2558 765 2607 et
776 2560 876 2608 numi}
895 2560 1020 2608 secundae
1038 2559 1245 2622 conprepalionis
1263 2560 1388 2623 repetitio
1399 2560 1486 2624 judicis

233 2639 318 2690 vocet.
355 2637 397 2689 Ex
418 2637 470 2692 hoc
494 2638 568 2692 enim
591 2637 710 2693 secundo
735 2640 870 2693 conventu
892 2637 976 2692 missa
998 2639 1042 2692 est
1061 2637 1133 2692 haec
1154 2636 1266 2692 relatio.
1305 2638 1388 2704 Quod
1409 2641 1491 2695 auara

232 2718 428 2787 Symmachum
446 2725 545 2790 quater
562 2723 698 2777 monitum
716 2723 807 2792 ajunt,
830 2724 922 2777 firmat
943 2723 1012 2776 illud
1030 2721 1254 2778 adversariorum
1279 2722 1343 2793 ejus
1361 2724 1437 2796 apud
1451 2724 1495 2779 Ea

231 2805 356 2859 hodium:
382 2811 467 2872 (lirare
485 2815 670 2863 conventionem
687 2814 855 2876 praeveniens
877 2829 930 2862 carn
945 2815 1097 2877 populorum
1119 2812 1233 2863 coelibes
1256 2828 1371 2865 eamn
1394 2818 1498 2877 intrarit,
1531 2856 1533 2879 2

235 2901 259 2943 et
277 2903 368 2959 postea
381 2898 491 2960 judicia,
511 2915 582 2963 qrcunr
601 2904 719 2947 enecatus
734 2898 835 2960 suisset,
853 2900 958 2961 sprevit.
1531 2882 1533 2891 Ι

300 2980 319 3043 ⁵)
338 2976 381 3030 lta
397 2977 430 3030 B¹
444 2977 491 3044 Γᾶς
510 2978 557 3031 K¹²
569 2979 587 3031 b
601 2980 627 3032 α’
643 2984 725 3046 possit
741 2989 858 3043 statutus,
878 2981 903 3031 (2⁹
922 2978 951 3045 (b
969 2977 1006 3032 ad
1022 2981 1124 3047 marg.)
1140 2997 1221 3047 posse
1238 2987 1347 3040 statuit.

298 3063 318 3128 ὓ)
337 3061 362 3114 K
365 3065 385 3097 ¹²
402 3071 554 3117 auctoritate
572 3069 677 3132 synodo.
696 3062 769 3116 unde
787 3063 805 3116 b
824 3069 973 3117 audomtoli
989 3070 1088 3132 synodi.
1124 3061 1180 3117 Sed
1199 3080 1266 3118 cum
1286 3065 1323 3120 B¹
1337 3071 1366 3122 θ’
1378 3072 1409 3124 8³
1425 3082 1505 3126 sueta

231 3152 331 3199 ntalem
348 3153 445 3214 spnoclo
463 3148 619 3218 legendum,
637 3146 727 3217 liquet
744 3164 778 3201 ex
795 3147 837 3202 his
849 3147 997 3217 superioris
1010 3147 1153 3202 constituti
1165 3149 1318 3218 synodalis
1337 3170 1366 3208 n.
1381 3160 1411 3209 3:
1429 3168 1508 3211 arete

230 3236 330 3284 ritatem
349 3237 434 3285 ordini
451 3240 605 3302 collipenda,
631 3239 696 3286 sicul
713 3237 851 3301 poscebant
869 3239 1040 3287 ecclesiastiea
1058 3245 1165 3296 statuta,
1242 3255 1275 3290 se
1292 3242 1362 3293 dare
1380 3246 1510 3308 professas

231 3326 278 3373 est.
308 3315 344 3368 Et
361 3334 426 3371 vero
445 3318 582 3386 quaedam
602 3320 643 3371 est
659 3317 688 3370 in
706 3317 748 3371 his
766 3335 869 3387 pugna,
887 3319 918 3371 ut
931 3324 1104 3373 arietaritntern
1118 3325 1228 3381 dederit.
1248 3327 1324 3376 sicat
1335 3328 1418 3380 tabet
1434 3334 1508 3381 ecete-

230 3406 335 3454 stasttra
354 3407 494 3470 disciplina.
526 3402 657 3471 Episcopi
676 3401 749 3456 enim
768 3403 931 3472 congregati
948 3420 1003 3457 non
1020 3403 1105 3459 semel
1122 3406 1262 3474 repetunt
1281 3423 1318 3462 ac
1331 3408 1447 3477 docent,
1462 3412 1510 3466 hoc

232 3484 448 3540 ecclesiasticam
466 3486 639 3556 disciplinam
657 3487 774 3554 habere,
801 3490 833 3541 ut
850 3488 879 3541 in
897 3487 1091 3557 Symmachum
1113 3491 1235 3559 propter
1264 3490 1426 3567 privilegia
1443 3496 1509 3551 sem

175 3622 178 3626 .
232 3568 307 3623 nulla
325 3569 377 3623 sibi
396 3588 430 3625 ex
447 3588 476 3625 se
495 3571 531 3625 sit
549 3571 707 3626 auctoritas.

298 3659 318 3722 ⁷)
337 3656 380 3709 Ita
398 3656 439 3722 B¹‚
458 3656 504 3710 alii
522 3663 630 3710 uenirem
690 3670 814 3711 mactatus
831 3678 883 3711 sum
902 3661 940 3725 (a³
958 3676 992 3713 ex
1009 3677 1067 3729 sup.
1082 3658 1193 3714 constit.
1211 3662 1320 3730 synod.
1339 3683 1370 3719 n.
1385 3672 1403 3721 6
1421 3679 1509 3722 tracte

232 3753 270 3793 tus
293 3740 495 3794 emendandum
518 3742 645 3812 putavit).
690 3743 754 3796 Mor
777 3743 834 3796 bc³
846 3761 901 3812 seq.
925 3751 1043 3799 conmitti
1063 3750 1088 3797 in
1109 3756 1245 3814 potestate
1265 3753 1324 3803 Dei
1344 3764 1402 3809 est.-
1428 3752 1509 3823 sequi

231 3843 292 3878 mur
310 3825 341 3877 Β1
355 3826 402 3878 Κ12
412 3830 444 3880 0⁹.

299 3913 319 3978 ⁸)
337 3911 381 3964 Ita
397 3910 439 3964 Fi.
476 3912 509 3965 B¹
529 3917 591 3965 Post
610 3919 745 3981 episcopos
761 3925 843 3968 tarsen
866 3935 927 3984 quos
945 3921 1070 3983 maiores,
1098 3914 1146 3968 K¹²
1166 3924 1212 3986 qai
1228 3925 1349 3986 majoris
1367 3926 1458 3977 dom
1473 3942 1508 3977 se·

230 4006 300 4048 strae
319 4002 431 4049 interseris
449 4018 508 4051 aero
527 4001 649 4066 Arpenno
668 4003 819 4052 diremimus:
840 4003 928 4068 pacilius
946 4006 989 4069 qui
1004 4006 1124 4068 responsi
1200 4011 1344 4059 renuntiat
1368 4019 1396 4061 et
1413 4014 1507 4062 istene·

231 4102 277 4134 nus
294 4092 383 4134 tamen.
420 4085 445 4134 c⁹
464 4088 489 4136 ei
504 4089 625 4150 rrmjoreru
644 4090 728 4138 domus
750 4107 771 4137 a.
792 4091 910 4139 illustrem
931 4092 1008 4139 sirum
1026 4091 1194 4154 anaema,
1222 4089 1327 4144 nescio
1346 4106 1407 4160 quta
1423 4098 1507 4147 auda·

232 4165 322 4220 ritate.

298 4256 319 4315 9)
338 4252 439 4305 ltaB1.
476 4252 531 4306 Alii
548 4259 590 4306 cni
606 4260 667 4323 qrrid
737 4263 874 4320 renuntiat,
894 4267 919 4311 el
936 4262 1074 4311 intimamus
1146 4263 1212 4327 quid
1226 4250 1373 4327 poesis-ai.

301 4341 330 4405 ¹⁰)
349 4337 392 4390 Ita
409 4337 451 4389 B¹.
486 4336 540 4391 Alii
558 4339 690 4392 omittunt
709 4344 840 4405 (letaniam,
865 4343 894 4395 et
911 4357 975 4394 mox
993 4341 1040 4395 Κ12
1057 4347 1109 4410 ipsi
1125 4348 1262 4410 appellat,
1288 4353 1357 4416 quid
1373 4355 1455 4418 egerit
1467 4352 1505 4417 [Ι-

232 4427 354 4482 ciendum,
373 4425 398 4475 c⁹
417 4429 471 4490 ipse
493 4431 618 4491 appellat,
638 4431 729 4494 sepiliri
743 4430 905 4492 faciendum?
940 4425 1070 4495 Episcopi
1087 4425 1132 4479 hie
1150 4426 1342 4497 confirmant,
1367 4433 1444 4503 quod
1460 4432 1505 4488 Ge·

231 4504 313 4559 Iasius
331 4506 409 4575 epist.
424 4512 456 4560 ‘26
479 4526 504 4560 n.
520 4514 535 4560 ὁ
553 4508 660 4562 scribit:
686 4515 780 4564 Corneto
797 4532 847 4580 per
869 4517 982 4565 narsetum
1004 4517 1071 4565 nouit
1090 4514 1224 4573 Ecclesia,
1250 4523 1380 4585 quonian
1397 4538 1505 4588 psam

231 4593 289 4642 libet
305 4598 437 4645 sententiis
455 4599 533 4661 lipata
550 4601 693 4663 pontificum
711 4602 786 4650 series
804 4601 873 4650 beati
890 4602 964 4650 Petri
980 4603 1090 4665 apastoli
1100 4601 1148 4662 jas
1166 4600 1267 4652 tabeat
1285 4609 1452 4669 neutuna,
1473 4612 1505 4657 st·

229 4685 289 4740 pote
308 4696 371 4744 qrrae
390 4683 421 4730 de
439 4685 505 4730 orani
515 4683 631 4733 Ecclesia
646 4686 690 4747 fas
708 4685 799 4734 tabeat
811 4687 957 4748 judicandi,
982 4701 1061 4751 neque
1078 4687 1193 4751 eaiqrrasr
1212 4688 1249 4737 ele
1269 4691 1333 4753 ejus
1351 4695 1431 4745 liceat
1439 4694 1506 4758 jd·

231 4778 291 4812 care
303 4764 420 4826 judicio:
437 4768 558 4831 siquidem
577 4772 612 4818 od
628 4772 694 4818 illam
714 4772 746 4819 de
765 4771 874 4835 qrrnlilret
892 4772 977 4819 meandi
991 4777 1067 4834 porte
1085 4785 1197 4821 conones
1218 4778 1524 4839 appellandarum·

231 4847 262 4893 ab
283 4848 327 4896 illa
349 4857 431 4899 autem
455 4869 523 4903 nerno
540 4856 573 4902 sit
596 4859 727 4918 appellare
750 4858 895 4919 permissas.
943 4850 992 4904 His
1014 4851 1183 4920 suffragatur
1206 4850 1395 4915 sardicensis
1416 4858 1506 4930 synodi

232 4938 347 4984 canons
366 4931 401 4984 ab
415 4931 540 4986 Eunodio
559 4934 666 4988 citatus.
689 4965 718 4973 -
739 4936 827 5001 ‚Save
846 4937 940 4992 alitem
959 4936 1053 5003 lector,
1070 4952 1155 5007 porro
1169 4936 1365 5000 Corrstantins
1383 4942 1505 5007 advertit.
