3204 5506
261 335 325 400 814
701 351 729 399 s.
746 350 953 398 noanrsnaa
975 349 1091 396 aaran

155 520 247 568 amit.
262 504 480 588 dissimulant,
518 505 720 589 ignoramus,
759 503 813 567 ubi
846 503 1068 587 magisterium
1100 503 1316 569 misericordis
1341 503 1446 570 Domini
1464 512 1487 570 el

261 607 373 691 magni
395 606 455 670 Dei
478 607 570 670 nobis
593 608 695 690 possit
717 627 894 671 occurrere.
934 605 1001 669 Nos
1025 608 1134 671 autem
1155 628 1224 671 non
1247 628 1285 671 ea
1306 607 1440 672 credimus
1455 631 1487 672 ra·
1537 654 1539 689 ,

262 709 360 790 tione,
384 715 421 772 ut
443 708 706 773 immisericordes
730 730 797 772 esse
813 710 971 790 putemus,
996 708 1050 791 qui
1065 708 1320 773 misericordiam
1336 708 1488 791 didieemnt3

263 811 318 874 sed
338 809 586 894 postulationem
608 813 752 873 nostram
775 832 793 872 a
815 809 979 893 praesenti
1000 813 1145 893 tempore
1161 811 1380 876 taciturnitate
1393 812 1488 896 oonpri·

263 912 389 994 mimus,
413 911 634 976 irrationabile
652 912 835 995 judicantes
858 910 922 974 illis
944 930 1074 994 precum
1096 911 1251 976 adhibere
1270 913 1437 995 bonitatem,
1452 913 1488 997 qui

263 1015 370 1097 rogari
393 1036 426 1077 se
449 1015 564 1096 nolint,
590 1013 822 1078 contumaciter
844 1017 1031 1096 respuentes
1039 1015 1081 1100 4);
1105 1014 1255 1097 injuriari
1271 1015 1354 1078 enim
1370 1013 1487 1078 mannul-

264 1116 324 1178 lari
346 1116 503 1180 sustinere
532 1137 715 1200 possumne,
741 1114 848 1199 juberi
876 1137 942 1179 non
968 1137 1147 1198 possumus.
1198 1115 1285 1180 Data
1306 1114 1336 1178 V
1356 1115 1419 1180 Idus
1434 1114 1486 1179 lull

264 1216 553 1299 Constantinopoli,
571 1215 744 1281 Anastasio
767 1216 965 1301 (Augusto
987 1215 1089 1302 ΙΝ)
1113 1221 1146 1280 et
1168 1217 1312 1301 Apapito
1333 1240 1378 1281 vv.
1391 1238 1486 1281 eccon

264 1317 397 1382 salibus

774 1471 956 1575 Epistola
982 1473 1029 1556 39

878 1625 927 1662 seu

122 1702 157 1768 (a-
162 1706 220 1835 511⁷,
231 1718 252 1753 ⁰·
265 1719 470 1785 Exemplum
491 1717 666 1775 relationis
687 1718 905 1775 minimorum
927 1718 1272 1776 archimandritarum
1292 1724 1326 1776 et
1342 1721 1486 1775 ceterorum

201 1815 207 1825 '
382 1821 625 1876 monachorum
646 1822 817 1877 secundae
840 1820 958 1889 Syriae
981 1822 1025 1876 ad
1046 1822 1265 1878 Hormisdam
1285 1835 1404 1891 papam.

300 1950 376 2011 Quum
395 1952 507 2013 nefanda
525 1969 542 2000 a
560 1951 654 2002 Severo
673 1959 698 2002 et
716 1953 796 2002 Petro
812 1954 933 2016 perpessi
949 1954 1000 2001 sint
1018 1960 1177 2016 exponentes
1195 1951 1230 2010 (n.
1246 1951 1332 2017 1-2).
1348 1968 1374 2002 se
1386 1951 1465 2015 frastra
1491 1966 1509 2018 p

300 2037 370 2099 oprtet
390 2037 567 2100 imperatorem
590 2038 710 2086 ancilium
733 2039 871 2102 quaesiisse
895 2044 1034 2102 puer-untur
1057 2036 1093 2100 (n.
1107 2035 1142 2102 3).
1183 2038 1344 2088 Hormisdou
1365 2043 1388 2086 st
1409 2041 1466 2099 repet

300 2121 404 2171 omnium
421 2123 552 2185 appellant
571 2118 606 2183 (n.
617 2120 657 2186 4),
686 2138 717 2171 ac
731 2123 807 2185 (idern
828 2138 897 2170 suam
920 2123 1046 2171 dmnnatts
1069 2122 1213 2172 nominatim
1231 2121 1361 2172 haereticis
1376 2127 1466 2172 testata

411 2206 510 2267 saciant
529 2205 563 2268 (n.
576 2204 613 2269 ὃ),
630 2206 831 2270 subscriptiones
847 2222 908 2255 snus
924 2207 1018 2271 sinpulr‘
1033 2205 1205 2257 submittentes
1224 2205 1259 2271 (a.
1271 2204 1377 2271 e-1a).

418 2337 683 2402 Sanctissimo
709 2342 747 2402 et
769 2338 1003 2403 beatissimo
1031 2339 1244 2404 universae
1265 2339 1368 2404 orbis
1390 2341 1492 2401 terrae

510 2441 769 2523 patriarchae
813 2440 1063 2524 Hormisdae,
1122 2441 1349 2505 continenti
1395 2437 1493 2505 aeden

510 2543 710 2627 principie
747 2542 1021 2626 apostolorum
1058 2541 1185 2626 Petri,
1229 2540 1442 2627 deprecatio
1469 2542 1495 2600 et

511 2644 760 2728 supplicatio
787 2645 1036 2708 minimorum
1064 2644 1449 2709 archimandritarum
1469 2644 1496 2702 et

513 2749 732 2810 ceterorum
773 2745 1050 2811 monachorum
1096 2746 1289 2831 vestrae¹)
1336 2741 1497 2811 secundae

512 2846 651 2931 Syriae
673 2848 913 2932 provinciae.

267 3035 341 3103 quod
359 3035 387 3088 in
406 3034 466 3088 aliis
485 3041 564 3103 ipsine
582 3032 627 3101 (ll¹
646 3037 720 3102 ipsis)
739 3041 870 3102 apostolis.
908 3034 989 3089 Certe
1005 3033 1183 3090 Hormisdam
1206 3034 1320 3105 ejusque
1336 3034 1364 3088 in
1379 3030 1501 3104 apostolia

266 3120 332 3174 sede
351 3126 539 3174 antecessores
557 3119 603 3172 hic
620 3118 725 3185 notari,
742 3119 818 3172 hand
834 3121 940 3174 temere
959 3119 1152 3188 conjectemus.

334 3207 355 3272 ⁴)
375 3203 477 3274 Supple
495 3225 540 3258 ear
558 3203 614 3257 scil.
633 3224 732 3272 preces.
768 3204 834 3257 Mox
850 3221 902 3274 pro
920 3204 1006 3258 verbo
1024 3210 1165 3271 annullari,
1190 3221 1246 3274 quo
1264 3204 1398 3275 interpres
1417 3203 1503 3257 litterae

266 3293 350 3344 tenax
377 3307 509 3360 graecum
531 3285 756 3355 ἐξουθενεῖσθαι
779 3288 916 3356 reddidit,
945 3288 1037 3359 aptius
1064 3289 1189 3366 positmn
1211 3291 1285 3344 esset
1306 3295 1431 3345 mntem
1464 3283 1504 3339 Sal

267 3374 311 3428 vel
328 3374 393 3427 hinc
415 3376 505 3428 totam
527 3373 673 3444 epistolam
696 3373 732 3426 ab
751 3373 898 3427 Anastasio
921 3391 1021 3442 graece
1044 3372 1178 3443 scriptam
1196 3381 1225 3428 et
1245 3375 1281 3428 ab
1304 3375 1448 3446 interprete
1464 3385 1504 3425 noa

267 3459 417 3513 admodmn
435 3460 526 3528 perito
545 3457 631 3512 latine
650 3475 812 3512 conversam
829 3458 912 3512 uriae
930 3458 1045 3528 planum
1063 3461 1111 3512 est.

336 3547 355 3611 ⁵)
374 3545 440 3597 bec
458 3543 521 3597 add.
542 3550 608 3610 Anp.
628 3555 754 3613 qnantum,
774 3560 806 3596 ac
825 3542 924 3598 deinde
943 3544 1115 3598 sustulerunt
1131 3565 1169 3598 oo.
1188 3560 1316 3604 caenon
1329 3544 1411 3609 misle,
1426 3541 1447 3597 si
1460 3556 1505 3595 cm

268 3627 384 3696 alemus
406 3627 507 3682 codicis
530 3627 705 3682 auctoritate.
748 3627 828 3682 Certe
851 3627 1000 3696 legendnm
1019 3634 1158 3682 Anastasio
1181 3634 1298 3697 Augusto
1316 3633 1364 3683 IV
1377 3640 1401 3683 et
1418 3630 1505 3696 saepta

266 3719 321 3768 uiro
338 3720 477 3766 clarissimo
492 3717 642 3768 consulibus.

267 3805 299 3852 39
337 3800 354 3864 ¹)
367 3799 427 3852 boc
439 3815 556 3867 erpunx.
566 3809 681 3852 vestrae.-
694 3815 749 3866 quo
761 3798 847 3853 verbo
859 3799 931 3853 hanc
942 3797 1114 3868 provinciam
1125 3798 1295 3855 Hormisdae
1305 3798 1439 3855 addictam
1446 3796 1506 3863 aque

267 3885 298 3936 ut
310 3883 429 3938 universi
439 3883 514 3937 orbis
523 3883 700 3953 patriarchae
709 3883 865 3952 subjectam
874 3883 1038 3952 significant.
1053 3883 1086 3937 ln
1095 3883 1149 3938 hae
1157 3886 1254 3938 autem
1262 3877 1506 3955 nuncupsh'one'm'r

267 3970 363 4022 tantur
375 3967 552 4022 Theodorum
565 3970 594 4022 et
604 3967 790 4036 ischyrionem
803 3967 987 4022 Alexandriae
1000 3967 1145 4035 diaconos,
1160 3968 1346 4024 Athanasium
1357 3967 1468 4038 ejusdem
1476 3978 1507 4017 te

267 4053 366 4108 clasiae
378 4054 571 4123 presbyterum
584 4055 613 4107 et
625 4052 823 4122 Sophronium,
838 4069 955 4121 quorum
967 4052 1055 4107 libelli
1067 4053 1192 4109 ffishncti
1203 4055 1257 4109 act
1269 4063 1286 4110 3
1298 4053 1391 4109 concil
1403 4046 1506 4108 caela

266 4138 455 4193 inscribuntur
472 4138 558 4192 Leoni
577 4137 766 4209 olaovpevtnai
784 4133 997 4208 α’ρχιεπισκόπῳ
1015 4139 1065 4192 καὶ
1082 4135 1245 4210 marpesiam
1258 4138 1353 4207 (Hard
1366 4137 1404 4205 II,
1418 4135 1506 4197 silut

267 4223 338 4278 Hinc
357 4224 492 4292 Gregorio
511 4223 558 4276 lib.
573 4231 588 4276 t
606 4223 701 4276 indict.
717 4230 755 4277 13.
776 4223 855 4293 epist.
872 4229 902 4277 18
921 4224 950 4278 et
967 4230 999 4277 20
1017 4223 1085 4278 data
1102 4226 1147 4280 est
1164 4224 1274 4279 occasio
1291 4221 1433 4279 scribendi:
1450 4224 1508 4272 Ns·-

268 4315 329 4378 qaid
346 4331 395 4364 non
415 4330 464 4378 per
486 4314 654 4363 uenerandum
673 4312 876 4362 Calclrectonense
894 4314 1023 4362 concilium
1044 4313 1121 4377 injus
1138 4316 1298 4378 apostolieae
1319 4314 1389 4364 sedis
1402 4309 1508 4361 mamea

267 4400 422 4448 rrreioersules
439 4399 524 4449 oblato
542 4399 638 4448 leonore
655 4399 739 4448 vocati
754 4400 830 4447 sarit?
853 4397 907 4447 Sed
923 4405 1005 4447 tamen
1023 4401 1103 4448 nultus
1121 4415 1230 4464 unquam
1246 4400 1293 4449 teti
1308 4395 1424 4449 mutato
1437 4392 1508 4458 m&

267 4487 320 4532 lore·
336 4486 419 4533 voluit.
456 4479 515 4533 Hoc
533 4482 588 4533 est:
612 4478 737 4547 quamvis
755 4477 834 4547 ipsis,
859 4477 975 4532 concilio
994 4477 1211 4534 Calchedonensi
1234 4477 1364 4534 audiente
1379 4490 1429 4531 nec
1441 4470 1509 4527 reela·

267 4565 374 4630 munte,
398 4564 533 4618 tributum
555 4565 603 4631 sit,
627 4564 752 4633 quamvis
774 4563 848 4617 idern
867 4565 895 4616 ct
917 4581 990 4617 nunc
1013 4562 1247 4618 archimandritae
1268 4579 1302 4617 ac
1319 4559 1442 4617 monachi
1455 4556 1510 4611 Het-

207 4645 215 4665 ⁸
268 4648 373 4702 rnisdae
393 4651 421 4703 et
443 4651 542 4718 postea
559 4651 738 4704 Larissaeuus
762 4648 953 4719 episcopusin
974 4649 1066 4702 fronte
1084 4650 1114 4703 et
1136 4646 1173 4701 ad
1190 4646 1293 4701 calcem
1311 4636 1510 4717 opacasset

267 4731 440 4787 Bonisacium
452 4735 477 4786 ll
490 4734 553 4788 huic
570 4752 661 4804 papae
679 4734 818 4800 tribuant,
836 4733 927 4786 nullus
945 4735 1040 4788 tamen
1057 4731 1127 4786 illud
1143 4731 1196 4786 sibi
1207 4730 1265 4802 ipse
1275 4728 1423 4801 arrogavit
1445 4720 1511 4790 ΟΜ

268 4819 362 4871 autem
379 4818 515 4888 interpres
537 4819 622 4872 latine
645 4819 690 4873 hic
713 4818 835 4873 reddidit
851 4818 943 4873 verbis
961 4824 1093 4872 arriperem
1115 4821 1185 4871 moa
1205 4827 1304 4879 terrae,
1327 4832 1382 4870 uno
1398 4811 1511 4878 οἶιουμ·

268 4905 352 4978 νικῷ,
377 4905 407 4956 ut
424 4902 453 4955 in
471 4903 570 4958 libellis
593 4922 678 4974 snpra
695 4903 803 4971 citatis,
831 4920 991 4977 caprearum
1018 4901 1190 4958 crediderim.
1233 4899 1376 4955 Silendmn
1398 4914 1449 4954 nou
1469 4894 1511 4949 a&
