<?xml version="1.0" encoding="UTF-8"?>
<!DOCTYPE html PUBLIC "-//W3C//DTD XHTML 1.0 Transitional//EN"
    "http://www.w3.org/TR/xhtml1/DTD/xhtml1-transitional.dtd">
<html xmlns="http://www.w3.org/1999/xhtml" xml:lang="en" lang="en">
 <head>
  <title>
</title>
<meta http-equiv="Content-Type" content="text/html;charset=utf-8" />
  <meta name='ocr-system' content='tesseract 3.04.00' />
  <meta name='ocr-capabilities' content='ocr_page ocr_carea ocr_par ocr_line ocrx_word'/>
</head>
<body>
  <div class='ocr_page' id='page_1' title='image "./epistolaeromano00thiegoog/epistolaeromano00thiegoog_1023.png"; bbox 0 0 3204 5506; ppageno 0'>
   <div class='ocr_carea' id='block_1_1' title="bbox 229 323 1060 388">
    <p class='ocr_par' dir='ltr' id='par_1_1' title="bbox 229 323 1060 388">
     <span class='ocr_line' id='line_1_1' title="bbox 229 323 1060 388; baseline -0.001 0"><span class='ocrx_word' id='word_1_1' title='bbox 229 323 292 388; x_wconf 82' lang='grc'><strong>974</strong></span> <span class='ocrx_word' id='word_1_2' title='bbox 671 339 699 386; x_wconf 86' lang='grc' dir='ltr'><strong>ε.</strong></span> <span class='ocrx_word' id='word_1_3' title='bbox 716 337 924 386; x_wconf 74' lang='lat' dir='ltr'><strong>normanna</strong></span> <span class='ocrx_word' id='word_1_4' title='bbox 945 337 1060 387; x_wconf 75' lang='lat' dir='ltr'><strong>erasa</strong></span> 
     </span>
    </p>
   </div>
   <div class='ocr_carea' id='block_1_2' title="bbox 122 489 1498 2715">
    <p class='ocr_par' dir='ltr' id='par_1_2' title="bbox 122 489 1498 2715">
     <span class='ocr_line' id='line_1_2' title="bbox 122 489 1495 578; baseline 0.003 -24"><span class='ocrx_word' id='word_1_5' title='bbox 122 489 486 578; x_wconf 54' lang='lat' dir='ltr'><strong>usattipputdttouru</strong></span> <span class='ocrx_word' id='word_1_6' title='bbox 509 489 611 573; x_wconf 81' lang='grc' dir='ltr'><strong><em>λόγον</em></strong></span> <span class='ocrx_word' id='word_1_7' title='bbox 638 490 761 575; x_wconf 79' lang='grc' dir='ltr'><strong><em>ταύτης</em></strong></span> <span class='ocrx_word' id='word_1_8' title='bbox 782 496 840 574; x_wconf 76' lang='grc' dir='ltr'><strong>τῆς</strong></span> <span class='ocrx_word' id='word_1_9' title='bbox 891 512 966 556; x_wconf 88' lang='lat' dir='ltr'><strong>uem</strong></span> <span class='ocrx_word' id='word_1_10' title='bbox 1008 490 1267 576; x_wconf 80' lang='lat' dir='ltr'><strong>dispensationis</strong></span> <span class='ocrx_word' id='word_1_11' title='bbox 1311 490 1406 575; x_wconf 86' lang='lat' dir='ltr'><strong>hujus</strong></span> <span class='ocrx_word' id='word_1_12' title='bbox 1440 493 1495 558; x_wconf 84' lang='lat' dir='ltr'><strong>Dee</strong></span> 
     </span>
     <span class='ocr_line' id='line_1_3' title="bbox 230 590 1495 680; baseline -0.001 -21"><span class='ocrx_word' id='word_1_13' title='bbox 230 593 469 670; x_wconf 74' lang='grc' dir='ltr'><strong><em>διατυπώσεως</em></strong></span> <span class='ocrx_word' id='word_1_14' title='bbox 490 597 536 680; x_wconf 78' lang='grc' dir='ltr'><strong>τῷ</strong></span> <span class='ocrx_word' id='word_1_15' title='bbox 550 596 624 679; x_wconf 77' lang='grc' dir='ltr'><strong>Θεῷ</strong></span> <span class='ocrx_word' id='word_1_16' title='bbox 641 590 840 658; x_wconf 84' lang='grc' dir='ltr'><strong><em>άποδείσον-</em></strong></span> <span class='ocrx_word' id='word_1_17' title='bbox 891 614 959 658; x_wconf 85' lang='lat' dir='ltr'><strong>esse</strong></span> <span class='ocrx_word' id='word_1_18' title='bbox 996 592 1209 675; x_wconf 81' lang='lat' dir='ltr'><strong>reddendam,</strong></span> <span class='ocrx_word' id='word_1_19' title='bbox 1249 593 1298 657; x_wconf 88' lang='lat' dir='ltr'><strong>ita</strong></span> <span class='ocrx_word' id='word_1_20' title='bbox 1332 597 1438 658; x_wconf 87' lang='lat' dir='ltr'><strong>tamen</strong></span> <span class='ocrx_word' id='word_1_21' title='bbox 1467 601 1495 658; x_wconf 87' lang='lat' dir='ltr'><strong>ut</strong></span> 
     </span>
     <span class='ocr_line' id='line_1_4' title="bbox 230 693 1494 780; baseline -0.001 -19"><span class='ocrx_word' id='word_1_22' title='bbox 230 721 282 780; x_wconf 87' lang='grc' dir='ltr'><strong>τα,</strong></span> <span class='ocrx_word' id='word_1_23' title='bbox 305 693 394 761; x_wconf 79' lang='grc' dir='ltr'><strong><em>οὕτω</em></strong></span> <span class='ocrx_word' id='word_1_24' title='bbox 409 694 535 780; x_wconf 84' lang='grc' dir='ltr'><strong><em>μέντοι,</em></strong></span> <span class='ocrx_word' id='word_1_25' title='bbox 558 695 615 759; x_wconf 82' lang='grc' dir='ltr'><strong>ἵνα</strong></span> <span class='ocrx_word' id='word_1_26' title='bbox 632 694 785 778; x_wconf 83' lang='grc' dir='ltr'><em>τούτους,</em></span> <span class='ocrx_word' id='word_1_27' title='bbox 808 695 843 759; x_wconf 79' lang='grc' dir='ltr'><strong>οἵ</strong></span> <span class='ocrx_word' id='word_1_28' title='bbox 891 717 959 778; x_wconf 90' lang='lat' dir='ltr'><strong>eos,</strong></span> <span class='ocrx_word' id='word_1_29' title='bbox 996 694 1051 780; x_wconf 88' lang='lat' dir='ltr'><strong>qui</strong></span> <span class='ocrx_word' id='word_1_30' title='bbox 1084 696 1178 760; x_wconf 81' lang='lat' dir='ltr'><strong>vobis</strong></span> <span class='ocrx_word' id='word_1_31' title='bbox 1208 695 1338 760; x_wconf 81' lang='lat' dir='ltr'><strong>fuerint</strong></span> <span class='ocrx_word' id='word_1_32' title='bbox 1374 717 1494 760; x_wconf 87' lang='lat' dir='ltr'><strong>commu·</strong></span> 
     </span>
     <span class='ocr_line' id='line_1_5' title="bbox 229 794 1494 883; baseline -0.001 -20"><span class='ocrx_word' id='word_1_33' title='bbox 229 822 320 875; x_wconf 89' lang='grc' dir='ltr'><strong><em>τινες</em></strong></span> <span class='ocrx_word' id='word_1_34' title='bbox 353 794 434 882; x_wconf 80' lang='grc' dir='ltr'><strong><em>ὑμῖν</em></strong></span> <span class='ocrx_word' id='word_1_35' title='bbox 464 801 505 882; x_wconf 77' lang='grc' dir='ltr'><strong>τῇ</strong></span> <span class='ocrx_word' id='word_1_36' title='bbox 538 800 699 883; x_wconf 79' lang='grc' dir='ltr'><strong><em>κοινωνίᾳ</em></strong></span> <span class='ocrx_word' id='word_1_37' title='bbox 733 813 840 862; x_wconf 91' lang='grc' dir='ltr'><strong><em>συνα-</em></strong></span> <span class='ocrx_word' id='word_1_38' title='bbox 891 796 987 861; x_wconf 91' lang='lat' dir='ltr'><strong>nione</strong></span> <span class='ocrx_word' id='word_1_39' title='bbox 1020 797 1135 862; x_wconf 86' lang='lat' dir='ltr'><strong>sociati</strong></span> <span class='ocrx_word' id='word_1_40' title='bbox 1172 797 1225 862; x_wconf 81' lang='lat' dir='ltr'><strong>vel</strong></span> <span class='ocrx_word' id='word_1_41' title='bbox 1261 819 1321 882; x_wconf 86' lang='lat' dir='ltr'><strong>per</strong></span> <span class='ocrx_word' id='word_1_42' title='bbox 1354 820 1409 863; x_wconf 81' lang='lat' dir='ltr'><strong>vos</strong></span> <span class='ocrx_word' id='word_1_43' title='bbox 1439 798 1494 862; x_wconf 85' lang='lat' dir='ltr'><strong>sedi</strong></span> 
     </span>
     <span class='ocr_line' id='line_1_6' title="bbox 222 895 1494 985; baseline 0.001 -21"><span class='ocrx_word' id='word_1_44' title='bbox 222 906 365 984; x_wconf 78' lang='grc' dir='ltr'><strong><em>-φθεῑεν,</em></strong></span> <span class='ocrx_word' id='word_1_45' title='bbox 389 898 446 963; x_wconf 82' lang='grc' dir='ltr'><strong>καὶ</strong></span> <span class='ocrx_word' id='word_1_46' title='bbox 468 896 509 963; x_wconf 92' lang='grc' dir='ltr'><strong><em>δι’</em></strong></span> <span class='ocrx_word' id='word_1_47' title='bbox 522 895 618 984; x_wconf 77' lang='grc' dir='ltr'><strong><em>ὑμῶν</em></strong></span> <span class='ocrx_word' id='word_1_48' title='bbox 633 903 679 984; x_wconf 77' lang='lat' dir='ltr'><strong>epi</strong></span> <span class='ocrx_word' id='word_1_49' title='bbox 694 896 840 963; x_wconf 88' lang='grc' dir='ltr'><strong><em>άποστο-</em></strong></span> <span class='ocrx_word' id='word_1_50' title='bbox 892 897 1103 982; x_wconf 89' lang='lat' dir='ltr'><strong>apostolicae,</strong></span> <span class='ocrx_word' id='word_1_51' title='bbox 1132 902 1243 964; x_wconf 85' lang='lat' dir='ltr'><strong>vestra</strong></span> <span class='ocrx_word' id='word_1_52' title='bbox 1272 899 1368 964; x_wconf 90' lang='lat' dir='ltr'><strong>nobis</strong></span> <span class='ocrx_word' id='word_1_53' title='bbox 1389 901 1494 985; x_wconf 83' lang='lat' dir='ltr'><strong>scripta</strong></span> 
     </span>
     <span class='ocr_line' id='line_1_7' title="bbox 232 997 1494 1087; baseline 0.002 -23"><span class='ocrx_word' id='word_1_54' title='bbox 232 1004 313 1087; x_wconf 81' lang='grc' dir='ltr'><strong><em>λικῷ</em></strong></span> <span class='ocrx_word' id='word_1_55' title='bbox 335 1000 470 1087; x_wconf 81' lang='grc' dir='ltr'><strong><em>θρόνῳ,</em></strong></span> <span class='ocrx_word' id='word_1_56' title='bbox 499 998 538 1064; x_wconf 83' lang='grc' dir='ltr'><strong>τά</strong></span> <span class='ocrx_word' id='word_1_57' title='bbox 562 997 705 1085; x_wconf 83' lang='grc' dir='ltr'><strong><em>ὑμέτερα</em></strong></span> <span class='ocrx_word' id='word_1_58' title='bbox 732 999 840 1085; x_wconf 82' lang='grc' dir='ltr'><strong><em>γράμ-</em></strong></span> <span class='ocrx_word' id='word_1_59' title='bbox 892 999 1071 1083; x_wconf 72' lang='lat' dir='ltr'><strong>declarent,</strong></span> <span class='ocrx_word' id='word_1_60' title='bbox 1116 1000 1234 1086; x_wconf 89' lang='lat' dir='ltr'><strong>quibus</strong></span> <span class='ocrx_word' id='word_1_61' title='bbox 1271 1003 1373 1066; x_wconf 87' lang='lat' dir='ltr'><strong>etiam</strong></span> <span class='ocrx_word' id='word_1_62' title='bbox 1408 1003 1494 1067; x_wconf 77' lang='lat' dir='ltr'><strong>cont·</strong></span> 
     </span>
     <span class='ocr_line' id='line_1_8' title="bbox 231 1093 1495 1189; baseline 0.001 -22"><span class='ocrx_word' id='word_1_63' title='bbox 231 1126 317 1188; x_wconf 88' lang='grc' dir='ltr'><strong><em>ματα</em></strong></span> <span class='ocrx_word' id='word_1_64' title='bbox 339 1100 420 1187; x_wconf 82' lang='grc' dir='ltr'><strong><em>ἡμῖν</em></strong></span> <span class='ocrx_word' id='word_1_65' title='bbox 442 1101 673 1185; x_wconf 77' lang='grc' dir='ltr'><strong><em>δηλώσουσιν,</em></strong></span> <span class='ocrx_word' id='word_1_66' title='bbox 707 1093 757 1178; x_wconf 86' lang='grc' dir='ltr'><strong>οἷς</strong></span> <span class='ocrx_word' id='word_1_67' title='bbox 784 1101 841 1167; x_wconf 82' lang='grc' dir='ltr'><strong>καὶ</strong></span> <span class='ocrx_word' id='word_1_68' title='bbox 892 1101 1005 1167; x_wconf 90' lang='lat' dir='ltr'><strong>nentia</strong></span> <span class='ocrx_word' id='word_1_69' title='bbox 1026 1101 1275 1189; x_wconf 87' lang='lat' dir='ltr'><strong>libellorum¹²),</strong></span> <span class='ocrx_word' id='word_1_70' title='bbox 1312 1125 1391 1189; x_wconf 91' lang='lat' dir='ltr'><strong>quos</strong></span> <span class='ocrx_word' id='word_1_71' title='bbox 1416 1104 1495 1168; x_wconf 89' lang='lat' dir='ltr'><strong>obtu-</strong></span> 
     </span>
     <span class='ocr_line' id='line_1_9' title="bbox 230 1201 1495 1289; baseline 0.002 -21"><span class='ocrx_word' id='word_1_72' title='bbox 230 1201 271 1270; x_wconf 80' lang='grc' dir='ltr'><strong>τὰ</strong></span> <span class='ocrx_word' id='word_1_73' title='bbox 307 1204 528 1289; x_wconf 79' lang='grc' dir='ltr'><strong><em>περιεχόμενα</em></strong></span> <span class='ocrx_word' id='word_1_74' title='bbox 561 1215 630 1280; x_wconf 83' lang='grc' dir='ltr'><strong><em>τοῖς</em></strong></span> <span class='ocrx_word' id='word_1_75' title='bbox 661 1203 839 1288; x_wconf 82' lang='grc' dir='ltr'><strong><em>λιβέλλοις,</em></strong></span> <span class='ocrx_word' id='word_1_76' title='bbox 892 1202 1005 1286; x_wconf 90' lang='lat' dir='ltr'><strong>lerint,</strong></span> <span class='ocrx_word' id='word_1_77' title='bbox 1036 1204 1209 1270; x_wconf 85' lang='lat' dir='ltr'><strong>inseratur.</strong></span> <span class='ocrx_word' id='word_1_78' title='bbox 1271 1203 1327 1270; x_wconf 88' lang='lat' dir='ltr'><strong>Sic</strong></span> <span class='ocrx_word' id='word_1_79' title='bbox 1358 1206 1440 1270; x_wconf 88' lang='lat' dir='ltr'><strong>enim</strong></span> <span class='ocrx_word' id='word_1_80' title='bbox 1467 1211 1495 1269; x_wconf 85' lang='lat' dir='ltr'><strong>et</strong></span> 
     </span>
     <span class='ocr_line' id='line_1_10' title="bbox 231 1302 1494 1392; baseline 0 -22"><span class='ocrx_word' id='word_1_81' title='bbox 231 1302 292 1383; x_wconf 80' lang='grc' dir='ltr'><strong>οδς</strong></span> <span class='ocrx_word' id='word_1_82' title='bbox 318 1302 362 1371; x_wconf 86' lang='grc' dir='ltr'><strong>άν</strong></span> <span class='ocrx_word' id='word_1_83' title='bbox 389 1304 667 1389; x_wconf 73' lang='grc' dir='ltr'><strong><em>προσενέγκοιεν,</em></strong></span> <span class='ocrx_word' id='word_1_84' title='bbox 698 1305 841 1390; x_wconf 79' lang='grc' dir='ltr'><strong><em>ἐμφερό-</em></strong></span> <span class='ocrx_word' id='word_1_85' title='bbox 893 1303 1002 1370; x_wconf 86' lang='lat' dir='ltr'><strong>Severi</strong></span> <span class='ocrx_word' id='word_1_86' title='bbox 1012 1306 1049 1392; x_wconf 83' lang='lat'><strong>¹³)</strong></span> <span class='ocrx_word' id='word_1_87' title='bbox 1072 1306 1123 1371; x_wconf 81' lang='lat' dir='ltr'><strong>vel</strong></span> <span class='ocrx_word' id='word_1_88' title='bbox 1147 1307 1343 1390; x_wconf 81' lang='lat' dir='ltr'><strong>complicum</strong></span> <span class='ocrx_word' id='word_1_89' title='bbox 1361 1307 1427 1392; x_wconf 89' lang='lat' dir='ltr'><strong>ejus</strong></span> <span class='ocrx_word' id='word_1_90' title='bbox 1447 1314 1494 1372; x_wconf 88' lang='lat' dir='ltr'><strong>aut</strong></span> 
     </span>
     <span class='ocr_line' id='line_1_11' title="bbox 231 1405 1493 1494; baseline 0 -21"><span class='ocrx_word' id='word_1_91' title='bbox 231 1414 316 1474; x_wconf 79' lang='grc' dir='ltr'><strong><em>σθω.</em></strong></span> <span class='ocrx_word' id='word_1_92' title='bbox 363 1405 458 1472; x_wconf 81' lang='grc' dir='ltr'><strong><em>Οὕτω</em></strong></span> <span class='ocrx_word' id='word_1_93' title='bbox 492 1405 558 1490; x_wconf 79' lang='grc' dir='ltr'><strong>γάρ</strong></span> <span class='ocrx_word' id='word_1_94' title='bbox 591 1411 653 1472; x_wconf 84' lang='grc' dir='ltr'><strong>τοῦ</strong></span> <span class='ocrx_word' id='word_1_95' title='bbox 682 1407 841 1491; x_wconf 82' lang='grc' dir='ltr'><strong><em>Σευήρου</em></strong></span> <span class='ocrx_word' id='word_1_96' title='bbox 892 1406 1044 1471; x_wconf 87' lang='lat' dir='ltr'>similium</span> <span class='ocrx_word' id='word_1_97' title='bbox 1094 1407 1347 1494; x_wconf 63' lang='lat' dir='ltr'><strong>absolvemurfl)</strong></span> <span class='ocrx_word' id='word_1_98' title='bbox 1389 1430 1493 1490; x_wconf 84' lang='lat' dir='ltr'><strong>errore,</strong></span> 
     </span>
     <span class='ocr_line' id='line_1_12' title="bbox 231 1508 1494 1597; baseline 0 -23"><span class='ocrx_word' id='word_1_99' title='bbox 231 1509 288 1574; x_wconf 82' lang='lat' dir='ltr'><strong>uui</strong></span> <span class='ocrx_word' id='word_1_100' title='bbox 320 1514 389 1574; x_wconf 81' lang='grc' dir='ltr'><strong>τῶν</strong></span> <span class='ocrx_word' id='word_1_101' title='bbox 418 1510 527 1597; x_wconf 81' lang='grc' dir='ltr'><strong><em>τούτῳ</em></strong></span> <span class='ocrx_word' id='word_1_102' title='bbox 555 1508 841 1595; x_wconf 78' lang='grc' dir='ltr'><strong><em>συμπλεκομένων</em></strong></span> <span class='ocrx_word' id='word_1_103' title='bbox 892 1529 953 1574; x_wconf 88' lang='lat' dir='ltr'><strong>nec</strong></span> <span class='ocrx_word' id='word_1_104' title='bbox 980 1530 1088 1574; x_wconf 89' lang='lat' dir='ltr'><strong>eorum</strong></span> <span class='ocrx_word' id='word_1_105' title='bbox 1120 1510 1177 1594; x_wconf 90' lang='lat' dir='ltr'><strong>qui</strong></span> <span class='ocrx_word' id='word_1_106' title='bbox 1205 1510 1316 1575; x_wconf 91' lang='lat' dir='ltr'><strong>sanari</strong></span> <span class='ocrx_word' id='word_1_107' title='bbox 1344 1511 1494 1595; x_wconf 87' lang='lat' dir='ltr'><strong>potuerint</strong></span> 
     </span>
     <span class='ocr_line' id='line_1_13' title="bbox 232 1607 1494 1696; baseline 0.002 -21"><span class='ocrx_word' id='word_1_108' title='bbox 232 1611 288 1676; x_wconf 78' lang='grc' dir='ltr'><strong>καί</strong></span> <span class='ocrx_word' id='word_1_109' title='bbox 314 1614 383 1677; x_wconf 80' lang='grc' dir='ltr'><strong>τόν</strong></span> <span class='ocrx_word' id='word_1_110' title='bbox 409 1607 536 1696; x_wconf 91' lang='grc' dir='ltr'><strong><em>ὁμοίων</em></strong></span> <span class='ocrx_word' id='word_1_111' title='bbox 564 1609 841 1695; x_wconf 78' lang='grc' dir='ltr'><strong><em>άπολυδήσονται</em></strong></span> <span class='ocrx_word' id='word_1_112' title='bbox 892 1609 1060 1694; x_wconf 86' lang='lat' dir='ltr'><strong>dispendia</strong></span> <span class='ocrx_word' id='word_1_113' title='bbox 1092 1611 1264 1694; x_wconf 88' lang='lat' dir='ltr'><strong>patiemur.</strong></span> <span class='ocrx_word' id='word_1_114' title='bbox 1316 1610 1407 1687; x_wconf 84' lang='lat' dir='ltr'><strong>Quod</strong></span> <span class='ocrx_word' id='word_1_115' title='bbox 1432 1612 1494 1677; x_wconf 88' lang='lat' dir='ltr'><strong>ideo</strong></span> 
     </span>
     <span class='ocr_line' id='line_1_14' title="bbox 231 1704 1493 1797; baseline 0.001 -20"><span class='ocrx_word' id='word_1_116' title='bbox 231 1711 372 1797; x_wconf 87' lang='grc' dir='ltr'><strong><em>πλάνης,</em></strong></span> <span class='ocrx_word' id='word_1_117' title='bbox 395 1715 452 1778; x_wconf 76' lang='grc' dir='ltr'><strong>καὶ</strong></span> <span class='ocrx_word' id='word_1_118' title='bbox 474 1711 554 1780; x_wconf 76' lang='grc' dir='ltr'><strong><em>οὐδὲ</em></strong></span> <span class='ocrx_word' id='word_1_119' title='bbox 578 1713 720 1796; x_wconf 83' lang='grc' dir='ltr'><strong><em>τούτων,</em></strong></span> <span class='ocrx_word' id='word_1_120' title='bbox 744 1704 780 1778; x_wconf 76' lang='grc' dir='ltr'><strong>οἱ</strong></span> <span class='ocrx_word' id='word_1_121' title='bbox 790 1736 841 1777; x_wconf 84' lang='grc' dir='ltr'><strong><em>τι·</em></strong></span> <span class='ocrx_word' id='word_1_122' title='bbox 892 1711 982 1776; x_wconf 83' lang='lat' dir='ltr'><strong>vobis</strong></span> <span class='ocrx_word' id='word_1_123' title='bbox 1015 1712 1200 1795; x_wconf 75' lang='lat' dir='ltr'><strong>specialiter</strong></span> <span class='ocrx_word' id='word_1_124' title='bbox 1229 1713 1423 1778; x_wconf 85' lang='lat' dir='ltr'><strong>credidimus</strong></span> <span class='ocrx_word' id='word_1_125' title='bbox 1446 1715 1493 1777; x_wconf 92' lang='lat' dir='ltr'><strong>im·</strong></span> 
     </span>
     <span class='ocr_line' id='line_1_15' title="bbox 231 1812 1493 1902; baseline 0.001 -23"><span class='ocrx_word' id='word_1_126' title='bbox 231 1837 288 1891; x_wconf 90' lang='grc' dir='ltr'><strong>νες</strong></span> <span class='ocrx_word' id='word_1_127' title='bbox 310 1815 450 1899; x_wconf 68' lang='lat' dir='ltr'><strong>taduivus</strong></span> <span class='ocrx_word' id='word_1_128' title='bbox 465 1814 688 1900; x_wconf 85' lang='grc' dir='ltr'><strong><em>δυνήσονται,</em></strong></span> <span class='ocrx_word' id='word_1_129' title='bbox 711 1812 773 1899; x_wconf 83' lang='grc' dir='ltr'><strong>τὴν</strong></span> <span class='ocrx_word' id='word_1_130' title='bbox 788 1819 842 1898; x_wconf 77' lang='grc' dir='ltr'><strong><em>ζη-</em></strong></span> <span class='ocrx_word' id='word_1_131' title='bbox 893 1812 1092 1898; x_wconf 89' lang='lat' dir='ltr'><strong>ponendum,</strong></span> <span class='ocrx_word' id='word_1_132' title='bbox 1140 1814 1180 1879; x_wconf 85' lang='lat' dir='ltr'><strong>ad</strong></span> <span class='ocrx_word' id='word_1_133' title='bbox 1216 1814 1493 1902; x_wconf 78' lang='lat' dir='ltr'><strong>diligentiamve</strong></span> 
     </span>
     <span class='ocr_line' id='line_1_16' title="bbox 231 1913 1494 2003; baseline 0.001 -22"><span class='ocrx_word' id='word_1_134' title='bbox 231 1919 313 2000; x_wconf 88' lang='grc' dir='ltr'><strong><em>μίαν</em></strong></span> <span class='ocrx_word' id='word_1_135' title='bbox 347 1913 594 2003; x_wconf 80' lang='grc' dir='ltr'><strong><em>ὑπομείνωμεν.</em></strong></span> <span class='ocrx_word' id='word_1_136' title='bbox 645 1914 749 2001; x_wconf 83' lang='grc' dir='ltr'><strong><em>Ὅπερ</em></strong></span> <span class='ocrx_word' id='word_1_137' title='bbox 786 1913 843 1982; x_wconf 81' lang='grc' dir='ltr'><strong><em>διά</em></strong></span> <span class='ocrx_word' id='word_1_138' title='bbox 893 1917 993 1980; x_wconf 88' lang='lat' dir='ltr'><strong>stram</strong></span> <span class='ocrx_word' id='word_1_139' title='bbox 1028 1919 1140 1980; x_wconf 88' lang='lat' dir='ltr'><strong>nostra</strong></span> <span class='ocrx_word' id='word_1_140' title='bbox 1172 1938 1274 1982; x_wconf 87' lang='lat' dir='ltr'><strong>onera</strong></span> <span class='ocrx_word' id='word_1_141' title='bbox 1310 1917 1494 1982; x_wconf 63' lang='lat' dir='ltr'><strong>hanneren-</strong></span> 
     </span>
     <span class='ocr_line' id='line_1_17' title="bbox 232 2015 1494 2105; baseline 0 -22"><span class='ocrx_word' id='word_1_142' title='bbox 232 2022 332 2084; x_wconf 83' lang='grc' dir='ltr'><strong><em>τυῦτο</em></strong></span> <span class='ocrx_word' id='word_1_143' title='bbox 355 2016 437 2103; x_wconf 77' lang='grc' dir='ltr'><strong><em>ὑμῖν</em></strong></span> <span class='ocrx_word' id='word_1_144' title='bbox 460 2020 575 2095; x_wconf 62' lang='lat' dir='ltr'><strong>toruae</strong></span> <span class='ocrx_word' id='word_1_145' title='bbox 592 2015 752 2105; x_wconf 68' lang='grc' dir='ltr'><strong><em>ᾠήθημεν</em></strong></span> <span class='ocrx_word' id='word_1_146' title='bbox 768 2018 841 2084; x_wconf 80' lang='grc' dir='ltr'><strong><em>ἐτει-</em></strong></span> <span class='ocrx_word' id='word_1_147' title='bbox 892 2021 958 2100; x_wconf 86' lang='lat' dir='ltr'><strong>tes,</strong></span> <span class='ocrx_word' id='word_1_148' title='bbox 991 2017 1066 2102; x_wconf 80' lang='lat' dir='ltr'><strong>quia</strong></span> <span class='ocrx_word' id='word_1_149' title='bbox 1095 2041 1162 2083; x_wconf 93' lang='lat' dir='ltr'><strong>non</strong></span> <span class='ocrx_word' id='word_1_150' title='bbox 1189 2040 1293 2103; x_wconf 82' lang='lat' dir='ltr'><strong>parva</strong></span> <span class='ocrx_word' id='word_1_151' title='bbox 1316 2021 1387 2103; x_wconf 91' lang='lat' dir='ltr'><strong>jam</strong></span> <span class='ocrx_word' id='word_1_152' title='bbox 1413 2019 1494 2084; x_wconf 87' lang='lat' dir='ltr'><strong>doen·</strong></span> 
     </span>
     <span class='ocr_line' id='line_1_18' title="bbox 231 2116 1495 2206; baseline 0.002 -22"><span class='ocrx_word' id='word_1_153' title='bbox 231 2126 346 2186; x_wconf 75' lang='lat' dir='ltr'><strong>deivos</strong></span> <span class='ocrx_word' id='word_1_154' title='bbox 368 2119 452 2205; x_wconf 82' lang='grc' dir='ltr'><strong><em>πρὸς</em></strong></span> <span class='ocrx_word' id='word_1_155' title='bbox 466 2118 528 2206; x_wconf 82' lang='grc' dir='ltr'><strong>τὴν</strong></span> <span class='ocrx_word' id='word_1_156' title='bbox 543 2116 709 2205; x_wconf 78' lang='grc' dir='ltr'><strong><em>ὑμετέραν</em></strong></span> <span class='ocrx_word' id='word_1_157' title='bbox 728 2118 841 2205; x_wconf 79' lang='grc' dir='ltr'><strong><em>ίπιμί-</em></strong></span> <span class='ocrx_word' id='word_1_158' title='bbox 893 2123 1003 2184; x_wconf 88' lang='lat' dir='ltr'><strong>menta</strong></span> <span class='ocrx_word' id='word_1_159' title='bbox 1030 2119 1218 2186; x_wconf 77' lang='lat' dir='ltr'><strong>resistentes</strong></span> <span class='ocrx_word' id='word_1_160' title='bbox 1245 2121 1420 2188; x_wconf 75' lang='lat' dir='ltr'><strong>haereticis</strong></span> <span class='ocrx_word' id='word_1_161' title='bbox 1440 2121 1495 2186; x_wconf 89' lang='lat' dir='ltr'><strong>edi·</strong></span> 
     </span>
     <span class='ocr_line' id='line_1_19' title="bbox 232 2220 1496 2307; baseline 0.002 -22"><span class='ocrx_word' id='word_1_162' title='bbox 232 2225 339 2306; x_wconf 87' lang='grc' dir='ltr'><strong><em>λειαν,</em></strong></span> <span class='ocrx_word' id='word_1_163' title='bbox 369 2220 409 2288; x_wconf 84' lang='grc' dir='ltr'><strong>τά</strong></span> <span class='ocrx_word' id='word_1_164' title='bbox 432 2220 575 2307; x_wconf 83' lang='grc' dir='ltr'><strong><em>ἡμέτερα</em></strong></span> <span class='ocrx_word' id='word_1_165' title='bbox 597 2222 842 2306; x_wconf 82' lang='grc' dir='ltr'><strong><em>μεταφέροντες</em></strong></span> <span class='ocrx_word' id='word_1_166' title='bbox 894 2220 1001 2306; x_wconf 83' lang='lat' dir='ltr'><strong>distis,</strong></span> <span class='ocrx_word' id='word_1_167' title='bbox 1035 2243 1096 2286; x_wconf 88' lang='lat' dir='ltr'><strong>nec</strong></span> <span class='ocrx_word' id='word_1_168' title='bbox 1123 2221 1221 2287; x_wconf 90' lang='lat' dir='ltr'><strong>debet</strong></span> <span class='ocrx_word' id='word_1_169' title='bbox 1249 2222 1292 2288; x_wconf 94' lang='lat' dir='ltr'><strong>de</strong></span> <span class='ocrx_word' id='word_1_170' title='bbox 1320 2245 1359 2288; x_wconf 89' lang='lat' dir='ltr'><strong>eo</strong></span> <span class='ocrx_word' id='word_1_171' title='bbox 1386 2223 1496 2307; x_wconf 80' lang='lat' dir='ltr'>ambigi</span> 
     </span>
     <span class='ocr_line' id='line_1_20' title="bbox 231 2320 1495 2410; baseline -0.002 -20"><span class='ocrx_word' id='word_1_172' title='bbox 231 2325 337 2409; x_wconf 82' lang='grc' dir='ltr'><strong><em>βάρη,</em></strong></span> <span class='ocrx_word' id='word_1_173' title='bbox 377 2325 515 2408; x_wconf 89' lang='grc' dir='ltr'><strong><em>εἰιείπερ</em></strong></span> <span class='ocrx_word' id='word_1_174' title='bbox 551 2321 594 2390; x_wconf 81' lang='grc' dir='ltr'><strong>οδ</strong></span> <span class='ocrx_word' id='word_1_175' title='bbox 625 2320 746 2408; x_wconf 82' lang='grc' dir='ltr'><strong><em>μικράς</em></strong></span> <span class='ocrx_word' id='word_1_176' title='bbox 778 2320 842 2408; x_wconf 79' lang='grc' dir='ltr'><strong><em>ἤδη</em></strong></span> <span class='ocrx_word' id='word_1_177' title='bbox 893 2344 987 2407; x_wconf 90' lang='lat' dir='ltr'><strong>quem</strong></span> <span class='ocrx_word' id='word_1_178' title='bbox 1015 2323 1098 2388; x_wconf 90' lang='lat' dir='ltr'><strong>bene</strong></span> <span class='ocrx_word' id='word_1_179' title='bbox 1128 2324 1306 2410; x_wconf 82' lang='lat' dir='ltr'><strong>contigerit</strong></span> <span class='ocrx_word' id='word_1_180' title='bbox 1334 2325 1495 2409; x_wconf 88' lang='lat' dir='ltr'><strong>explorari.</strong></span> 
     </span>
     <span class='ocr_line' id='line_1_21' title="bbox 233 2423 1496 2510; baseline 0 -18"><span class='ocrx_word' id='word_1_181' title='bbox 233 2425 419 2504; x_wconf 75' lang='grc' dir='ltr'><strong><em>ἀποδείξεις</em></strong></span> <span class='ocrx_word' id='word_1_182' title='bbox 446 2437 516 2502; x_wconf 82' lang='grc' dir='ltr'><strong><em>τοῖς</em></strong></span> <span class='ocrx_word' id='word_1_183' title='bbox 538 2425 720 2510; x_wconf 78' lang='grc' dir='ltr'><strong><em>αίρετιιιοῑς</em></strong></span> <span class='ocrx_word' id='word_1_184' title='bbox 741 2423 842 2491; x_wconf 77' lang='grc' dir='ltr'><strong><em>άνθι-</em></strong></span> <span class='ocrx_word' id='word_1_185' title='bbox 893 2423 994 2490; x_wconf 81' lang='lat' dir='ltr'><strong>Simul</strong></span> <span class='ocrx_word' id='word_1_186' title='bbox 1016 2447 1141 2490; x_wconf 67' lang='lat' dir='ltr'><strong>aesume</strong></span> <span class='ocrx_word' id='word_1_187' title='bbox 1156 2425 1301 2491; x_wconf 90' lang='lat' dir='ltr'><strong>remedia</strong></span> <span class='ocrx_word' id='word_1_188' title='bbox 1317 2427 1496 2506; x_wconf 74' lang='lat' dir='ltr'><strong>medicinae,</strong></span> 
     </span>
     <span class='ocr_line' id='line_1_22' title="bbox 233 2523 1498 2613; baseline -0.002 -19"><span class='ocrx_word' id='word_1_189' title='bbox 233 2528 391 2613; x_wconf 87' lang='grc' dir='ltr'><strong><em>στάμενοι</em></strong></span> <span class='ocrx_word' id='word_1_190' title='bbox 414 2527 599 2610; x_wconf 81' lang='grc' dir='ltr'><strong><em>δεδοίκατε,</em></strong></span> <span class='ocrx_word' id='word_1_191' title='bbox 627 2528 683 2593; x_wconf 78' lang='grc' dir='ltr'><strong>καί</strong></span> <span class='ocrx_word' id='word_1_192' title='bbox 710 2523 752 2592; x_wconf 85' lang='grc' dir='ltr'><strong>οὐ</strong></span> <span class='ocrx_word' id='word_1_193' title='bbox 779 2524 843 2611; x_wconf 81' lang='grc' dir='ltr'><strong>χρὴ</strong></span> <span class='ocrx_word' id='word_1_194' title='bbox 894 2526 1063 2612; x_wconf 83' lang='lat' dir='ltr'><strong>accingere</strong></span> <span class='ocrx_word' id='word_1_195' title='bbox 1082 2528 1278 2594; x_wconf 84' lang='lat' dir='ltr'><strong>auctoritate</strong></span> <span class='ocrx_word' id='word_1_196' title='bbox 1289 2528 1450 2612; x_wconf 87' lang='lat' dir='ltr'><strong>justitiae:</strong></span> <span class='ocrx_word' id='word_1_197' title='bbox 1469 2533 1498 2592; x_wconf 87' lang='lat' dir='ltr'><strong>ct</strong></span> 
     </span>
     <span class='ocr_line' id='line_1_23' title="bbox 232 2626 1497 2715; baseline -0.002 -20"><span class='ocrx_word' id='word_1_198' title='bbox 232 2629 310 2715; x_wconf 83' lang='grc' dir='ltr'><strong><em>περὶ</em></strong></span> <span class='ocrx_word' id='word_1_199' title='bbox 331 2628 456 2695; x_wconf 86' lang='grc' dir='ltr'><strong><em>τούτου</em></strong></span> <span class='ocrx_word' id='word_1_200' title='bbox 476 2629 652 2712; x_wconf 78' lang='grc' dir='ltr'><strong><em>διστάζειν,</em></strong></span> <span class='ocrx_word' id='word_1_201' title='bbox 675 2626 717 2695; x_wconf 82' lang='grc' dir='ltr'><strong>όν</strong></span> <span class='ocrx_word' id='word_1_202' title='bbox 732 2633 843 2705; x_wconf 76' lang='grc' dir='ltr'><strong><em>καλῶς</em></strong></span> <span class='ocrx_word' id='word_1_203' title='bbox 893 2629 939 2693; x_wconf 90' lang='lat' dir='ltr'><strong>sic</strong></span> <span class='ocrx_word' id='word_1_204' title='bbox 982 2629 1066 2694; x_wconf 91' lang='lat' dir='ltr'><strong>circa</strong></span> <span class='ocrx_word' id='word_1_205' title='bbox 1106 2630 1269 2714; x_wconf 89' lang='lat' dir='ltr'><strong>supplices</strong></span> <span class='ocrx_word' id='word_1_206' title='bbox 1306 2631 1497 2697; x_wconf 75' lang='lat' dir='ltr'><strong>humanitate</strong></span> 
     </span>
    </p>
   </div>
   <div class='ocr_carea' id='block_1_3' title="bbox 224 2728 1498 3123">
    <p class='ocr_par' dir='ltr' id='par_1_3' title="bbox 224 2728 1498 3123">
     <span class='ocr_line' id='line_1_24' title="bbox 234 2728 1497 2817; baseline 0 -19"><span class='ocrx_word' id='word_1_207' title='bbox 234 2732 361 2817; x_wconf 82' lang='grc' dir='ltr'><strong><em>συνέβη</em></strong></span> <span class='ocrx_word' id='word_1_208' title='bbox 402 2729 544 2815; x_wconf 87' lang='grc' dir='ltr'><strong><em>δόκιμον</em></strong></span> <span class='ocrx_word' id='word_1_209' title='bbox 585 2728 840 2815; x_wconf 76' lang='grc' dir='ltr'><strong><em>ἀποδειχθῆναι.</em></strong></span> <span class='ocrx_word' id='word_1_210' title='bbox 893 2729 1033 2814; x_wconf 91' lang='lat' dir='ltr'><strong>mollire,</strong></span> <span class='ocrx_word' id='word_1_211' title='bbox 1055 2734 1093 2795; x_wconf 91' lang='lat' dir='ltr'><strong>ut</strong></span> <span class='ocrx_word' id='word_1_212' title='bbox 1114 2731 1150 2796; x_wconf 90' lang='lat' dir='ltr'><strong>in</strong></span> <span class='ocrx_word' id='word_1_213' title='bbox 1171 2732 1411 2798; x_wconf 85' lang='lat' dir='ltr'><strong>haereticorum</strong></span> <span class='ocrx_word' id='word_1_214' title='bbox 1432 2754 1497 2798; x_wconf 86' lang='lat' dir='ltr'><strong>oon·</strong></span> 
     </span>
     <span class='ocr_line' id='line_1_25' title="bbox 224 2829 1498 2919; baseline -0.001 -21"><span class='ocrx_word' id='word_1_215' title='bbox 224 2832 311 2918; x_wconf 77' lang='grc' dir='ltr'><strong>’Ἀμα</strong></span> <span class='ocrx_word' id='word_1_216' title='bbox 322 2832 576 2917; x_wconf 77' lang='grc' dir='ltr'><strong><em>προσλαβέσθαι</em></strong></span> <span class='ocrx_word' id='word_1_217' title='bbox 590 2829 649 2909; x_wconf 79' lang='grc' dir='ltr'><strong>τὰς</strong></span> <span class='ocrx_word' id='word_1_218' title='bbox 659 2834 843 2916; x_wconf 81' lang='grc' dir='ltr'><strong><em>θεραπείας</em></strong></span> <span class='ocrx_word' id='word_1_219' title='bbox 892 2832 1025 2917; x_wconf 81' lang='lat' dir='ltr'><strong>tegione</strong></span> <span class='ocrx_word' id='word_1_220' title='bbox 1045 2832 1268 2917; x_wconf 76' lang='lat' dir='ltr'><strong>perdurantes,</strong></span> <span class='ocrx_word' id='word_1_221' title='bbox 1293 2838 1352 2900; x_wconf 88' lang='lat' dir='ltr'><strong>aut</strong></span> <span class='ocrx_word' id='word_1_222' title='bbox 1366 2857 1429 2919; x_wconf 85' lang='lat' dir='ltr'><strong>eos,</strong></span> <span class='ocrx_word' id='word_1_223' title='bbox 1450 2834 1498 2919; x_wconf 90' lang='lat' dir='ltr'><strong>qui</strong></span> 
     </span>
     <span class='ocr_line' id='line_1_26' title="bbox 233 2931 1498 3020; baseline 0 -18"><span class='ocrx_word' id='word_1_224' title='bbox 233 2941 291 3020; x_wconf 78' lang='grc' dir='ltr'><strong>τῆς</strong></span> <span class='ocrx_word' id='word_1_225' title='bbox 306 2935 436 3019; x_wconf 88' lang='grc' dir='ltr'><strong><em>ίάσεως,</em></strong></span> <span class='ocrx_word' id='word_1_226' title='bbox 452 2932 688 3014; x_wconf 79' lang='grc' dir='ltr'><strong><em>άναζάσασθαι</em></strong></span> <span class='ocrx_word' id='word_1_227' title='bbox 701 2935 763 3018; x_wconf 81' lang='grc' dir='ltr'><strong>τὴν</strong></span> <span class='ocrx_word' id='word_1_228' title='bbox 779 2931 841 2999; x_wconf 80' lang='grc' dir='ltr'><strong>αὐ·</strong></span> <span class='ocrx_word' id='word_1_229' title='bbox 892 2934 1113 2999; x_wconf 70' lang='lat' dir='ltr'><strong>innocentiam</strong></span> <span class='ocrx_word' id='word_1_230' title='bbox 1154 2935 1313 3001; x_wconf 87' lang='lat' dir='ltr'><strong>simulant</strong></span> <span class='ocrx_word' id='word_1_231' title='bbox 1360 2941 1395 3002; x_wconf 87' lang='lat' dir='ltr'><strong>et</strong></span> <span class='ocrx_word' id='word_1_232' title='bbox 1434 2958 1498 3001; x_wconf 88' lang='lat' dir='ltr'><strong>cum</strong></span> 
     </span>
     <span class='ocr_line' id='line_1_27' title="bbox 232 3035 1498 3123; baseline -0.001 -20"><span class='ocrx_word' id='word_1_233' title='bbox 232 3040 373 3103; x_wconf 81' lang='grc' dir='ltr'><strong><em>θεντίαν</em></strong></span> <span class='ocrx_word' id='word_1_234' title='bbox 414 3041 472 3121; x_wconf 79' lang='grc' dir='ltr'><strong>τῆς</strong></span> <span class='ocrx_word' id='word_1_235' title='bbox 508 3035 742 3121; x_wconf 79' lang='grc' dir='ltr'><strong><em>δικαιοσύνης,</em></strong></span> <span class='ocrx_word' id='word_1_236' title='bbox 785 3036 842 3100; x_wconf 77' lang='grc' dir='ltr'><strong>καί</strong></span> <span class='ocrx_word' id='word_1_237' title='bbox 892 3036 1010 3101; x_wconf 87' lang='lat' dir='ltr'><strong>nostris</strong></span> <span class='ocrx_word' id='word_1_238' title='bbox 1032 3036 1101 3102; x_wconf 83' lang='lat' dir='ltr'><strong>sola</strong></span> <span class='ocrx_word' id='word_1_239' title='bbox 1121 3059 1199 3102; x_wconf 80' lang='lat' dir='ltr'><strong>voce</strong></span> <span class='ocrx_word' id='word_1_240' title='bbox 1222 3041 1441 3123; x_wconf 84' lang='lat' dir='ltr'><strong>consentiunt,</strong></span> <span class='ocrx_word' id='word_1_241' title='bbox 1462 3039 1498 3102; x_wconf 85' lang='lat' dir='ltr'><strong>ab</strong></span> 
     </span>
    </p>
   </div>
   <div class='ocr_carea' id='block_1_4' title="bbox 198 3272 1498 4964">
    <p class='ocr_par' dir='ltr' id='par_1_4' title="bbox 229 3272 1498 3856">
     <span class='ocr_line' id='line_1_28' title="bbox 303 3272 1497 3344; baseline 0.002 -16"><span class='ocrx_word' id='word_1_242' title='bbox 303 3277 332 3342; x_wconf 85' lang='lat'><strong>¹²)</strong></span> <span class='ocrx_word' id='word_1_243' title='bbox 352 3272 457 3338; x_wconf 78' lang='lat' dir='ltr'><strong>Quibus</strong></span> <span class='ocrx_word' id='word_1_244' title='bbox 469 3273 526 3328; x_wconf 87' lang='lat' dir='ltr'><strong>scil.</strong></span> <span class='ocrx_word' id='word_1_245' title='bbox 544 3273 639 3328; x_wconf 90' lang='lat' dir='ltr'><strong>libello</strong></span> <span class='ocrx_word' id='word_1_246' title='bbox 656 3273 724 3343; x_wconf 87' lang='lat' dir='ltr'><strong>ipsis</strong></span> <span class='ocrx_word' id='word_1_247' title='bbox 739 3274 775 3328; x_wconf 91' lang='lat' dir='ltr'><strong>ab</strong></span> <span class='ocrx_word' id='word_1_248' title='bbox 787 3272 937 3328; x_wconf 81' lang='lat' dir='ltr'><strong>Hormisds</strong></span> <span class='ocrx_word' id='word_1_249' title='bbox 947 3273 1122 3344; x_wconf 87' lang='lat' dir='ltr'><strong>praescripto</strong></span> <span class='ocrx_word' id='word_1_250' title='bbox 1135 3274 1312 3331; x_wconf 70' lang='lat' dir='ltr'><strong>subscribere</strong></span> <span class='ocrx_word' id='word_1_251' title='bbox 1323 3293 1355 3332; x_wconf 91' lang='lat' dir='ltr'><strong>se</strong></span> <span class='ocrx_word' id='word_1_252' title='bbox 1366 3276 1448 3330; x_wconf 86' lang='lat' dir='ltr'><strong>fidem</strong></span> <span class='ocrx_word' id='word_1_253' title='bbox 1463 3275 1497 3330; x_wconf 84' lang='lat' dir='ltr'><strong>ia·</strong></span> 
     </span>
     <span class='ocr_line' id='line_1_29' title="bbox 234 3358 1498 3429; baseline 0 -15"><span class='ocrx_word' id='word_1_254' title='bbox 234 3358 321 3425; x_wconf 86' lang='lat' dir='ltr'><strong>ciunt,</strong></span> <span class='ocrx_word' id='word_1_255' title='bbox 340 3360 370 3413; x_wconf 91' lang='lat' dir='ltr'><strong>ut</strong></span> <span class='ocrx_word' id='word_1_256' title='bbox 387 3358 417 3412; x_wconf 89' lang='lat' dir='ltr'><strong>in</strong></span> <span class='ocrx_word' id='word_1_257' title='bbox 434 3359 554 3428; x_wconf 88' lang='lat' dir='ltr'><strong>epistola</strong></span> <span class='ocrx_word' id='word_1_258' title='bbox 570 3358 698 3429; x_wconf 87' lang='lat' dir='ltr'><strong>proxima</strong></span> <span class='ocrx_word' id='word_1_259' title='bbox 715 3358 749 3413; x_wconf 87' lang='lat' dir='ltr'><strong>ad</strong></span> <span class='ocrx_word' id='word_1_260' title='bbox 769 3358 909 3414; x_wconf 85' lang='lat' dir='ltr'><strong>Justinum</strong></span> <span class='ocrx_word' id='word_1_261' title='bbox 926 3378 953 3416; x_wconf 88' lang='lat' dir='ltr'><strong>n.</strong></span> <span class='ocrx_word' id='word_1_262' title='bbox 970 3366 986 3414; x_wconf 80' lang='grc'><strong>6</strong></span> <span class='ocrx_word' id='word_1_263' title='bbox 1004 3359 1154 3415; x_wconf 86' lang='lat' dir='ltr'><strong>Hormisda</strong></span> <span class='ocrx_word' id='word_1_264' title='bbox 1176 3359 1261 3416; x_wconf 88' lang='lat' dir='ltr'><strong>docet</strong></span> <span class='ocrx_word' id='word_1_265' title='bbox 1283 3360 1328 3416; x_wconf 90' lang='lat' dir='ltr'><strong>his</strong></span> <span class='ocrx_word' id='word_1_266' title='bbox 1346 3360 1449 3416; x_wconf 79' lang='lat' dir='ltr'><strong>verbis:</strong></span> <span class='ocrx_word' id='word_1_267' title='bbox 1467 3366 1498 3414; x_wconf 74' lang='lat' dir='ltr'><strong>si</strong></span> 
     </span>
     <span class='ocr_line' id='line_1_30' title="bbox 229 3448 1498 3516; baseline 0.002 -18"><span class='ocrx_word' id='word_1_268' title='bbox 229 3449 341 3509; x_wconf 80' lang='lat' dir='ltr'><strong>fratrem</strong></span> <span class='ocrx_word' id='word_1_269' title='bbox 358 3456 383 3499; x_wconf 87' lang='lat' dir='ltr'><strong>et</strong></span> <span class='ocrx_word' id='word_1_270' title='bbox 401 3452 576 3513; x_wconf 71' lang='lat' dir='ltr'><strong>coepiscopum</strong></span> <span class='ocrx_word' id='word_1_271' title='bbox 588 3455 698 3499; x_wconf 79' lang='lat' dir='ltr'><strong>nostrum</strong></span> <span class='ocrx_word' id='word_1_272' title='bbox 711 3448 882 3513; x_wconf 71' lang='lat' dir='ltr'><strong>Epiphaniam</strong></span> <span class='ocrx_word' id='word_1_273' title='bbox 893 3454 993 3514; x_wconf 84' lang='lat' dir='ltr'><strong>scripto</strong></span> <span class='ocrx_word' id='word_1_274' title='bbox 1009 3451 1204 3510; x_wconf 73' lang='grc' dir='ltr'><strong><em>εναπωιείείκιειε,</em></strong></span> <span class='ocrx_word' id='word_1_275' title='bbox 1223 3458 1251 3501; x_wconf 82' lang='lat' dir='ltr'><strong>ut</strong></span> <span class='ocrx_word' id='word_1_276' title='bbox 1262 3467 1359 3502; x_wconf 75' lang='lat' dir='ltr'><strong>messor</strong></span> <span class='ocrx_word' id='word_1_277' title='bbox 1366 3452 1440 3516; x_wconf 70' lang='lat' dir='ltr'><strong>Mei,</strong></span> <span class='ocrx_word' id='word_1_278' title='bbox 1456 3466 1498 3500; x_wconf 69' lang='lat' dir='ltr'><strong>ne</strong></span> 
     </span>
     <span class='ocr_line' id='line_1_31' title="bbox 232 3533 1497 3602; baseline 0.004 -19"><span class='ocrx_word' id='word_1_279' title='bbox 232 3549 287 3583; x_wconf 89' lang='lat' dir='ltr'><strong>mor</strong></span> <span class='ocrx_word' id='word_1_280' title='bbox 304 3533 442 3598; x_wconf 77' lang='lat' dir='ltr'><strong>reiipionis,</strong></span> <span class='ocrx_word' id='word_1_281' title='bbox 460 3549 523 3599; x_wconf 84' lang='lat' dir='ltr'><strong>quos</strong></span> <span class='ocrx_word' id='word_1_282' title='bbox 541 3535 630 3598; x_wconf 82' lang='lat' dir='ltr'><strong>dipnos</strong></span> <span class='ocrx_word' id='word_1_283' title='bbox 647 3535 807 3598; x_wconf 69' lang='lat' dir='ltr'><strong>susceptione</strong></span> <span class='ocrx_word' id='word_1_284' title='bbox 826 3550 881 3585; x_wconf 78' lang='lat' dir='ltr'><strong>esre</strong></span> <span class='ocrx_word' id='word_1_285' title='bbox 898 3537 1052 3594; x_wconf 78' lang='lat' dir='ltr'><strong>crediderit,</strong></span> <span class='ocrx_word' id='word_1_286' title='bbox 1074 3540 1119 3586; x_wconf 81' lang='lat' dir='ltr'><strong>aut</strong></span> <span class='ocrx_word' id='word_1_287' title='bbox 1137 3537 1307 3588; x_wconf 70' lang='lat' dir='ltr'><strong>commnione</strong></span> <span class='ocrx_word' id='word_1_288' title='bbox 1330 3553 1403 3602; x_wconf 74' lang='lat' dir='ltr'><strong>quun</strong></span> <span class='ocrx_word' id='word_1_289' title='bbox 1419 3538 1497 3587; x_wconf 78' lang='lat' dir='ltr'><strong>rensi-</strong></span> 
     </span>
     <span class='ocr_line' id='line_1_32' title="bbox 232 3612 1496 3686; baseline 0.004 -19"><span class='ocrx_word' id='word_1_290' title='bbox 232 3634 285 3667; x_wconf 78' lang='grc' dir='ltr'><strong>που</strong></span> <span class='ocrx_word' id='word_1_291' title='bbox 303 3612 440 3683; x_wconf 86' lang='lat' dir='ltr'><strong>(adeoque</strong></span> <span class='ocrx_word' id='word_1_292' title='bbox 459 3614 487 3668; x_wconf 93' lang='lat' dir='ltr'><strong>et</strong></span> <span class='ocrx_word' id='word_1_293' title='bbox 504 3613 660 3668; x_wconf 88' lang='lat' dir='ltr'><strong>Macedonii</strong></span> <span class='ocrx_word' id='word_1_294' title='bbox 679 3614 707 3668; x_wconf 89' lang='lat' dir='ltr'><strong>et</strong></span> <span class='ocrx_word' id='word_1_295' title='bbox 719 3614 889 3686; x_wconf 80' lang='lat' dir='ltr'><strong>Euphemii),</strong></span> <span class='ocrx_word' id='word_1_296' title='bbox 906 3621 971 3669; x_wconf 80' lang='lat' dir='ltr'><strong>sicut</strong></span> <span class='ocrx_word' id='word_1_297' title='bbox 989 3621 1125 3678; x_wconf 64' lang='lat' dir='ltr'><strong>assuitur,</strong></span> <span class='ocrx_word' id='word_1_298' title='bbox 1143 3621 1304 3681; x_wconf 81' lang='lat' dir='ltr'><strong>innocentes.</strong></span> <span class='ocrx_word' id='word_1_299' title='bbox 1325 3636 1371 3672; x_wconf 85' lang='lat' dir='ltr'><strong>eos</strong></span> <span class='ocrx_word' id='word_1_300' title='bbox 1383 3623 1496 3672; x_wconf 66' lang='lat' dir='ltr'><strong>adnue</strong></span> 
     </span>
     <span class='ocr_line' id='line_1_33' title="bbox 234 3705 1496 3771; baseline 0.005 -21"><span class='ocrx_word' id='word_1_301' title='bbox 234 3708 310 3752; x_wconf 84' lang='lat' dir='ltr'><strong>tatem</strong></span> <span class='ocrx_word' id='word_1_302' title='bbox 327 3718 418 3752; x_wconf 76' lang='grc' dir='ltr'><strong><em>εαυτοε</em></strong></span> <span class='ocrx_word' id='word_1_303' title='bbox 436 3705 611 3753; x_wconf 82' lang='lat' dir='ltr'><strong>cornmrmionis</strong></span> <span class='ocrx_word' id='word_1_304' title='bbox 629 3705 757 3766; x_wconf 83' lang='lat' dir='ltr'><strong>admittat,</strong></span> <span class='ocrx_word' id='word_1_305' title='bbox 783 3705 861 3754; x_wconf 84' lang='lat' dir='ltr'><strong>libelii</strong></span> <span class='ocrx_word' id='word_1_306' title='bbox 880 3711 963 3755; x_wconf 84' lang='lat' dir='ltr'><strong>tamen</strong></span> <span class='ocrx_word' id='word_1_307' title='bbox 986 3709 1030 3771; x_wconf 81' lang='lat' dir='ltr'><strong>qui</strong></span> <span class='ocrx_word' id='word_1_308' title='bbox 1045 3722 1062 3755; x_wconf 87' lang='lat' dir='ltr'><strong>o</strong></span> <span class='ocrx_word' id='word_1_309' title='bbox 1080 3706 1152 3756; x_wconf 80' lang='lat' dir='ltr'><strong>nobis</strong></span> <span class='ocrx_word' id='word_1_310' title='bbox 1173 3707 1345 3770; x_wconf 77' lang='lat' dir='ltr'><strong>interpositus</strong></span> <span class='ocrx_word' id='word_1_311' title='bbox 1362 3713 1401 3757; x_wconf 84' lang='lat' dir='ltr'><strong>est</strong></span> <span class='ocrx_word' id='word_1_312' title='bbox 1418 3714 1496 3756; x_wconf 74' lang='lat' dir='ltr'><strong>mm</strong></span> 
     </span>
     <span class='ocr_line' id='line_1_34' title="bbox 231 3783 1496 3856; baseline 0 -18"><span class='ocrx_word' id='word_1_313' title='bbox 231 3795 343 3840; x_wconf 77' lang='grc' dir='ltr'><strong><em>εενοοιο.</em></strong></span> <span class='ocrx_word' id='word_1_314' title='bbox 371 3784 547 3851; x_wconf 87' lang='lat' dir='ltr'><strong>Proindeque</strong></span> <span class='ocrx_word' id='word_1_315' title='bbox 565 3783 634 3838; x_wconf 89' lang='lat' dir='ltr'><strong>nihil</strong></span> <span class='ocrx_word' id='word_1_316' title='bbox 651 3803 669 3839; x_wconf 92' lang='lat' dir='ltr'><strong>a</strong></span> <span class='ocrx_word' id='word_1_317' title='bbox 680 3785 799 3855; x_wconf 84' lang='lat' dir='ltr'><strong>pristina</strong></span> <span class='ocrx_word' id='word_1_318' title='bbox 812 3786 961 3840; x_wconf 86' lang='lat' dir='ltr'><strong>severitate</strong></span> <span class='ocrx_word' id='word_1_319' title='bbox 973 3785 1019 3841; x_wconf 89' lang='lat' dir='ltr'><strong>hie</strong></span> <span class='ocrx_word' id='word_1_320' title='bbox 1031 3786 1161 3854; x_wconf 76' lang='lat' dir='ltr'><strong>remittit,</strong></span> <span class='ocrx_word' id='word_1_321' title='bbox 1180 3786 1308 3856; x_wconf 78' lang='lat' dir='ltr'><strong>quamvis</strong></span> <span class='ocrx_word' id='word_1_322' title='bbox 1326 3788 1391 3842; x_wconf 76' lang='lat' dir='ltr'><strong>sne</strong></span> <span class='ocrx_word' id='word_1_323' title='bbox 1404 3785 1496 3856; x_wconf 76' lang='lat' dir='ltr'><strong>Pagiur</strong></span> 
     </span>
    </p>

    <p class='ocr_par' dir='ltr' id='par_1_5' title="bbox 198 3869 1495 3942">
     <span class='ocr_line' id='line_1_35' title="bbox 198 3869 1495 3942; baseline 0.001 -18"><span class='ocrx_word' id='word_1_324' title='bbox 198 3918 200 3924; x_wconf 93' lang='lat'><em>.</em></span> <span class='ocrx_word' id='word_1_325' title='bbox 233 3869 269 3922; x_wconf 86' lang='lat' dir='ltr'><strong>ad</strong></span> <span class='ocrx_word' id='word_1_326' title='bbox 288 3886 331 3923; x_wconf 87' lang='lat' dir='ltr'><strong>an.</strong></span> <span class='ocrx_word' id='word_1_327' title='bbox 352 3876 400 3924; x_wconf 79' lang='lat' dir='ltr'><strong>o‘tl</strong></span> <span class='ocrx_word' id='word_1_328' title='bbox 418 3888 444 3924; x_wconf 91' lang='lat' dir='ltr'><strong>n.</strong></span> <span class='ocrx_word' id='word_1_329' title='bbox 467 3877 497 3925; x_wconf 81' lang='lat' dir='ltr'><strong>lo</strong></span> <span class='ocrx_word' id='word_1_330' title='bbox 515 3871 544 3922; x_wconf 90' lang='lat' dir='ltr'><strong>et</strong></span> <span class='ocrx_word' id='word_1_331' title='bbox 564 3876 594 3924; x_wconf 76' lang='lat'><strong>16</strong></span> <span class='ocrx_word' id='word_1_332' title='bbox 612 3870 726 3925; x_wconf 90' lang='lat' dir='ltr'><strong>tandem</strong></span> <span class='ocrx_word' id='word_1_333' title='bbox 744 3871 780 3925; x_wconf 88' lang='lat' dir='ltr'><strong>ab</strong></span> <span class='ocrx_word' id='word_1_334' title='bbox 798 3869 948 3925; x_wconf 84' lang='lat' dir='ltr'><strong>Hormisda</strong></span> <span class='ocrx_word' id='word_1_335' title='bbox 964 3870 1017 3926; x_wconf 86' lang='lat' dir='ltr'><strong>hac</strong></span> <span class='ocrx_word' id='word_1_336' title='bbox 1035 3871 1154 3942; x_wconf 86' lang='lat' dir='ltr'><strong>epistola</strong></span> <span class='ocrx_word' id='word_1_337' title='bbox 1172 3871 1209 3927; x_wconf 89' lang='lat' dir='ltr'><strong>ad</strong></span> <span class='ocrx_word' id='word_1_338' title='bbox 1222 3872 1445 3928; x_wconf 84' lang='lat' dir='ltr'><strong>communionem</strong></span> <span class='ocrx_word' id='word_1_339' title='bbox 1455 3871 1495 3925; x_wconf 80' lang='lat' dir='ltr'><strong>ed-</strong></span> 
     </span>
    </p>

    <p class='ocr_par' dir='ltr' id='par_1_6' title="bbox 232 3953 1495 4283">
     <span class='ocr_line' id='line_1_36' title="bbox 232 3953 1495 4029; baseline 0.003 -23"><span class='ocrx_word' id='word_1_340' title='bbox 232 3953 329 4008; x_wconf 86' lang='lat' dir='ltr'><strong>missos</strong></span> <span class='ocrx_word' id='word_1_341' title='bbox 346 3956 438 4024; x_wconf 88' lang='lat' dir='ltr'><strong>putet,</strong></span> <span class='ocrx_word' id='word_1_342' title='bbox 457 3953 504 4024; x_wconf 91' lang='lat' dir='ltr'><strong>qui</strong></span> <span class='ocrx_word' id='word_1_343' title='bbox 516 3954 665 4025; x_wconf 84' lang='lat' dir='ltr'><strong>Euphemii</strong></span> <span class='ocrx_word' id='word_1_344' title='bbox 682 3955 891 4024; x_wconf 87' lang='lat' dir='ltr'><strong>Macedoniique</strong></span> <span class='ocrx_word' id='word_1_345' title='bbox 910 3956 1023 4012; x_wconf 91' lang='lat' dir='ltr'><strong>nomina</strong></span> <span class='ocrx_word' id='word_1_346' title='bbox 1034 3974 1050 4012; x_wconf 93' lang='lat' dir='ltr'><strong>e</strong></span> <span class='ocrx_word' id='word_1_347' title='bbox 1063 3957 1202 4027; x_wconf 77' lang='lat' dir='ltr'><strong>diptychis</strong></span> <span class='ocrx_word' id='word_1_348' title='bbox 1220 3958 1346 4028; x_wconf 78' lang='lat' dir='ltr'><strong>expungi</strong></span> <span class='ocrx_word' id='word_1_349' title='bbox 1362 3956 1495 4029; x_wconf 70' lang='lat' dir='ltr'><strong>pusiaco</strong></span> 
     </span>
     <span class='ocr_line' id='line_1_37' title="bbox 233 4039 1494 4113; baseline 0.002 -20"><span class='ocrx_word' id='word_1_350' title='bbox 233 4041 331 4093; x_wconf 84' lang='lat' dir='ltr'><strong>essent.</strong></span> <span class='ocrx_word' id='word_1_351' title='bbox 368 4040 455 4092; x_wconf 91' lang='lat' dir='ltr'><strong>Immo</strong></span> <span class='ocrx_word' id='word_1_352' title='bbox 478 4039 563 4094; x_wconf 84' lang='lat' dir='ltr'><strong>etiam</strong></span> <span class='ocrx_word' id='word_1_353' title='bbox 586 4041 686 4110; x_wconf 85' lang='lat' dir='ltr'><strong>postea</strong></span> <span class='ocrx_word' id='word_1_354' title='bbox 703 4039 873 4094; x_wconf 80' lang='lat' dir='ltr'><strong>iustinianus</strong></span> <span class='ocrx_word' id='word_1_355' title='bbox 890 4041 957 4111; x_wconf 88' lang='lat' dir='ltr'><strong>imp.</strong></span> <span class='ocrx_word' id='word_1_356' title='bbox 976 4040 1057 4111; x_wconf 86' lang='lat' dir='ltr'><strong>epist.</strong></span> <span class='ocrx_word' id='word_1_357' title='bbox 1077 4049 1092 4096; x_wconf 88' lang='grc'><strong>6</strong></span> <span class='ocrx_word' id='word_1_358' title='bbox 1111 4041 1147 4097; x_wconf 90' lang='lat' dir='ltr'><strong>ad</strong></span> <span class='ocrx_word' id='word_1_359' title='bbox 1164 4043 1327 4113; x_wconf 82' lang='lat' dir='ltr'><strong>Agapetum</strong></span> <span class='ocrx_word' id='word_1_360' title='bbox 1344 4060 1401 4099; x_wconf 86' lang='lat' dir='ltr'><strong>nou</strong></span> <span class='ocrx_word' id='word_1_361' title='bbox 1416 4043 1494 4098; x_wconf 85' lang='lat' dir='ltr'><strong>solum</strong></span> 
     </span>
     <span class='ocr_line' id='line_1_38' title="bbox 233 4123 1494 4197; baseline 0.003 -21"><span class='ocrx_word' id='word_1_362' title='bbox 233 4123 291 4192; x_wconf 89' lang='lat' dir='ltr'><strong>ipse</strong></span> <span class='ocrx_word' id='word_1_363' title='bbox 309 4123 459 4177; x_wconf 90' lang='lat' dir='ltr'><strong>seeundum</strong></span> <span class='ocrx_word' id='word_1_364' title='bbox 476 4126 596 4178; x_wconf 81' lang='lat' dir='ltr'><strong>formem</strong></span> <span class='ocrx_word' id='word_1_365' title='bbox 613 4124 700 4179; x_wconf 90' lang='lat' dir='ltr'><strong>libelli</strong></span> <span class='ocrx_word' id='word_1_366' title='bbox 718 4125 754 4179; x_wconf 88' lang='lat' dir='ltr'><strong>ab</strong></span> <span class='ocrx_word' id='word_1_367' title='bbox 772 4125 921 4181; x_wconf 87' lang='lat' dir='ltr'><strong>Hormisda</strong></span> <span class='ocrx_word' id='word_1_368' title='bbox 940 4127 1107 4197; x_wconf 87' lang='lat' dir='ltr'><strong>praescripti</strong></span> <span class='ocrx_word' id='word_1_369' title='bbox 1125 4126 1208 4181; x_wconf 82' lang='lat' dir='ltr'><strong>iidem</strong></span> <span class='ocrx_word' id='word_1_370' title='bbox 1224 4128 1388 4197; x_wconf 85' lang='lat' dir='ltr'><strong>profitetur,</strong></span> <span class='ocrx_word' id='word_1_371' title='bbox 1409 4127 1494 4184; x_wconf 84' lang='lat' dir='ltr'><strong>sedet</strong></span> 
     </span>
     <span class='ocr_line' id='line_1_39' title="bbox 232 4208 1280 4283; baseline 0.005 -21"><span class='ocrx_word' id='word_1_372' title='bbox 232 4225 293 4263; x_wconf 87' lang='lat' dir='ltr'><strong>sese</strong></span> <span class='ocrx_word' id='word_1_373' title='bbox 312 4225 426 4278; x_wconf 88' lang='lat' dir='ltr'><strong>operam</strong></span> <span class='ocrx_word' id='word_1_374' title='bbox 444 4208 574 4263; x_wconf 84' lang='lat' dir='ltr'><strong>daturum</strong></span> <span class='ocrx_word' id='word_1_375' title='bbox 591 4209 751 4280; x_wconf 87' lang='lat' dir='ltr'><strong>pollicetur,</strong></span> <span class='ocrx_word' id='word_1_376' title='bbox 769 4212 801 4264; x_wconf 92' lang='lat' dir='ltr'><strong>ut</strong></span> <span class='ocrx_word' id='word_1_377' title='bbox 819 4226 915 4265; x_wconf 90' lang='lat' dir='ltr'><strong>omnes</strong></span> <span class='ocrx_word' id='word_1_378' title='bbox 932 4210 1007 4265; x_wconf 90' lang='lat' dir='ltr'><strong>idem</strong></span> <span class='ocrx_word' id='word_1_379' title='bbox 1025 4210 1131 4266; x_wconf 85' lang='lat' dir='ltr'><strong>faciant</strong></span> <span class='ocrx_word' id='word_1_380' title='bbox 1147 4211 1280 4283; x_wconf 83' lang='lat' dir='ltr'><strong>episcopi.</strong></span> 
     </span>
    </p>

    <p class='ocr_par' dir='ltr' id='par_1_7' title="bbox 228 4294 1495 4791">
     <span class='ocr_line' id='line_1_40' title="bbox 301 4294 1495 4368; baseline 0.003 -21"><span class='ocrx_word' id='word_1_381' title='bbox 301 4297 331 4363; x_wconf 82' lang='lat'><strong>¹³)</strong></span> <span class='ocrx_word' id='word_1_382' title='bbox 351 4299 374 4348; x_wconf 84' lang='grc' dir='ltr'><strong>ο1</strong></span> <span class='ocrx_word' id='word_1_383' title='bbox 388 4298 413 4348; x_wconf 79' lang='lat' dir='ltr'><strong>c²</strong></span> <span class='ocrx_word' id='word_1_384' title='bbox 433 4313 493 4349; x_wconf 89' lang='lat' dir='ltr'><strong>cum</strong></span> <span class='ocrx_word' id='word_1_385' title='bbox 516 4294 654 4348; x_wconf 86' lang='lat' dir='ltr'><strong>nonnullis</strong></span> <span class='ocrx_word' id='word_1_386' title='bbox 676 4312 739 4349; x_wconf 74' lang='lat' dir='ltr'><strong>mss,</strong></span> <span class='ocrx_word' id='word_1_387' title='bbox 758 4301 849 4350; x_wconf 83' lang='lat' dir='ltr'><strong>Seueri</strong></span> <span class='ocrx_word' id='word_1_388' title='bbox 870 4304 909 4351; x_wconf 86' lang='lat' dir='ltr'><strong>uei</strong></span> <span class='ocrx_word' id='word_1_389' title='bbox 926 4300 1045 4366; x_wconf 78' lang='lat' dir='ltr'><strong>Sulpicii,</strong></span> <span class='ocrx_word' id='word_1_390' title='bbox 1067 4296 1096 4350; x_wconf 90' lang='lat' dir='ltr'><strong>in</strong></span> <span class='ocrx_word' id='word_1_391' title='bbox 1119 4296 1181 4351; x_wconf 87' lang='lat' dir='ltr'><strong>aliis</strong></span> <span class='ocrx_word' id='word_1_392' title='bbox 1202 4299 1236 4352; x_wconf 90' lang='lat' dir='ltr'><strong>ut</strong></span> <span class='ocrx_word' id='word_1_393' title='bbox 1253 4298 1303 4352; x_wconf 68' lang='lat'><strong>11¹⁰</strong></span> <span class='ocrx_word' id='word_1_394' title='bbox 1325 4306 1365 4353; x_wconf 79' lang='lat' dir='ltr'><strong>oet</strong></span> <span class='ocrx_word' id='word_1_395' title='bbox 1381 4302 1495 4368; x_wconf 71' lang='lat' dir='ltr'><strong>Supplici</strong></span> 
     </span>
     <span class='ocr_line' id='line_1_41' title="bbox 233 4379 1492 4454; baseline 0.004 -23"><span class='ocrx_word' id='word_1_396' title='bbox 233 4389 276 4431; x_wconf 82' lang='grc' dir='ltr'><strong><em>σοι</em></strong></span> <span class='ocrx_word' id='word_1_397' title='bbox 293 4385 413 4437; x_wconf 79' lang='lat' dir='ltr'><strong>similium.</strong></span> <span class='ocrx_word' id='word_1_398' title='bbox 448 4380 511 4435; x_wconf 90' lang='lat' dir='ltr'><strong>Nou</strong></span> <span class='ocrx_word' id='word_1_399' title='bbox 533 4379 578 4434; x_wconf 91' lang='lat' dir='ltr'><strong>hic</strong></span> <span class='ocrx_word' id='word_1_400' title='bbox 596 4379 692 4436; x_wconf 84' lang='lat' dir='ltr'><strong>Severi</strong></span> <span class='ocrx_word' id='word_1_401' title='bbox 709 4380 824 4451; x_wconf 86' lang='lat' dir='ltr'><strong>Sulpicii</strong></span> <span class='ocrx_word' id='word_1_402' title='bbox 846 4382 894 4436; x_wconf 85' lang='lat' dir='ltr'><strong>sed</strong></span> <span class='ocrx_word' id='word_1_403' title='bbox 912 4381 1198 4436; x_wconf 75' lang='lat' dir='ltr'><strong>Pseudo-antiocheni</strong></span> <span class='ocrx_word' id='word_1_404' title='bbox 1215 4381 1356 4454; x_wconf 80' lang='lat' dir='ltr'><strong>episcopi,</strong></span> <span class='ocrx_word' id='word_1_405' title='bbox 1379 4383 1425 4452; x_wconf 85' lang='lat' dir='ltr'><strong>qui</strong></span> <span class='ocrx_word' id='word_1_406' title='bbox 1441 4381 1492 4437; x_wconf 80' lang='lat' dir='ltr'><strong>cu·</strong></span> 
     </span>
     <span class='ocr_line' id='line_1_42' title="bbox 233 4462 1491 4537; baseline 0.006 -22"><span class='ocrx_word' id='word_1_407' title='bbox 233 4462 401 4518; x_wconf 89' lang='lat' dir='ltr'><strong>chedonensi</strong></span> <span class='ocrx_word' id='word_1_408' title='bbox 418 4465 523 4534; x_wconf 79' lang='lat' dir='ltr'><strong>synodo</strong></span> <span class='ocrx_word' id='word_1_409' title='bbox 547 4465 760 4529; x_wconf 85' lang='lat' dir='ltr'><strong>adversabatur,</strong></span> <span class='ocrx_word' id='word_1_410' title='bbox 783 4467 815 4520; x_wconf 90' lang='lat' dir='ltr'><strong>fit</strong></span> <span class='ocrx_word' id='word_1_411' title='bbox 836 4466 949 4522; x_wconf 90' lang='lat' dir='ltr'><strong>mentio.</strong></span> <span class='ocrx_word' id='word_1_412' title='bbox 986 4468 1027 4521; x_wconf 86' lang='lat' dir='ltr'><strong>Ac</strong></span> <span class='ocrx_word' id='word_1_413' title='bbox 1048 4469 1166 4537; x_wconf 83' lang='lat' dir='ltr'><strong>propter</strong></span> <span class='ocrx_word' id='word_1_414' title='bbox 1182 4467 1258 4522; x_wconf 90' lang='lat' dir='ltr'><strong>huno</strong></span> <span class='ocrx_word' id='word_1_415' title='bbox 1274 4469 1395 4524; x_wconf 73' lang='lat' dir='ltr'><strong>mamma</strong></span> <span class='ocrx_word' id='word_1_416' title='bbox 1411 4468 1491 4523; x_wconf 83' lang='lat' dir='ltr'><strong>locum</strong></span> 
     </span>
     <span class='ocr_line' id='line_1_43' title="bbox 232 4548 1491 4623; baseline 0.005 -23"><span class='ocrx_word' id='word_1_417' title='bbox 232 4548 363 4603; x_wconf 85' lang='lat' dir='ltr'><strong>adversus</strong></span> <span class='ocrx_word' id='word_1_418' title='bbox 376 4549 508 4604; x_wconf 84' lang='lat' dir='ltr'><strong>Severum</strong></span> <span class='ocrx_word' id='word_1_419' title='bbox 520 4550 603 4604; x_wconf 88' lang='lat' dir='ltr'><strong>istum</strong></span> <span class='ocrx_word' id='word_1_420' title='bbox 621 4550 650 4605; x_wconf 92' lang='lat' dir='ltr'><strong>in</strong></span> <span class='ocrx_word' id='word_1_421' title='bbox 662 4552 777 4606; x_wconf 89' lang='lat' dir='ltr'><strong>concilio</strong></span> <span class='ocrx_word' id='word_1_422' title='bbox 789 4552 840 4607; x_wconf 86' lang='lat' dir='ltr'><strong>sub</strong></span> <span class='ocrx_word' id='word_1_423' title='bbox 853 4552 935 4607; x_wconf 86' lang='lat' dir='ltr'><strong>Mena</strong></span> <span class='ocrx_word' id='word_1_424' title='bbox 946 4553 1016 4607; x_wconf 86' lang='lat' dir='ltr'><strong>haec</strong></span> <span class='ocrx_word' id='word_1_425' title='bbox 1028 4551 1148 4623; x_wconf 85' lang='lat' dir='ltr'><strong>epistola</strong></span> <span class='ocrx_word' id='word_1_426' title='bbox 1159 4552 1234 4607; x_wconf 85' lang='lat' dir='ltr'><strong>lecta</strong></span> <span class='ocrx_word' id='word_1_427' title='bbox 1246 4555 1299 4607; x_wconf 87' lang='lat' dir='ltr'><strong>est.</strong></span> <span class='ocrx_word' id='word_1_428' title='bbox 1323 4554 1394 4609; x_wconf 81' lang='lat' dir='ltr'><strong>ilinc</strong></span> <span class='ocrx_word' id='word_1_429' title='bbox 1405 4553 1491 4623; x_wconf 80' lang='lat' dir='ltr'><strong>liquet</strong></span> 
     </span>
     <span class='ocr_line' id='line_1_44' title="bbox 232 4634 1490 4708; baseline 0.004 -22"><span class='ocrx_word' id='word_1_430' title='bbox 232 4649 316 4700; x_wconf 86' lang='lat' dir='ltr'><strong>quam</strong></span> <span class='ocrx_word' id='word_1_431' title='bbox 340 4634 516 4704; x_wconf 79' lang='lat' dir='ltr'><strong>negligenter</strong></span> <span class='ocrx_word' id='word_1_432' title='bbox 533 4643 616 4690; x_wconf 82' lang='lat' dir='ltr'><strong>seueri</strong></span> <span class='ocrx_word' id='word_1_433' title='bbox 638 4654 700 4691; x_wconf 87' lang='lat' dir='ltr'><strong>eum</strong></span> <span class='ocrx_word' id='word_1_434' title='bbox 721 4637 813 4708; x_wconf 88' lang='lat' dir='ltr'><strong>prima</strong></span> <span class='ocrx_word' id='word_1_435' title='bbox 830 4637 925 4694; x_wconf 82' lang='lat' dir='ltr'><strong>littera</strong></span> <span class='ocrx_word' id='word_1_436' title='bbox 942 4637 1095 4693; x_wconf 89' lang='lat' dir='ltr'><strong>minuscula</strong></span> <span class='ocrx_word' id='word_1_437' title='bbox 1112 4637 1192 4706; x_wconf 85' lang='lat' dir='ltr'><strong>quasi</strong></span> <span class='ocrx_word' id='word_1_438' title='bbox 1209 4655 1321 4694; x_wconf 86' lang='lat' dir='ltr'><strong>merum</strong></span> <span class='ocrx_word' id='word_1_439' title='bbox 1337 4655 1435 4694; x_wconf 86' lang='lat' dir='ltr'><strong>nomen</strong></span> <span class='ocrx_word' id='word_1_440' title='bbox 1451 4636 1490 4691; x_wconf 86' lang='lat' dir='ltr'><strong>sd·</strong></span> 
     </span>
     <span class='ocr_line' id='line_1_45' title="bbox 228 4716 727 4791; baseline 0.016 -22"><span class='ocrx_word' id='word_1_441' title='bbox 228 4716 362 4784; x_wconf 86' lang='lat' dir='ltr'><strong>jectivum</strong></span> <span class='ocrx_word' id='word_1_442' title='bbox 379 4719 408 4772; x_wconf 89' lang='lat' dir='ltr'><strong>in</strong></span> <span class='ocrx_word' id='word_1_443' title='bbox 426 4723 452 4774; x_wconf 79' lang='lat' dir='ltr'><strong>a&#39;</strong></span> <span class='ocrx_word' id='word_1_444' title='bbox 467 4721 487 4773; x_wconf 74' lang='lat' dir='ltr'><strong>i’</strong></span> <span class='ocrx_word' id='word_1_445' title='bbox 505 4738 664 4791; x_wconf 85' lang='lat' dir='ltr'><strong>expressum</strong></span> <span class='ocrx_word' id='word_1_446' title='bbox 683 4722 727 4778; x_wconf 90' lang='lat' dir='ltr'><strong>sit.</strong></span> 
     </span>
    </p>

    <p class='ocr_par' dir='ltr' id='par_1_8' title="bbox 232 4805 1489 4964">
     <span class='ocr_line' id='line_1_46' title="bbox 301 4805 1489 4883; baseline 0.003 -26"><span class='ocrx_word' id='word_1_447' title='bbox 301 4805 330 4870; x_wconf 79' lang='lat'><strong>¹⁴)</strong></span> <span class='ocrx_word' id='word_1_448' title='bbox 348 4805 392 4857; x_wconf 83' lang='lat' dir='ltr'><strong>Itu</strong></span> <span class='ocrx_word' id='word_1_449' title='bbox 411 4805 453 4860; x_wconf 84' lang='lat' dir='ltr'><strong>G&#39;.</strong></span> <span class='ocrx_word' id='word_1_450' title='bbox 485 4808 542 4876; x_wconf 82' lang='grc' dir='ltr'><strong>βΓ</strong></span> <span class='ocrx_word' id='word_1_451' title='bbox 557 4812 729 4868; x_wconf 77' lang='lat' dir='ltr'><strong>observemus.-</strong></span> <span class='ocrx_word' id='word_1_452' title='bbox 751 4810 794 4863; x_wconf 90' lang='lat' dir='ltr'><strong>ed.</strong></span> <span class='ocrx_word' id='word_1_453' title='bbox 813 4815 967 4865; x_wconf 80' lang='lat' dir='ltr'><strong>absolvemus</strong></span> <span class='ocrx_word' id='word_1_454' title='bbox 984 4829 1096 4864; x_wconf 80' lang='lat' dir='ltr'><strong>errores.</strong></span> <span class='ocrx_word' id='word_1_455' title='bbox 1131 4807 1256 4864; x_wconf 79' lang='lat' dir='ltr'><strong>Graecus</strong></span> <span class='ocrx_word' id='word_1_456' title='bbox 1278 4809 1416 4883; x_wconf 77' lang='lat' dir='ltr'><strong>interpres</strong></span> <span class='ocrx_word' id='word_1_457' title='bbox 1431 4806 1489 4877; x_wconf 75' lang='lat' dir='ltr'><strong>legii</strong></span> 
     </span>
     <span class='ocr_line' id='line_1_47' title="bbox 232 4891 974 4964; baseline 0.012 -25"><span class='ocrx_word' id='word_1_458' title='bbox 232 4891 391 4943; x_wconf 75' lang='lat' dir='ltr'><strong>absolventur</strong></span> <span class='ocrx_word' id='word_1_459' title='bbox 409 4911 507 4949; x_wconf 83' lang='lat' dir='ltr'><strong>errore.</strong></span> <span class='ocrx_word' id='word_1_460' title='bbox 543 4893 606 4945; x_wconf 87' lang='lat' dir='ltr'><strong>Mox</strong></span> <span class='ocrx_word' id='word_1_461' title='bbox 625 4894 667 4946; x_wconf 82' lang='lat' dir='ltr'><strong>etl.</strong></span> <span class='ocrx_word' id='word_1_462' title='bbox 687 4901 812 4949; x_wconf 77' lang='lat' dir='ltr'><strong>eredimus</strong></span> <span class='ocrx_word' id='word_1_463' title='bbox 884 4916 974 4964; x_wconf 83' lang='lat' dir='ltr'><strong>praua.</strong></span> 
     </span>
    </p>
   </div>
   <div class='ocr_carea' id='block_1_5' title="bbox 0 0 1606 5506">
    <p class='ocr_par' dir='ltr' id='par_1_9' title="bbox 0 0 1606 5506">
     <span class='ocr_line' id='line_1_48' title="bbox 0 0 1606 5506; baseline 0 0"><span class='ocrx_word' id='word_1_464' title='bbox 0 0 1606 5506; x_wconf 95' lang='lat' dir='ltr'><strong> </strong></span> 
     </span>
    </p>
   </div>
  </div>
 </body>
</html>
