3204 5506
195 350 257 413 232
650 364 677 409 s.
695 358 830 408 snnrcrs
855 360 880 405 11
903 358 1015 405 aaran

88 533 182 583 atas.
196 519 357 583 haeretica
380 518 577 599 libertatenr3
602 538 655 578 vos
678 514 718 577 ab
741 514 841 598 ipsius
863 513 1030 576 haereseos
1052 511 1318 596 praeceptoribus
1342 513 1481 596 populos

197 622 297 686 eruite
321 619 533 685 Christianos.
586 617 743 681 Restituit
770 616 825 679 ille
853 638 909 680 ros
937 616 1028 679 aulae
1055 613 1237 699 legitimae3
1265 613 1482 699 imperatoris

192 724 266 807 jure
288 722 434 785 suffidtos
462 721 584 785 reddite
608 743 662 783 vos
690 719 845 802 magistro
867 718 1058 801 discipulum
1080 719 1113 781 et
1135 716 1242 781 sedem
1264 716 1360 782 beati
1383 740 1481 782 evan·

197 825 332 909 gelistae
360 823 462 887 Marci
490 823 529 886 ad
559 820 813 886 eornmrurionem
841 820 1016 885 beatissimi
1048 818 1136 884 Petri
1169 818 1332 905 debita⁵²)
1368 840 1482 884 eorum

159 963 164 970 -
197 926 320 991 meritis
343 926 512 990 devotione
534 925 691 989 reducite:
714 927 749 987 ut
764 925 834 1008 ipso
856 923 891 986 in
913 922 1002 987 vobis
1024 944 1104 1006 opus
1126 922 1247 986 bonum
1268 921 1480 1007 perficiente,

83 1003 183 1126 ΜΙῧῑξξ
197 1030 251 1113 qni
269 1029 383 1112 coepit,
408 1029 511 1092 securi
534 1027 644 1091 audire
664 1025 866 1090 mereamini:
891 1029 949 1101 Ovi
956 1031 1199 1105 perseveraverit
1215 1045 1312 1104 usque
1326 1031 1360 1089 in
1373 1032 1479 1104 fincta,

130 1114 136 1138 ¹
177 1115 248 1196 'dic
268 1138 369 1196 calvas
390 1137 465 1202 err't;
494 1134 526 1193 et
549 1130 588 1193 ad
611 1133 685 1193 tuae
708 1129 829 1212 gloriae
860 1116 1021 1191 cumuliun
1043 1127 1090 1190 ita
1112 1128 1180 1191 vice
1201 1126 1263 1191 Dei
1287 1126 1491 1213 praesidens,

196 1232 375 1318 mun‹l‹·›·'’³),
399 1232 555 1296 veraciter
570 1232 727 1295 exsistens
743 1229 930 1294 Divinitatis
945 1229 1099 1311 imitator,
1123 1231 1219 1313 atque
1242 1228 1354 1294 adhuc
1376 1229 1416 1293 in
1435 1251 1481 1294 re-

198 1335 257 1399 bus
279 1334 510 1418 temporalibus
534 1333 739 1416 constitutus,
765 1332 835 1415 jam
858 1331 1031 1416 experiaris
1054 1334 1087 1396 et
1108 1353 1224 1396 munus
1247 1332 1283 1396 iu
1308 1337 1482 1399 aeternam

198 1437 258 1502 tibi
281 1436 514 1501 beatitudinem
536 1440 773 1520 praeparatum.

158 1532 162 1538 ”
287 1541 336 1602 14.
375 1535 504 1624 Qiria⁵⁴l
534 1562 608 1603 voro
641 1542 757 1603 coarcta
784 1537 901 1603 litteris
929 1561 994 1602 non
1023 1541 1198 1622 potuerunt
1231 1536 1481 1623 comprehendi,

199 1664 281 1726 quae
303 1641 426 1724 negotii
449 1642 586 1725 qualitas
610 1664 675 1706 non
696 1640 775 1704 sinit
788 1640 967 1723 praeteriri,
991 1639 1147 1723 quaedam
1162 1639 1416 1724 veneratoribus
1431 1662 1482 1705 ve·

200 1743 276 1807 stris
298 1743 453 1808 fratribus
482 1748 514 1807 et
538 1744 733 1827 coepiscopis
755 1742 845 1824 meis,
875 1742 989 1826 quibus
1018 1763 1093 1805 cura
1120 1741 1298 1827 legationis
1327 1743 1482 1826 injuncta

200 1850 259 1928 est,
289 1845 417 1929 proprio
446 1847 530 1929 apud
558 1869 613 1909 vos
636 1844 762 1930 agenda
790 1866 935 1908 sermone
966 1843 1135 1909 commissa
1157 1847 1246 1908 sunt.
1285 1843 1424 1929 Precor,
1446 1848 1483 1909 ut

200 1971 238 2011 ea
266 1949 435 2031 quoqne⁵⁵l
460 1951 492 2011 et
514 1948 623 2012 audire
646 1947 818 2030 benignius
841 1950 873 2010 et
896 1946 1104 2040 indifficulter
1126 1967 1269 2010 annuere
1293 1968 1398 2029 quum
1424 1968 1482 2031 pro

201 2049 377 2114 catholicae
406 2049 611 2114 observantia
639 2049 784 2113 verittatis
812 2052 881 2112 tum
909 2049 1006 2112 etiam
1034 2069 1092 2133 pro
1115 2049 1207 2132 regni
1231 2047 1335 2113 vestri
1357 2048 1482 2114 incolu·

200 2152 313 2218 mitate
335 2152 525 2236 dignemini.

716 2339 898 2442 Epistola
924 2341 956 2422 2.

57 2474 140 2522 adas
152 2485 188 2520 m.

84 2536 166 2590 mot.
340 2492 473 2559 Felicis
494 2508 605 2575 parpao
627 2492 671 2558 ad
694 2490 862 2558 Acacium
885 2491 1338 2575 constantinopolitanum.

236 2634 362 2683 Iveuaovs
383 2632 533 2684 obseratam
552 2633 609 2694 ejas
630 2633 754 2682 silentiam
777 2632 812 2696 (a.
827 2636 838 2682 l
853 2639 877 2682 et
890 2631 929 2696 2).
950 2633 1073 2697 pontisas·
1095 2633 1230 2682 instantiae
1251 2632 1393 2693 bortatur,
1424 2600 1453 2686 it
1492 2647 1520 2701 Ρ.

235 2720 333 2790 prioris
351 2719 550 2767 conversationis
569 2733 617 2768 aon
636 2719 760 2768 mememor
777 2719 955 2783 imperatorem
967 2719 1130 2768 adtuendam
1142 2718 1452 2772 ratbodem-Iohanne·

364 2809 388 2853 et
405 2804 547 2866 pellendam
564 2802 716 2853 hoereticum
736 2803 839 2853 Petrum
857 2805 996 2855 omnirnodo
1014 2804 1148 2854 instimulet
1166 2800 1320 2867 (rab-10).

332 2939 428 2989 Felicis
445 2939 479 2987 ed
496 2939 618 2987 Aoaoium
636 2940 781 3002 episcopum
799 2954 844 3002 por
861 2941 975 2988 vitalem
993 2942 1020 2989 et
1037 2940 1163 2988 laeuum
1169 2936 1189 3001 ¹)
1207 2940 1351 3005 episcopos.

291 3075 319 3136 1.
358 3071 532 3155 Postquam
555 3077 686 3136 sanetae
708 3074 880 3136 memoriae
903 3072 1067 3136 decessore
1095 3094 1166 3137 meo
1195 3094 1283 3157 papa
1313 3072 1489 3161 Simplicio

203 3176 276 3260 dc²)
292 3175 388 3257 hujus
403 3175 488 3237 vitae
504 3196 597 3237 eursu
613 3196 752 3257 superna
767 3175 993 3258 praeceptione
1008 3174 1179 3259 migrante,
1195 3175 1387 3261 ministerii,
1402 3177 1490 3262 quod

203 3278 348 3361 regebat,
373 3276 412 3339 ad
434 3298 523 3339 meae
544 3275 736 3340 humilitatis
752 3277 894 3340 officium
909 3277 1127 3361 gubernacula
1140 3282 1377 3362 pervenerunt,
1400 3280 1490 3345 inter

204 3379 344 3441 ‹liversas
367 3379 527 3461 generalis
543 3378 708 3442 Ecclesiae
732 3401 834 3461 carrea,
858 3400 937 3462 quas
959 3378 1076 3462 ubique
1098 3383 1258 3444 terrarum
1282 3381 1416 3447 cunctis
1433 3404 1490 3468 po-

204 3479 289 3562 pulis
313 3478 504 3543 Christianis
533 3481 649 3543 summi
677 3482 815 3563 pastoris
844 3502 920 3545 voce
943 3482 1113 3566 delegante
1136 3481 1345 3546 beatissimus
1368 3480 1489 3549 Penus

205 3581 369 3663 apostolus
396 3581 545 3664 pervigili
579 3582 799 3646 moderatione
821 3583 1001 3666 dispensat,
1038 3584 1191 3647 continuo
1218 3606 1270 3648 me
1298 3584 1491 3651 sollicitudo

205 3681 360 3765 maxima,
390 3704 471 3765 quae
500 3686 532 3745 et
559 3683 835 3767 praedecessorem
863 3706 969 3749 meum
996 3686 1195 3750 incessanter
1223 3687 1390 3775 angebat,
1420 3692 1491 3755 um

204 3907 296 3957 ationis
313 3908 449 3957 restituite.
479 3907 529 3957 Ille
547 3922 590 3957 voe
608 3910 682 3957 outae
700 3910 828 3973 tepitr'mee
840 3912 952 3960 restituit
969 3911 1133 3975 imperatorie
1146 3913 1211 3974 jure
1223 3912 1365 3977 suffulto-53
1385 3915 1492 3967 reddite

205 4008 249 4043 voe
267 4009 296 4042 m.
315 3993 475 4056 discipulum
495 3994 580 4042 sedern
597 3992 666 4042 beati
684 3993 772 4044 Moror·
789 3998 959 4060 eoanpelv'ctae
978 3997 1013 4045 od
1029 4003 1079 4047 ete.

272 4074 305 4141 ⁵²)
324 4072 399 4126 Editi
412 4079 443 4127 de
456 4079 535 4133 vitae,
555 4074 583 4126 ct
601 4089 665 4125 mox
677 4081 792 4142 coeperit
803 4095 905 4138 reeore3
924 4076 959 4128 Εε
975 4083 1070 4139 demto,
1089 4076 1121 4129 Ε1
1135 4076 1168 4129 F'
1180 4082 1279 4140 devita,
1300 4079 1381 4136 unde
1392 4080 1493 4138 nocht

206 4157 297 4212 lectio.
335 4157 385 4211 use
402 4158 497 4226 lapsus
514 4157 771 4215 librariisnsitatus
789 4181 802 4213 o
820 4178 871 4229 pro
890 4164 904 4214 b
922 4161 1064 4230 pingendi.

273 4245 305 4309 ⁵³)
324 4243 368 4296 tta
386 4242 417 4295 E'
431 4243 466 4295 Εἲ
478 4242 499 4295 F
502 4246 524 4308 ²,
544 4244 573 4296 et
591 4260 655 4297 mox
674 4242 705 4294 E¹
724 4250 831 4298 existas.
868 4245 944 4298 Editi
961 4251 1086 4300 verendus
1103 4253 1239 4301 veraffler.

274 4329 305 4394 Μ)
324 4327 356 4380 Ε1
375 4327 396 4379 F
399 4330 408 4362 ²
427 4331 491 4391 Quia
509 4339 590 4380 aretem
662 4339 783 4397 poterant
857 4335 1048 4386 veneratoribus
1069 4336 1121 4385 orie
1143 4330 1189 4399 (F²
1206 4341 1423 4393 venerationibus
1444 4358 1491 4395 nte·

205 4415 286 4478 strio),
321 4412 397 4464 Editi
417 4415 490 4476 Quod
507 4432 565 4466 vero
639 4425 776 4481 potuerunt
847 4420 1030 4470 venerabilibus
1049 4421 1152 4469 nostris.

274 4499 305 4551 ³⁵l
325 4497 368 4549 lta
386 4497 417 4549 Et
431 4498 473 4550 E'.
510 4498 586 4551 Editi
604 4519 717 4568 quaeqae
791 4505 911 4569 devipnar
985 4513 1034 4554 tum
1050 4501 1109 4568 prd.

277 4583 294 4647 ¹)
313 4582 344 4633 ln
357 4581 448 4635 Gelas.
459 4584 541 4637 tract.
555 4585 566 4636 l
580 4586 654 4651 (pest.
667 4591 699 4637 de
713 4606 776 4640 nova.
786 4592 879 4639 Acoeti
887 4603 912 4639 n.
924 4589 966 4652 13)
979 4585 1199 4641 vocaturVitalis
1211 4595 1356 4662 epiecopus
1371 4598 1491 4651 M

208 4684 253 4717 aas
266 4685 300 4718 er
313 4670 409 4718 Piceno
427 4674 531 4735 repione
544 4670 573 4720 et
583 4668 705 4722 Misenus
720 4675 845 4724 Cremonae
858 4677 980 4725 eeclesiae
993 4677 1127 4740 episcopm
1145 4691 1181 4725 etr
1197 4680 1307 4742 reptare
1319 4681 1507 4750 δαμείη..

275 4750 295 4816 ²)
309 4749 352 4802 lca
363 4750 396 4823 tl*
410 4750 444 4803 E²
456 4750 503 4817 F’,
521 4751 574 4804 nisi
586 4754 661 4819 quod
673 4754 708 4806 E²
720 4759 825 4822 tepebat,
844 4755 878 4807 F²
895 4760 1028 4822 torpebat,
1051 4758 1079 4809 et
1091 4772 1156 4809 mox
1168 4756 1204 4811 E*
1215 4757 1263 4825 F',
1276 4780 1388 4833 pomp.
1399 4775 1491 4826 eum,

207 4832 239 4886 E¹
260 4854 333 4902 quarn
351 4855 398 4904 que
416 4846 505 4890 statae.
541 4837 618 4890 Editi
636 4843 668 4892 de
686 4845 752 4893 vitoe
826 4846 851 4893 in
870 4844 986 4893 diversos
1059 4830 1221 4902 incessanter
1238 4850 1352 4915 serpebat
1364 4887 1405 4905 ...
1417 4868 1492 4921 qm

125 4946 130 4951 ·
206 4929 288 4972 statvo
360 4926 471 4988 repiorn's
490 4928 601 4989 excepit.
