<?xml version="1.0" encoding="UTF-8"?>
<!DOCTYPE html PUBLIC "-//W3C//DTD XHTML 1.0 Transitional//EN"
    "http://www.w3.org/TR/xhtml1/DTD/xhtml1-transitional.dtd">
<html xmlns="http://www.w3.org/1999/xhtml" xml:lang="en" lang="en">
 <head>
  <title>
</title>
<meta http-equiv="Content-Type" content="text/html;charset=utf-8" />
  <meta name='ocr-system' content='tesseract 3.04.00' />
  <meta name='ocr-capabilities' content='ocr_page ocr_carea ocr_par ocr_line ocrx_word'/>
</head>
<body>
  <div class='ocr_page' id='page_1' title='image "./epistolaeromano00thiegoog/epistolaeromano00thiegoog_0768.png"; bbox 0 0 3204 5506; ppageno 0'>
   <div class='ocr_carea' id='block_1_1' title="bbox 523 332 1281 402">
    <p class='ocr_par' dir='ltr' id='par_1_1' title="bbox 523 332 1281 402">
     <span class='ocr_line' id='line_1_1' title="bbox 523 332 1281 402; baseline 0 -3"><span class='ocrx_word' id='word_1_1' title='bbox 523 350 695 402; x_wconf 71' lang='lat' dir='ltr'><strong>sersaoni</strong></span> <span class='ocrx_word' id='word_1_2' title='bbox 720 333 770 400; x_wconf 85' lang='lat'><strong>13.</strong></span> <span class='ocrx_word' id='word_1_3' title='bbox 1092 346 1104 356; x_wconf 91' lang='lat'><strong>·</strong></span> <span class='ocrx_word' id='word_1_4' title='bbox 1218 332 1281 401; x_wconf 76' lang='grc'><strong>719</strong></span> 
     </span>
    </p>
   </div>
   <div class='ocr_carea' id='block_1_2' title="bbox 100 504 1384 897">
    <p class='ocr_par' dir='ltr' id='par_1_2' title="bbox 100 493 1384 897">
     <span class='ocr_line' id='line_1_2' title="bbox 100 504 1384 591; baseline -0.005 -21"><span class='ocrx_word' id='word_1_5' title='bbox 100 527 144 570; x_wconf 80' lang='lat' dir='ltr'><strong>&gt;re</strong></span> <span class='ocrx_word' id='word_1_6' title='bbox 170 505 296 591; x_wconf 87' lang='lat' dir='ltr'><strong>peccati</strong></span> <span class='ocrx_word' id='word_1_7' title='bbox 324 504 422 570; x_wconf 87' lang='lat' dir='ltr'><strong>finem</strong></span> <span class='ocrx_word' id='word_1_8' title='bbox 449 506 553 570; x_wconf 88' lang='lat' dir='ltr'><strong>saneti</strong></span> <span class='ocrx_word' id='word_1_9' title='bbox 581 505 729 570; x_wconf 72' lang='lat' dir='ltr'><strong>Flaviani</strong></span> <span class='ocrx_word' id='word_1_10' title='bbox 756 509 906 590; x_wconf 87' lang='lat' dir='ltr'><strong>operatus</strong></span> <span class='ocrx_word' id='word_1_11' title='bbox 932 505 1084 571; x_wconf 91' lang='lat' dir='ltr'><strong>innotuit.</strong></span> <span class='ocrx_word' id='word_1_12' title='bbox 1129 505 1279 572; x_wconf 86' lang='lat' dir='ltr'><strong>Tacenda</strong></span> <span class='ocrx_word' id='word_1_13' title='bbox 1292 517 1384 565; x_wconf 76' lang='lat' dir='ltr'><strong>aare</strong></span> 
     </span>
     <span class='ocr_line' id='line_1_3' title="bbox 111 606 1277 693; baseline 0.001 -21"><span class='ocrx_word' id='word_1_14' title='bbox 111 607 304 672; x_wconf 90' lang='lat' dir='ltr'><strong>Antiochiae</strong></span> <span class='ocrx_word' id='word_1_15' title='bbox 325 608 426 690; x_wconf 87' lang='lat' dir='ltr'><strong>mala,</strong></span> <span class='ocrx_word' id='word_1_16' title='bbox 450 608 505 672; x_wconf 91' lang='lat' dir='ltr'><strong>ubi</strong></span> <span class='ocrx_word' id='word_1_17' title='bbox 527 629 585 693; x_wconf 88' lang='lat' dir='ltr'><strong>per</strong></span> <span class='ocrx_word' id='word_1_18' title='bbox 606 608 737 674; x_wconf 85' lang='lat' dir='ltr'><strong>alterius</strong></span> <span class='ocrx_word' id='word_1_19' title='bbox 758 608 846 672; x_wconf 89' lang='lat' dir='ltr'><strong>Petri</strong></span> <span class='ocrx_word' id='word_1_20' title='bbox 868 608 1011 673; x_wconf 88' lang='lat' dir='ltr'><strong>nefanda</strong></span> <span class='ocrx_word' id='word_1_21' title='bbox 1032 606 1170 672; x_wconf 90' lang='lat' dir='ltr'><strong>ludibria</strong></span> <span class='ocrx_word' id='word_1_22' title='bbox 1191 630 1277 673; x_wconf 84' lang='lat' dir='ltr'><strong>reve-</strong></span> 
     </span>
     <span class='ocr_line' id='line_1_4' title="bbox 100 708 1279 796; baseline -0.001 -22"><span class='ocrx_word' id='word_1_23' title='bbox 100 708 195 795; x_wconf 79' lang='lat' dir='ltr'><strong>1m¹²)</strong></span> <span class='ocrx_word' id='word_1_24' title='bbox 222 709 393 785; x_wconf 85' lang='lat' dir='ltr'><strong>sacerdotii</strong></span> <span class='ocrx_word' id='word_1_25' title='bbox 420 731 538 774; x_wconf 92' lang='lat' dir='ltr'><strong>nomen</strong></span> <span class='ocrx_word' id='word_1_26' title='bbox 571 710 699 775; x_wconf 90' lang='lat' dir='ltr'><strong>irrisum</strong></span> <span class='ocrx_word' id='word_1_27' title='bbox 728 713 787 775; x_wconf 90' lang='lat' dir='ltr'><strong>cst.</strong></span> <span class='ocrx_word' id='word_1_28' title='bbox 840 708 917 786; x_wconf 81' lang='lat' dir='ltr'><strong>Quis</strong></span> <span class='ocrx_word' id='word_1_29' title='bbox 946 711 1109 794; x_wconf 79' lang='lat' dir='ltr'><strong>Apameae</strong></span> <span class='ocrx_word' id='word_1_30' title='bbox 1142 714 1176 774; x_wconf 91' lang='lat' dir='ltr'><strong>et</strong></span> <span class='ocrx_word' id='word_1_31' title='bbox 1202 710 1279 796; x_wconf 81' lang='lat' dir='ltr'><strong>Tyri</strong></span> 
     </span>
     <span class='ocr_line' id='line_1_5' title="bbox 100 810 1280 897; baseline 0.001 -22"><span class='ocrx_word' id='word_1_32' title='bbox 100 813 168 896; x_wconf 87' lang='lat' dir='ltr'><strong>tus,</strong></span> <span class='ocrx_word' id='word_1_33' title='bbox 190 813 325 897; x_wconf 76' lang='lat' dir='ltr'>tragicis</span> <span class='ocrx_word' id='word_1_34' title='bbox 349 811 534 876; x_wconf 82' lang='lat' dir='ltr'><strong>criminibus</strong></span> <span class='ocrx_word' id='word_1_35' title='bbox 557 812 804 896; x_wconf 87' lang='lat' dir='ltr'><strong>comparandos,</strong></span> <span class='ocrx_word' id='word_1_36' title='bbox 827 810 878 876; x_wconf 88' lang='lat' dir='ltr'><strong>vel</strong></span> <span class='ocrx_word' id='word_1_37' title='bbox 900 812 927 876; x_wconf 88' lang='lat' dir='ltr'><strong>si</strong></span> <span class='ocrx_word' id='word_1_38' title='bbox 949 812 1027 876; x_wconf 88' lang='lat' dir='ltr'><strong>solis</strong></span> <span class='ocrx_word' id='word_1_39' title='bbox 1048 814 1156 897; x_wconf 88' lang='lat' dir='ltr'><strong>vacet,</strong></span> <span class='ocrx_word' id='word_1_40' title='bbox 1180 812 1280 897; x_wconf 89' lang='lat' dir='ltr'><strong>digna</strong></span> 
     </span>
    </p>
   </div>
   <div class='ocr_carea' id='block_1_3' title="bbox 100 911 1280 999">
    <p class='ocr_par' dir='ltr' id='par_1_3' title="bbox 100 911 1280 999">
     <span class='ocr_line' id='line_1_6' title="bbox 100 911 1280 999; baseline 0.002 -23"><span class='ocrx_word' id='word_1_41' title='bbox 100 915 114 976; x_wconf 87' lang='lat' dir='ltr'><strong>t</strong></span> <span class='ocrx_word' id='word_1_42' title='bbox 135 913 367 978; x_wconf 86' lang='lat' dir='ltr'><strong>lamentatione</strong></span> <span class='ocrx_word' id='word_1_43' title='bbox 389 912 528 977; x_wconf 79' lang='lat' dir='ltr'><strong>deflere?</strong></span> <span class='ocrx_word' id='word_1_44' title='bbox 564 913 693 999; x_wconf 61' lang='lat' dir='ltr'><strong>undu)</strong></span> <span class='ocrx_word' id='word_1_45' title='bbox 716 911 894 978; x_wconf 82' lang='lat' dir='ltr'><strong>Acacium?</strong></span> <span class='ocrx_word' id='word_1_46' title='bbox 930 912 990 989; x_wconf 82' lang='lat' dir='ltr'><strong>Qui</strong></span> <span class='ocrx_word' id='word_1_47' title='bbox 1012 914 1104 999; x_wconf 92' lang='lat' dir='ltr'><strong>quasi</strong></span> <span class='ocrx_word' id='word_1_48' title='bbox 1132 914 1209 978; x_wconf 89' lang='lat' dir='ltr'><strong>boni</strong></span> <span class='ocrx_word' id='word_1_49' title='bbox 1231 915 1280 978; x_wconf 90' lang='lat' dir='ltr'><strong>sui</strong></span> 
     </span>
    </p>
   </div>
   <div class='ocr_carea' id='block_1_4' title="bbox 99 1014 1280 2326">
    <p class='ocr_par' dir='ltr' id='par_1_4' title="bbox 100 1014 1280 1814">
     <span class='ocr_line' id='line_1_7' title="bbox 100 1014 1280 1101; baseline 0 -21"><span class='ocrx_word' id='word_1_50' title='bbox 100 1037 137 1080; x_wconf 83' lang='lat'><strong>10</strong></span> <span class='ocrx_word' id='word_1_51' title='bbox 158 1019 322 1101; x_wconf 57' lang='lat' dir='ltr'><strong>maratus,</strong></span> <span class='ocrx_word' id='word_1_52' title='bbox 346 1037 427 1099; x_wconf 88' lang='lat' dir='ltr'><strong>qnae</strong></span> <span class='ocrx_word' id='word_1_53' title='bbox 449 1014 605 1080; x_wconf 86' lang='lat' dir='ltr'><strong>Basilisco</strong></span> <span class='ocrx_word' id='word_1_54' title='bbox 626 1015 806 1100; x_wconf 81' lang='lat' dir='ltr'><strong>imperante</strong></span> <span class='ocrx_word' id='word_1_55' title='bbox 827 1016 1048 1100; x_wconf 84' lang='lat' dir='ltr'><strong>praemiserat,</strong></span> <span class='ocrx_word' id='word_1_56' title='bbox 1072 1037 1155 1080; x_wconf 88' lang='lat' dir='ltr'><strong>novo</strong></span> <span class='ocrx_word' id='word_1_57' title='bbox 1176 1037 1280 1080; x_wconf 82' lang='lat' dir='ltr'><strong>exem-</strong></span> 
     </span>
     <span class='ocr_line' id='line_1_8' title="bbox 100 1116 1280 1202; baseline 0.003 -24"><span class='ocrx_word' id='word_1_58' title='bbox 100 1138 209 1181; x_wconf 75' lang='lat' dir='ltr'><strong>›oenae</strong></span> <span class='ocrx_word' id='word_1_59' title='bbox 232 1116 449 1202; x_wconf 90' lang='lat' dir='ltr'><strong>deprehensus</strong></span> <span class='ocrx_word' id='word_1_60' title='bbox 465 1120 514 1182; x_wconf 90' lang='lat' dir='ltr'><strong>est</strong></span> <span class='ocrx_word' id='word_1_61' title='bbox 529 1117 680 1183; x_wconf 87' lang='lat' dir='ltr'><strong>adversus</strong></span> <span class='ocrx_word' id='word_1_62' title='bbox 695 1117 835 1201; x_wconf 87' lang='lat' dir='ltr'><strong>scipsum</strong></span> <span class='ocrx_word' id='word_1_63' title='bbox 850 1117 960 1182; x_wconf 89' lang='lat' dir='ltr'><strong>dicens</strong></span> <span class='ocrx_word' id='word_1_64' title='bbox 976 1118 1185 1183; x_wconf 88' lang='lat' dir='ltr'><strong>sententiam:</strong></span> <span class='ocrx_word' id='word_1_65' title='bbox 1207 1117 1280 1182; x_wconf 90' lang='lat' dir='ltr'><strong>illos</strong></span> 
     </span>
     <span class='ocr_line' id='line_1_9' title="bbox 100 1213 1279 1306; baseline 0.001 -23"><span class='ocrx_word' id='word_1_66' title='bbox 100 1222 136 1283; x_wconf 88' lang='lat' dir='ltr'><strong>ta</strong></span> <span class='ocrx_word' id='word_1_67' title='bbox 154 1220 320 1283; x_wconf 89' lang='lat' dir='ltr'><strong>voluntate</strong></span> <span class='ocrx_word' id='word_1_68' title='bbox 335 1219 521 1304; x_wconf 73' lang='lat' dir='ltr'><strong>defendam,</strong></span> <span class='ocrx_word' id='word_1_69' title='bbox 544 1241 622 1303; x_wconf 88' lang='lat' dir='ltr'><strong>quoe</strong></span> <span class='ocrx_word' id='word_1_70' title='bbox 636 1213 725 1303; x_wconf 83' lang='lat' dir='ltr'><strong>prius</strong></span> <span class='ocrx_word' id='word_1_71' title='bbox 740 1219 915 1305; x_wconf 85' lang='lat' dir='ltr'><strong>gloriosum</strong></span> <span class='ocrx_word' id='word_1_72' title='bbox 929 1220 1057 1304; x_wconf 88' lang='lat' dir='ltr'><strong>putavit</strong></span> <span class='ocrx_word' id='word_1_73' title='bbox 1074 1220 1279 1306; x_wconf 80' lang='lat' dir='ltr'><strong>addicere¹⁴),</strong></span> 
     </span>
     <span class='ocr_line' id='line_1_10' title="bbox 100 1307 1279 1406; baseline 0.001 -22"><span class='ocrx_word' id='word_1_74' title='bbox 100 1319 216 1385; x_wconf 89' lang='lat' dir='ltr'><strong>borane</strong></span> <span class='ocrx_word' id='word_1_75' title='bbox 239 1322 360 1386; x_wconf 89' lang='lat' dir='ltr'><strong>sociare</strong></span> <span class='ocrx_word' id='word_1_76' title='bbox 382 1320 539 1405; x_wconf 89' lang='lat' dir='ltr'><strong>fidelibus,</strong></span> <span class='ocrx_word' id='word_1_77' title='bbox 562 1343 641 1405; x_wconf 91' lang='lat' dir='ltr'><strong>quos</strong></span> <span class='ocrx_word' id='word_1_78' title='bbox 656 1321 775 1385; x_wconf 92' lang='lat' dir='ltr'><strong>dudum</strong></span> <span class='ocrx_word' id='word_1_79' title='bbox 789 1307 973 1386; x_wconf 69' lang='lat' dir='ltr'><strong>haereticae</strong></span> <span class='ocrx_word' id='word_1_80' title='bbox 984 1321 1175 1386; x_wconf 88' lang='lat' dir='ltr'><strong>manifestae</strong></span> <span class='ocrx_word' id='word_1_81' title='bbox 1187 1343 1279 1406; x_wconf 90' lang='lat' dir='ltr'><strong>prae-</strong></span> 
     </span>
     <span class='ocr_line' id='line_1_11' title="bbox 100 1421 1280 1508; baseline 0.001 -22"><span class='ocrx_word' id='word_1_82' title='bbox 100 1421 218 1486; x_wconf 87' lang='lat' dir='ltr'><strong>ationis</strong></span> <span class='ocrx_word' id='word_1_83' title='bbox 250 1423 449 1508; x_wconf 84' lang='lat' dir='ltr'><strong>ostenderat3</strong></span> <span class='ocrx_word' id='word_1_84' title='bbox 485 1424 665 1508; x_wconf 77' lang='lat' dir='ltr'><strong>propter¹⁵)</strong></span> <span class='ocrx_word' id='word_1_85' title='bbox 697 1445 775 1508; x_wconf 89' lang='lat' dir='ltr'><strong>quos</strong></span> <span class='ocrx_word' id='word_1_86' title='bbox 803 1423 940 1488; x_wconf 82' lang='lat' dir='ltr'><strong>maxime</strong></span> <span class='ocrx_word' id='word_1_87' title='bbox 966 1423 1139 1508; x_wconf 86' lang='lat' dir='ltr'><strong>fugiendus</strong></span> <span class='ocrx_word' id='word_1_88' title='bbox 1168 1427 1201 1488; x_wconf 94' lang='lat' dir='ltr'><strong>et</strong></span> <span class='ocrx_word' id='word_1_89' title='bbox 1227 1423 1280 1487; x_wconf 91' lang='lat' dir='ltr'><strong>de·</strong></span> 
     </span>
     <span class='ocr_line' id='line_1_12' title="bbox 100 1525 1279 1610; baseline 0.002 -24"><span class='ocrx_word' id='word_1_90' title='bbox 100 1527 141 1588; x_wconf 80' lang='lat' dir='ltr'><strong>‚to</strong></span> <span class='ocrx_word' id='word_1_91' title='bbox 163 1525 308 1610; x_wconf 89' lang='lat' dir='ltr'><strong>superius</strong></span> <span class='ocrx_word' id='word_1_92' title='bbox 329 1526 553 1590; x_wconf 89' lang='lat' dir='ltr'><strong>damnatorum</strong></span> <span class='ocrx_word' id='word_1_93' title='bbox 568 1525 691 1610; x_wconf 87' lang='lat' dir='ltr'><strong>agmini</strong></span> <span class='ocrx_word' id='word_1_94' title='bbox 707 1526 938 1610; x_wconf 80' lang='lat' dir='ltr'><strong>coaequandus,</strong></span> <span class='ocrx_word' id='word_1_95' title='bbox 961 1525 1028 1610; x_wconf 92' lang='lat' dir='ltr'><strong>illa,</strong></span> <span class='ocrx_word' id='word_1_96' title='bbox 1051 1529 1183 1610; x_wconf 90' lang='lat' dir='ltr'><strong>propter</strong></span> <span class='ocrx_word' id='word_1_97' title='bbox 1198 1547 1279 1609; x_wconf 90' lang='lat' dir='ltr'><strong>quae</strong></span> 
     </span>
     <span class='ocr_line' id='line_1_13' title="bbox 100 1626 1280 1712; baseline 0.002 -23"><span class='ocrx_word' id='word_1_98' title='bbox 100 1647 115 1689; x_wconf 90' lang='lat' dir='ltr'><strong>s</strong></span> <span class='ocrx_word' id='word_1_99' title='bbox 136 1627 292 1711; x_wconf 87' lang='lat' dir='ltr'><strong>probatus</strong></span> <span class='ocrx_word' id='word_1_100' title='bbox 314 1633 458 1711; x_wconf 87' lang='lat' dir='ltr'><strong>estesse,</strong></span> <span class='ocrx_word' id='word_1_101' title='bbox 482 1626 669 1710; x_wconf 80' lang='lat' dir='ltr'><strong>dissolvens,</strong></span> <span class='ocrx_word' id='word_1_102' title='bbox 693 1630 726 1691; x_wconf 91' lang='lat' dir='ltr'><strong>et</strong></span> <span class='ocrx_word' id='word_1_103' title='bbox 739 1629 915 1711; x_wconf 83' lang='lat' dir='ltr'><strong>permixtus</strong></span> <span class='ocrx_word' id='word_1_104' title='bbox 930 1626 992 1712; x_wconf 88' lang='lat' dir='ltr'><strong>his,</strong></span> <span class='ocrx_word' id='word_1_105' title='bbox 1015 1649 1073 1711; x_wconf 90' lang='lat' dir='ltr'><strong>per</strong></span> <span class='ocrx_word' id='word_1_106' title='bbox 1086 1649 1168 1712; x_wconf 84' lang='lat' dir='ltr'><strong>quae</strong></span> <span class='ocrx_word' id='word_1_107' title='bbox 1182 1627 1280 1692; x_wconf 89' lang='lat' dir='ltr'><strong>laesio</strong></span> 
     </span>
     <span class='ocr_line' id='line_1_14' title="bbox 100 1728 499 1814; baseline 0.008 -23"><span class='ocrx_word' id='word_1_108' title='bbox 100 1728 176 1792; x_wconf 68' lang='lat' dir='ltr'><strong>raiae</strong></span> <span class='ocrx_word' id='word_1_109' title='bbox 198 1730 359 1814; x_wconf 85' lang='lat' dir='ltr'><strong>generalis</strong></span> <span class='ocrx_word' id='word_1_110' title='bbox 382 1729 499 1794; x_wconf 91' lang='lat' dir='ltr'><strong>evenit.</strong></span> 
     </span>
    </p>

    <p class='ocr_par' dir='ltr' id='par_1_5' title="bbox 99 1830 1280 2326">
     <span class='ocr_line' id='line_1_15' title="bbox 100 1830 1278 1916; baseline 0.004 -22"><span class='ocrx_word' id='word_1_111' title='bbox 100 1830 125 1895; x_wconf 84' lang='lat'><strong>3.</strong></span> <span class='ocrx_word' id='word_1_112' title='bbox 160 1831 323 1896; x_wconf 89' lang='lat' dir='ltr'><strong>Adversus</strong></span> <span class='ocrx_word' id='word_1_113' title='bbox 344 1832 402 1896; x_wconf 87' lang='lat' dir='ltr'><strong>hos</strong></span> <span class='ocrx_word' id='word_1_114' title='bbox 425 1833 453 1896; x_wconf 92' lang='lat' dir='ltr'><strong>si</strong></span> <span class='ocrx_word' id='word_1_115' title='bbox 474 1835 604 1916; x_wconf 88' lang='lat' dir='ltr'><strong>patrum</strong></span> <span class='ocrx_word' id='word_1_116' title='bbox 626 1831 778 1916; x_wconf 89' lang='lat' dir='ltr'><strong>dogmata</strong></span> <span class='ocrx_word' id='word_1_117' title='bbox 799 1831 882 1896; x_wconf 91' lang='lat' dir='ltr'><strong>ratio</strong></span> <span class='ocrx_word' id='word_1_118' title='bbox 898 1832 1011 1897; x_wconf 80' lang='lat' dir='ltr'><strong>suadet</strong></span> <span class='ocrx_word' id='word_1_119' title='bbox 1026 1848 1095 1897; x_wconf 83' lang='lat' dir='ltr'><strong>esse</strong></span> <span class='ocrx_word' id='word_1_120' title='bbox 1110 1833 1278 1915; x_wconf 83' lang='lat' dir='ltr'><strong>servanda,</strong></span> 
     </span>
     <span class='ocr_line' id='line_1_16' title="bbox 100 1933 1280 2018; baseline 0.002 -22"><span class='ocrx_word' id='word_1_121' title='bbox 100 1935 166 2017; x_wconf 87' lang='lat' dir='ltr'><strong>ete,</strong></span> <span class='ocrx_word' id='word_1_122' title='bbox 200 1935 227 1998; x_wconf 90' lang='lat' dir='ltr'><strong>si</strong></span> <span class='ocrx_word' id='word_1_123' title='bbox 256 1937 390 2017; x_wconf 90' lang='lat' dir='ltr'><strong>possunt</strong></span> <span class='ocrx_word' id='word_1_124' title='bbox 418 1956 456 1998; x_wconf 91' lang='lat' dir='ltr'><strong>ea</strong></span> <span class='ocrx_word' id='word_1_125' title='bbox 478 1934 591 2017; x_wconf 86' lang='lat' dir='ltr'><strong>majori</strong></span> <span class='ocrx_word' id='word_1_126' title='bbox 613 1935 869 2018; x_wconf 73' lang='lat' dir='ltr'><strong>transgressione</strong></span> <span class='ocrx_word' id='word_1_127' title='bbox 898 1933 1031 2018; x_wconf 89' lang='lat' dir='ltr'><strong>calcari,</strong></span> <span class='ocrx_word' id='word_1_128' title='bbox 1068 1956 1165 2018; x_wconf 88' lang='lat' dir='ltr'><strong>quam</strong></span> <span class='ocrx_word' id='word_1_129' title='bbox 1192 1956 1280 1998; x_wconf 91' lang='lat' dir='ltr'><strong>nune</strong></span> 
     </span>
     <span class='ocr_line' id='line_1_17' title="bbox 100 2035 1279 2122; baseline 0.001 -25"><span class='ocrx_word' id='word_1_130' title='bbox 100 2056 159 2118; x_wconf 67' lang='lat' dir='ltr'><strong>ros,</strong></span> <span class='ocrx_word' id='word_1_131' title='bbox 183 2036 237 2119; x_wconf 92' lang='lat' dir='ltr'><strong>qui</strong></span> <span class='ocrx_word' id='word_1_132' title='bbox 259 2036 294 2100; x_wconf 93' lang='lat' dir='ltr'><strong>in</strong></span> <span class='ocrx_word' id='word_1_133' title='bbox 316 2037 462 2119; x_wconf 85' lang='lat' dir='ltr'><strong>partibus</strong></span> <span class='ocrx_word' id='word_1_134' title='bbox 490 2035 604 2100; x_wconf 88' lang='lat' dir='ltr'><strong>vestris</strong></span> <span class='ocrx_word' id='word_1_135' title='bbox 626 2035 815 2120; x_wconf 82' lang='lat' dir='ltr'><strong>Eutychetis</strong></span> <span class='ocrx_word' id='word_1_136' title='bbox 838 2036 990 2121; x_wconf 88' lang='lat' dir='ltr'><strong>dogmata</strong></span> <span class='ocrx_word' id='word_1_137' title='bbox 1016 2035 1157 2100; x_wconf 87' lang='lat' dir='ltr'><strong>recidiva</strong></span> <span class='ocrx_word' id='word_1_138' title='bbox 1165 2035 1204 2122; x_wconf 80' lang='grc'><strong>16)</strong></span> <span class='ocrx_word' id='word_1_139' title='bbox 1232 2058 1279 2099; x_wconf 91' lang='lat' dir='ltr'><strong>re-</strong></span> 
     </span>
     <span class='ocr_line' id='line_1_18' title="bbox 100 2135 1279 2224; baseline 0 -24"><span class='ocrx_word' id='word_1_140' title='bbox 100 2139 179 2201; x_wconf 90' lang='lat' dir='ltr'><strong>tent.</strong></span> <span class='ocrx_word' id='word_1_141' title='bbox 225 2135 259 2202; x_wconf 82' lang='lat' dir='ltr'><strong>Si</strong></span> <span class='ocrx_word' id='word_1_142' title='bbox 282 2159 356 2204; x_wconf 87' lang='lat' dir='ltr'><strong>vero</strong></span> <span class='ocrx_word' id='word_1_143' title='bbox 383 2142 547 2223; x_wconf 87' lang='lat' dir='ltr'><strong>tamquam</strong></span> <span class='ocrx_word' id='word_1_144' title='bbox 575 2138 701 2201; x_wconf 92' lang='lat' dir='ltr'><strong>infirme</strong></span> <span class='ocrx_word' id='word_1_145' title='bbox 730 2138 971 2224; x_wconf 84' lang='lat' dir='ltr'><strong>constitutae¹⁷)</strong></span> <span class='ocrx_word' id='word_1_146' title='bbox 1003 2138 1182 2202; x_wconf 87' lang='lat' dir='ltr'><strong>sententiae</strong></span> <span class='ocrx_word' id='word_1_147' title='bbox 1210 2138 1279 2201; x_wconf 85' lang='lat' dir='ltr'><strong>sine</strong></span> 
     </span>
     <span class='ocr_line' id='line_1_19' title="bbox 99 2239 1280 2326; baseline -0.001 -23"><span class='ocrx_word' id='word_1_148' title='bbox 99 2239 152 2305; x_wconf 92' lang='lat' dir='ltr'><strong>ulo</strong></span> <span class='ocrx_word' id='word_1_149' title='bbox 174 2240 396 2325; x_wconf 73' lang='lat' dir='ltr'><strong>negligrmtur,</strong></span> <span class='ocrx_word' id='word_1_150' title='bbox 420 2241 501 2304; x_wconf 89' lang='lat' dir='ltr'><strong>citra</strong></span> <span class='ocrx_word' id='word_1_151' title='bbox 523 2240 622 2304; x_wconf 88' lang='lat' dir='ltr'><strong>ullum</strong></span> <span class='ocrx_word' id='word_1_152' title='bbox 637 2240 734 2304; x_wconf 87' lang='lat' dir='ltr'><strong>robur</strong></span> <span class='ocrx_word' id='word_1_153' title='bbox 749 2239 948 2304; x_wconf 70' lang='lat' dir='ltr'><strong>credulitatis</strong></span> <span class='ocrx_word' id='word_1_154' title='bbox 962 2239 1139 2326; x_wconf 65' lang='lat' dir='ltr'><strong>nostraeffl)</strong></span> <span class='ocrx_word' id='word_1_155' title='bbox 1155 2261 1280 2304; x_wconf 84' lang='lat' dir='ltr'><strong>summa</strong></span> 
     </span>
    </p>
   </div>
   <div class='ocr_carea' id='block_1_5' title="bbox 100 2443 1280 4985">
    <p class='ocr_par' dir='ltr' id='par_1_6' title="bbox 100 2443 1280 4985">
     <span class='ocr_line' id='line_1_20' title="bbox 100 2443 1279 2513; baseline 0.003 -19"><span class='ocrx_word' id='word_1_156' title='bbox 100 2458 140 2498; x_wconf 74' lang='lat' dir='ltr'><strong>»co</strong></span> <span class='ocrx_word' id='word_1_157' title='bbox 159 2443 295 2512; x_wconf 90' lang='lat' dir='ltr'><strong>sequitur:</strong></span> <span class='ocrx_word' id='word_1_158' title='bbox 324 2447 350 2496; x_wconf 88' lang='lat'><strong>1⁰</strong></span> <span class='ocrx_word' id='word_1_159' title='bbox 368 2447 400 2497; x_wconf 88' lang='lat' dir='ltr'><strong>ut</strong></span> <span class='ocrx_word' id='word_1_160' title='bbox 416 2443 530 2498; x_wconf 88' lang='lat' dir='ltr'><strong>Petrum</strong></span> <span class='ocrx_word' id='word_1_161' title='bbox 547 2444 680 2513; x_wconf 83' lang='lat' dir='ltr'><strong>Mongum</strong></span> <span class='ocrx_word' id='word_1_162' title='bbox 698 2443 789 2498; x_wconf 86' lang='lat' dir='ltr'><strong>adhuc</strong></span> <span class='ocrx_word' id='word_1_163' title='bbox 806 2443 954 2498; x_wconf 89' lang='lat' dir='ltr'><strong>diaconum</strong></span> <span class='ocrx_word' id='word_1_164' title='bbox 970 2443 1132 2511; x_wconf 91' lang='lat' dir='ltr'><strong>Dioscorus,</strong></span> <span class='ocrx_word' id='word_1_165' title='bbox 1151 2443 1279 2511; x_wconf 88' lang='lat' dir='ltr'><strong>quicum</strong></span> 
     </span>
     <span class='ocr_line' id='line_1_21' title="bbox 101 2527 1279 2599; baseline 0.001 -18"><span class='ocrx_word' id='word_1_166' title='bbox 101 2527 234 2582; x_wconf 84' lang='lat' dir='ltr'><strong>Liberata</strong></span> <span class='ocrx_word' id='word_1_167' title='bbox 257 2546 279 2582; x_wconf 89' lang='lat' dir='ltr'><strong>c.</strong></span> <span class='ocrx_word' id='word_1_168' title='bbox 305 2534 337 2582; x_wconf 77' lang='lat'><strong>15</strong></span> <span class='ocrx_word' id='word_1_169' title='bbox 360 2528 516 2596; x_wconf 86' lang='lat' dir='ltr'><strong>ordinarat,</strong></span> <span class='ocrx_word' id='word_1_170' title='bbox 539 2547 632 2584; x_wconf 86' lang='lat' dir='ltr'><strong>secum</strong></span> <span class='ocrx_word' id='word_1_171' title='bbox 656 2529 693 2583; x_wconf 89' lang='lat' dir='ltr'><strong>ad</strong></span> <span class='ocrx_word' id='word_1_172' title='bbox 715 2528 885 2599; x_wconf 81' lang='lat' dir='ltr'><strong>Ephesinum</strong></span> <span class='ocrx_word' id='word_1_173' title='bbox 906 2527 1083 2583; x_wconf 88' lang='lat' dir='ltr'><strong>latrocinium</strong></span> <span class='ocrx_word' id='word_1_174' title='bbox 1105 2528 1279 2598; x_wconf 84' lang='lat' dir='ltr'><strong>perduxerit;</strong></span> 
     </span>
     <span class='ocr_line' id='line_1_22' title="bbox 101 2612 1278 2685; baseline 0.002 -20"><span class='ocrx_word' id='word_1_175' title='bbox 101 2612 143 2666; x_wconf 92' lang='lat' dir='ltr'><strong>ibi</strong></span> <span class='ocrx_word' id='word_1_176' title='bbox 154 2613 253 2666; x_wconf 90' lang='lat' dir='ltr'><strong>Petrus</strong></span> <span class='ocrx_word' id='word_1_177' title='bbox 265 2613 391 2667; x_wconf 85' lang='lat' dir='ltr'><strong>Flaviani</strong></span> <span class='ocrx_word' id='word_1_178' title='bbox 403 2613 477 2668; x_wconf 87' lang='lat' dir='ltr'><strong>necis</strong></span> <span class='ocrx_word' id='word_1_179' title='bbox 494 2615 661 2685; x_wconf 88' lang='lat' dir='ltr'><strong>praecipuus</strong></span> <span class='ocrx_word' id='word_1_180' title='bbox 672 2613 800 2667; x_wconf 85' lang='lat' dir='ltr'><strong>minister</strong></span> <span class='ocrx_word' id='word_1_181' title='bbox 812 2614 906 2680; x_wconf 85' lang='lat' dir='ltr'><strong>fuerit;</strong></span> <span class='ocrx_word' id='word_1_182' title='bbox 926 2617 954 2669; x_wconf 78' lang='grc' dir='ltr'><strong>3ο</strong></span> <span class='ocrx_word' id='word_1_183' title='bbox 965 2616 998 2668; x_wconf 89' lang='lat' dir='ltr'><strong>ut</strong></span> <span class='ocrx_word' id='word_1_184' title='bbox 1008 2613 1157 2668; x_wconf 82' lang='lat' dir='ltr'><strong>Flavianus</strong></span> <span class='ocrx_word' id='word_1_185' title='bbox 1168 2613 1278 2684; x_wconf 80' lang='lat' dir='ltr'><strong>Ephesi,</strong></span> 
     </span>
     <span class='ocr_line' id='line_1_23' title="bbox 100 2697 1280 2768; baseline 0.001 -18"><span class='ocrx_word' id='word_1_186' title='bbox 100 2714 135 2764; x_wconf 90' lang='lat' dir='ltr'><strong>ue</strong></span> <span class='ocrx_word' id='word_1_187' title='bbox 158 2714 213 2751; x_wconf 92' lang='lat' dir='ltr'><strong>non</strong></span> <span class='ocrx_word' id='word_1_188' title='bbox 235 2698 263 2751; x_wconf 92' lang='lat' dir='ltr'><strong>in</strong></span> <span class='ocrx_word' id='word_1_189' title='bbox 287 2697 394 2761; x_wconf 83' lang='lat' dir='ltr'><strong>exsilio,</strong></span> <span class='ocrx_word' id='word_1_190' title='bbox 418 2699 501 2752; x_wconf 88' lang='lat' dir='ltr'><strong>finem</strong></span> <span class='ocrx_word' id='word_1_191' title='bbox 524 2698 634 2752; x_wconf 88' lang='lat' dir='ltr'><strong>vivendi</strong></span> <span class='ocrx_word' id='word_1_192' title='bbox 655 2698 759 2753; x_wconf 85' lang='lat' dir='ltr'><strong>l&#39;ecerit.</strong></span> <span class='ocrx_word' id='word_1_193' title='bbox 801 2698 861 2752; x_wconf 90' lang='lat' dir='ltr'><strong>Nisi</strong></span> <span class='ocrx_word' id='word_1_194' title='bbox 882 2700 956 2753; x_wconf 88' lang='lat' dir='ltr'><strong>forte</strong></span> <span class='ocrx_word' id='word_1_195' title='bbox 974 2699 1073 2753; x_wconf 88' lang='lat' dir='ltr'><strong>Petrus</strong></span> <span class='ocrx_word' id='word_1_196' title='bbox 1096 2699 1159 2753; x_wconf 92' lang='lat' dir='ltr'><strong>ideo</strong></span> <span class='ocrx_word' id='word_1_197' title='bbox 1177 2698 1280 2768; x_wconf 86' lang='lat' dir='ltr'><strong>Ephesi</strong></span> 
     </span>
     <span class='ocr_line' id='line_1_24' title="bbox 100 2781 1280 2854; baseline -0.001 -18"><span class='ocrx_word' id='word_1_198' title='bbox 100 2781 135 2836; x_wconf 89' lang='lat' dir='ltr'><strong>mi</strong></span> <span class='ocrx_word' id='word_1_199' title='bbox 155 2783 238 2836; x_wconf 85' lang='lat' dir='ltr'><strong>finem</strong></span> <span class='ocrx_word' id='word_1_200' title='bbox 262 2784 395 2854; x_wconf 89' lang='lat' dir='ltr'><strong>operatus</strong></span> <span class='ocrx_word' id='word_1_201' title='bbox 418 2783 540 2847; x_wconf 88' lang='lat' dir='ltr'><strong>dicatur,</strong></span> <span class='ocrx_word' id='word_1_202' title='bbox 564 2784 630 2852; x_wconf 88' lang='lat' dir='ltr'><strong>quia</strong></span> <span class='ocrx_word' id='word_1_203' title='bbox 652 2783 698 2837; x_wconf 91' lang='lat' dir='ltr'><strong>ille</strong></span> <span class='ocrx_word' id='word_1_204' title='bbox 722 2784 757 2837; x_wconf 91' lang='lat' dir='ltr'><strong>ob</strong></span> <span class='ocrx_word' id='word_1_205' title='bbox 781 2800 827 2851; x_wconf 87' lang='lat' dir='ltr'><strong>ca,</strong></span> <span class='ocrx_word' id='word_1_206' title='bbox 850 2800 921 2853; x_wconf 90' lang='lat' dir='ltr'><strong>quae</strong></span> <span class='ocrx_word' id='word_1_207' title='bbox 944 2782 1005 2853; x_wconf 91' lang='lat' dir='ltr'><strong>ipso</strong></span> <span class='ocrx_word' id='word_1_208' title='bbox 1023 2786 1159 2854; x_wconf 88' lang='lat' dir='ltr'><strong>operante</strong></span> <span class='ocrx_word' id='word_1_209' title='bbox 1176 2784 1280 2854; x_wconf 82' lang='lat' dir='ltr'><strong>Ephesi</strong></span> 
     </span>
     <span class='ocr_line' id='line_1_25' title="bbox 100 2867 755 2938; baseline 0.003 -18"><span class='ocrx_word' id='word_1_210' title='bbox 100 2885 108 2920; x_wconf 83' lang='lat' dir='ltr'><strong>s</strong></span> <span class='ocrx_word' id='word_1_211' title='bbox 126 2868 181 2934; x_wconf 86' lang='lat' dir='ltr'><strong>est,</strong></span> <span class='ocrx_word' id='word_1_212' title='bbox 201 2867 280 2922; x_wconf 86' lang='lat' dir='ltr'><strong>brevi</strong></span> <span class='ocrx_word' id='word_1_213' title='bbox 297 2870 362 2938; x_wconf 88' lang='lat' dir='ltr'><strong>post</strong></span> <span class='ocrx_word' id='word_1_214' title='bbox 378 2868 408 2922; x_wconf 91' lang='lat' dir='ltr'><strong>in</strong></span> <span class='ocrx_word' id='word_1_215' title='bbox 426 2869 521 2923; x_wconf 86' lang='lat' dir='ltr'><strong>exsilio</strong></span> <span class='ocrx_word' id='word_1_216' title='bbox 539 2868 626 2923; x_wconf 86' lang='lat' dir='ltr'><strong>vitam</strong></span> <span class='ocrx_word' id='word_1_217' title='bbox 644 2867 755 2923; x_wconf 88' lang='lat' dir='ltr'><strong>finierit.</strong></span> 
     </span>
     <span class='ocr_line' id='line_1_26' title="bbox 101 2951 1280 3024; baseline 0.003 -18"><span class='ocrx_word' id='word_1_218' title='bbox 101 2951 162 3019; x_wconf 87' lang='lat' dir='ltr'><strong>)G¹</strong></span> <span class='ocrx_word' id='word_1_219' title='bbox 184 2959 379 3022; x_wconf 76' lang='lat' dir='ltr'><strong>perferendum,</strong></span> <span class='ocrx_word' id='word_1_220' title='bbox 403 2957 429 3007; x_wconf 80' lang='lat' dir='ltr'><strong>a&#39;</strong></span> <span class='ocrx_word' id='word_1_221' title='bbox 448 2957 658 3022; x_wconf 73' lang='lat' dir='ltr'><strong>praeferendum,</strong></span> <span class='ocrx_word' id='word_1_222' title='bbox 680 2955 710 3008; x_wconf 88' lang='lat' dir='ltr'><strong>et</strong></span> <span class='ocrx_word' id='word_1_223' title='bbox 731 2953 804 3007; x_wconf 80' lang='lat' dir='ltr'><strong>infra</strong></span> <span class='ocrx_word' id='word_1_224' title='bbox 826 2961 866 3007; x_wconf 83' lang='lat' dir='ltr'><strong>nel</strong></span> <span class='ocrx_word' id='word_1_225' title='bbox 886 2959 911 3006; x_wconf 85' lang='lat' dir='ltr'><strong>ai</strong></span> <span class='ocrx_word' id='word_1_226' title='bbox 930 2959 980 3008; x_wconf 84' lang='lat' dir='ltr'><strong>soli</strong></span> <span class='ocrx_word' id='word_1_227' title='bbox 995 2958 1124 3021; x_wconf 74' lang='lat' dir='ltr'><strong>subjacet,</strong></span> <span class='ocrx_word' id='word_1_228' title='bbox 1148 2960 1280 3024; x_wconf 76' lang='lat' dir='ltr'><strong>prosola</strong></span> 
     </span>
     <span class='ocr_line' id='line_1_27' title="bbox 125 3035 1279 3108; baseline 0.001 -18"><span class='ocrx_word' id='word_1_229' title='bbox 125 3035 176 3092; x_wconf 87' lang='lat' dir='ltr'><strong>llic</strong></span> <span class='ocrx_word' id='word_1_230' title='bbox 193 3038 404 3107; x_wconf 81' lang='lat' dir='ltr'><strong>perstringitur,</strong></span> <span class='ocrx_word' id='word_1_231' title='bbox 426 3055 482 3107; x_wconf 93' lang='lat' dir='ltr'><strong>quo</strong></span> <span class='ocrx_word' id='word_1_232' title='bbox 504 3039 588 3108; x_wconf 88' lang='lat' dir='ltr'><strong>pacto</strong></span> <span class='ocrx_word' id='word_1_233' title='bbox 604 3039 703 3092; x_wconf 89' lang='lat' dir='ltr'><strong>Petrus</strong></span> <span class='ocrx_word' id='word_1_234' title='bbox 720 3038 800 3093; x_wconf 88' lang='lat' dir='ltr'><strong>Fullo</strong></span> <span class='ocrx_word' id='word_1_235' title='bbox 819 3056 904 3106; x_wconf 89' lang='lat' dir='ltr'><strong>quum</strong></span> <span class='ocrx_word' id='word_1_236' title='bbox 921 3037 950 3090; x_wconf 91' lang='lat' dir='ltr'><strong>in</strong></span> <span class='ocrx_word' id='word_1_237' title='bbox 967 3038 1168 3093; x_wconf 83' lang='lat' dir='ltr'><strong>Antiochenam</strong></span> <span class='ocrx_word' id='word_1_238' title='bbox 1185 3038 1279 3093; x_wconf 90' lang='lat' dir='ltr'><strong>sedem</strong></span> 
     </span>
     <span class='ocr_line' id='line_1_28' title="bbox 100 3121 1278 3194; baseline 0.003 -20"><span class='ocrx_word' id='word_1_239' title='bbox 100 3121 156 3189; x_wconf 73' lang='lat' dir='ltr'><strong>erit,</strong></span> <span class='ocrx_word' id='word_1_240' title='bbox 178 3122 336 3178; x_wconf 84' lang='lat' dir='ltr'><strong>Johannem</strong></span> <span class='ocrx_word' id='word_1_241' title='bbox 354 3124 504 3193; x_wconf 90' lang='lat' dir='ltr'><strong>quemdam</strong></span> <span class='ocrx_word' id='word_1_242' title='bbox 520 3122 671 3194; x_wconf 89' lang='lat' dir='ltr'><strong>Apamenis</strong></span> <span class='ocrx_word' id='word_1_243' title='bbox 690 3122 841 3190; x_wconf 87' lang='lat' dir='ltr'><strong>ordinavit,</strong></span> <span class='ocrx_word' id='word_1_244' title='bbox 864 3122 911 3192; x_wconf 89' lang='lat' dir='ltr'><strong>qui</strong></span> <span class='ocrx_word' id='word_1_245' title='bbox 930 3122 966 3177; x_wconf 88' lang='lat' dir='ltr'><strong>ab</strong></span> <span class='ocrx_word' id='word_1_246' title='bbox 984 3121 1051 3193; x_wconf 87' lang='lat' dir='ltr'><strong>ipsis</strong></span> <span class='ocrx_word' id='word_1_247' title='bbox 1068 3139 1124 3176; x_wconf 91' lang='lat' dir='ltr'><strong>non</strong></span> <span class='ocrx_word' id='word_1_248' title='bbox 1141 3131 1278 3193; x_wconf 84' lang='lat' dir='ltr'><strong>receptus,</strong></span> 
     </span>
     <span class='ocr_line' id='line_1_29' title="bbox 100 3206 1278 3279; baseline 0.002 -19"><span class='ocrx_word' id='word_1_249' title='bbox 100 3206 158 3261; x_wconf 82' lang='lat' dir='ltr'><strong>chia</strong></span> <span class='ocrx_word' id='word_1_250' title='bbox 185 3207 278 3278; x_wconf 88' lang='lat' dir='ltr'><strong>ipsum</strong></span> <span class='ocrx_word' id='word_1_251' title='bbox 300 3209 414 3262; x_wconf 90' lang='lat' dir='ltr'><strong>Petrum</strong></span> <span class='ocrx_word' id='word_1_252' title='bbox 443 3207 619 3279; x_wconf 86' lang='lat' dir='ltr'><strong>episcopatus</strong></span> <span class='ocrx_word' id='word_1_253' title='bbox 648 3207 690 3262; x_wconf 92' lang='lat' dir='ltr'><strong>sui</strong></span> <span class='ocrx_word' id='word_1_254' title='bbox 716 3209 859 3262; x_wconf 87' lang='lat' dir='ltr'><strong>auctorem</strong></span> <span class='ocrx_word' id='word_1_255' title='bbox 886 3207 1004 3275; x_wconf 87' lang='lat' dir='ltr'><strong>expulit,</strong></span> <span class='ocrx_word' id='word_1_256' title='bbox 1038 3223 1072 3261; x_wconf 90' lang='lat' dir='ltr'><strong>ac</strong></span> <span class='ocrx_word' id='word_1_257' title='bbox 1100 3206 1212 3261; x_wconf 88' lang='lat' dir='ltr'><strong>demum</strong></span> <span class='ocrx_word' id='word_1_258' title='bbox 1242 3209 1278 3262; x_wconf 86' lang='lat' dir='ltr'><strong>ab</strong></span> 
     </span>
     <span class='ocr_line' id='line_1_30' title="bbox 100 3291 1279 3363; baseline 0.002 -18"><span class='ocrx_word' id='word_1_259' title='bbox 100 3307 113 3344; x_wconf 92' lang='lat' dir='ltr'><strong>o</strong></span> <span class='ocrx_word' id='word_1_260' title='bbox 130 3291 220 3362; x_wconf 83' lang='lat' dir='ltr'><strong>Tyriis</strong></span> <span class='ocrx_word' id='word_1_261' title='bbox 242 3294 400 3362; x_wconf 85' lang='lat' dir='ltr'><strong>praelectus</strong></span> <span class='ocrx_word' id='word_1_262' title='bbox 421 3294 487 3360; x_wconf 87' lang='lat' dir='ltr'><strong>fuit,</strong></span> <span class='ocrx_word' id='word_1_263' title='bbox 514 3296 545 3347; x_wconf 90' lang='lat' dir='ltr'><strong>ut</strong></span> <span class='ocrx_word' id='word_1_264' title='bbox 567 3294 641 3363; x_wconf 83' lang='lat' dir='ltr'><strong>apud</strong></span> <span class='ocrx_word' id='word_1_265' title='bbox 660 3293 800 3349; x_wconf 84' lang='lat' dir='ltr'><strong>Gelasium</strong></span> <span class='ocrx_word' id='word_1_266' title='bbox 822 3293 1023 3346; x_wconf 75' lang='lat' dir='ltr'><strong>tract.ln.12</strong></span> <span class='ocrx_word' id='word_1_267' title='bbox 1047 3292 1198 3347; x_wconf 83' lang='lat' dir='ltr'><strong>memoriae</strong></span> <span class='ocrx_word' id='word_1_268' title='bbox 1216 3310 1279 3362; x_wconf 91' lang='lat' dir='ltr'><strong>pro-</strong></span> 
     </span>
     <span class='ocr_line' id='line_1_31' title="bbox 102 3462 1279 3534; baseline -0.001 -18"><span class='ocrx_word' id='word_1_269' title='bbox 102 3463 157 3530; x_wconf 86' lang='lat' dir='ltr'><strong>)ln</strong></span> <span class='ocrx_word' id='word_1_270' title='bbox 176 3462 242 3518; x_wconf 88' lang='lat' dir='ltr'><strong>edit.</strong></span> <span class='ocrx_word' id='word_1_271' title='bbox 261 3464 345 3519; x_wconf 91' lang='lat' dir='ltr'><strong>Basil.</strong></span> <span class='ocrx_word' id='word_1_272' title='bbox 366 3468 432 3530; x_wconf 80' lang='lat' dir='ltr'><strong>Quid</strong></span> <span class='ocrx_word' id='word_1_273' title='bbox 448 3471 480 3519; x_wconf 83' lang='lat' dir='ltr'><strong>de</strong></span> <span class='ocrx_word' id='word_1_274' title='bbox 499 3471 615 3519; x_wconf 78' lang='lat' dir='ltr'><strong>Aeaeis?</strong></span> <span class='ocrx_word' id='word_1_275' title='bbox 650 3463 768 3529; x_wconf 83' lang='lat' dir='ltr'><strong>Quaevis</strong></span> <span class='ocrx_word' id='word_1_276' title='bbox 790 3462 874 3518; x_wconf 89' lang='lat' dir='ltr'><strong>lectio</strong></span> <span class='ocrx_word' id='word_1_277' title='bbox 892 3463 1010 3530; x_wconf 88' lang='lat' dir='ltr'><strong>arridet,</strong></span> <span class='ocrx_word' id='word_1_278' title='bbox 1032 3462 1217 3534; x_wconf 86' lang='lat' dir='ltr'><strong>supplendum</strong></span> <span class='ocrx_word' id='word_1_279' title='bbox 1235 3463 1279 3516; x_wconf 89' lang='lat' dir='ltr'><strong>est</strong></span> 
     </span>
     <span class='ocr_line' id='line_1_32' title="bbox 100 3547 1278 3618; baseline 0 -17"><span class='ocrx_word' id='word_1_280' title='bbox 100 3568 110 3599; x_wconf 92' lang='lat'><strong>·.</strong></span> <span class='ocrx_word' id='word_1_281' title='bbox 142 3547 250 3603; x_wconf 91' lang='lat' dir='ltr'><strong>Deinde</strong></span> <span class='ocrx_word' id='word_1_282' title='bbox 270 3548 312 3603; x_wconf 93' lang='lat' dir='ltr'><strong>ed.</strong></span> <span class='ocrx_word' id='word_1_283' title='bbox 331 3549 395 3604; x_wconf 84' lang='lat' dir='ltr'><strong>Bas.</strong></span> <span class='ocrx_word' id='word_1_284' title='bbox 415 3555 444 3605; x_wconf 87' lang='lat' dir='ltr'><strong>et</strong></span> <span class='ocrx_word' id='word_1_285' title='bbox 461 3550 541 3604; x_wconf 87' lang='lat' dir='ltr'><strong>Rom.</strong></span> <span class='ocrx_word' id='word_1_286' title='bbox 560 3554 629 3614; x_wconf 75' lang='lat' dir='ltr'><strong>Qrme</strong></span> <span class='ocrx_word' id='word_1_287' title='bbox 647 3555 678 3603; x_wconf 82' lang='lat' dir='ltr'><strong>de</strong></span> <span class='ocrx_word' id='word_1_288' title='bbox 696 3553 769 3603; x_wconf 82' lang='lat' dir='ltr'><strong>tonia</strong></span> <span class='ocrx_word' id='word_1_289' title='bbox 785 3555 839 3601; x_wconf 82' lang='lat' dir='ltr'><strong>sais</strong></span> <span class='ocrx_word' id='word_1_290' title='bbox 854 3553 956 3615; x_wconf 78' lang='lat' dir='ltr'><strong>smeino</strong></span> <span class='ocrx_word' id='word_1_291' title='bbox 974 3554 1082 3618; x_wconf 82' lang='lat' dir='ltr'><strong>quodam</strong></span> <span class='ocrx_word' id='word_1_292' title='bbox 1102 3553 1217 3617; x_wconf 62' lang='lat' dir='ltr'><strong>manaa</strong></span> <span class='ocrx_word' id='word_1_293' title='bbox 1235 3552 1278 3601; x_wconf 80' lang='lat' dir='ltr'><strong>la·</strong></span> 
     </span>
     <span class='ocr_line' id='line_1_33' title="bbox 106 3632 1279 3703; baseline -0.002 -16"><span class='ocrx_word' id='word_1_294' title='bbox 106 3641 275 3703; x_wconf 75' lang='lat' dir='ltr'><strong>cotaperaale</strong></span> <span class='ocrx_word' id='word_1_295' title='bbox 294 3641 478 3703; x_wconf 78' lang='lat' dir='ltr'><strong>praemiserat,</strong></span> <span class='ocrx_word' id='word_1_296' title='bbox 503 3656 567 3690; x_wconf 83' lang='lat' dir='ltr'><strong>novo</strong></span> <span class='ocrx_word' id='word_1_297' title='bbox 589 3640 706 3703; x_wconf 79' lang='lat' dir='ltr'><strong>exemplo</strong></span> <span class='ocrx_word' id='word_1_298' title='bbox 727 3653 835 3702; x_wconf 84' lang='lat' dir='ltr'><strong>poenae.</strong></span> <span class='ocrx_word' id='word_1_299' title='bbox 874 3633 908 3687; x_wconf 83' lang='lat' dir='ltr'><strong>G¹</strong></span> <span class='ocrx_word' id='word_1_300' title='bbox 921 3632 950 3686; x_wconf 86' lang='lat' dir='ltr'><strong>h¹</strong></span> <span class='ocrx_word' id='word_1_301' title='bbox 970 3649 1026 3703; x_wconf 85' lang='lat' dir='ltr'><strong>seq.</strong></span> <span class='ocrx_word' id='word_1_302' title='bbox 1048 3632 1202 3702; x_wconf 82' lang='lat' dir='ltr'><strong>sequimur,</strong></span> <span class='ocrx_word' id='word_1_303' title='bbox 1225 3632 1279 3686; x_wconf 88' lang='lat' dir='ltr'><strong>nisi</strong></span> 
     </span>
     <span class='ocr_line' id='line_1_34' title="bbox 103 3719 523 3788; baseline 0.002 -16"><span class='ocrx_word' id='word_1_304' title='bbox 103 3738 166 3786; x_wconf 82' lang='lat' dir='ltr'><strong>pene</strong></span> <span class='ocrx_word' id='word_1_305' title='bbox 184 3719 213 3772; x_wconf 88' lang='lat' dir='ltr'><strong>in</strong></span> <span class='ocrx_word' id='word_1_306' title='bbox 229 3739 330 3788; x_wconf 83' lang='lat' dir='ltr'><strong>poenae</strong></span> <span class='ocrx_word' id='word_1_307' title='bbox 348 3721 523 3774; x_wconf 82' lang='lat' dir='ltr'><strong>mutavimus.</strong></span> 
     </span>
     <span class='ocr_line' id='line_1_35' title="bbox 101 3801 1278 3875; baseline -0.001 -18"><span class='ocrx_word' id='word_1_308' title='bbox 101 3803 144 3871; x_wconf 74' lang='lat' dir='ltr'><strong>&gt;b</strong></span> <span class='ocrx_word' id='word_1_309' title='bbox 164 3804 200 3858; x_wconf 85' lang='lat' dir='ltr'><strong>ad</strong></span> <span class='ocrx_word' id='word_1_310' title='bbox 217 3821 306 3873; x_wconf 87' lang='lat' dir='ltr'><strong>marg.</strong></span> <span class='ocrx_word' id='word_1_311' title='bbox 321 3809 447 3872; x_wconf 77' lang='lat' dir='ltr'><strong>abjicere,</strong></span> <span class='ocrx_word' id='word_1_312' title='bbox 466 3805 546 3875; x_wconf 86' lang='lat' dir='ltr'><strong>quasi</strong></span> <span class='ocrx_word' id='word_1_313' title='bbox 563 3804 616 3859; x_wconf 91' lang='lat' dir='ltr'><strong>hoc</strong></span> <span class='ocrx_word' id='word_1_314' title='bbox 627 3804 738 3870; x_wconf 87' lang='lat' dir='ltr'><strong>mallet,</strong></span> <span class='ocrx_word' id='word_1_315' title='bbox 756 3821 841 3873; x_wconf 90' lang='lat' dir='ltr'><strong>quam</strong></span> <span class='ocrx_word' id='word_1_316' title='bbox 852 3810 988 3872; x_wconf 79' lang='lat' dir='ltr'><strong>addicere,</strong></span> <span class='ocrx_word' id='word_1_317' title='bbox 1007 3803 1082 3871; x_wconf 89' lang='lat' dir='ltr'><strong>quod</strong></span> <span class='ocrx_word' id='word_1_318' title='bbox 1094 3805 1189 3858; x_wconf 85' lang='lat' dir='ltr'><strong>tamen</strong></span> <span class='ocrx_word' id='word_1_319' title='bbox 1201 3801 1278 3872; x_wconf 84' lang='lat' dir='ltr'><strong>Sym·</strong></span> 
     </span>
     <span class='ocr_line' id='line_1_36' title="bbox 100 3889 1279 3959; baseline 0.002 -17"><span class='ocrx_word' id='word_1_320' title='bbox 100 3902 177 3957; x_wconf 72' lang='lat' dir='ltr'><strong>ipro</strong></span> <span class='ocrx_word' id='word_1_321' title='bbox 195 3895 316 3943; x_wconf 74' lang='lat' dir='ltr'><strong>damam</strong></span> <span class='ocrx_word' id='word_1_322' title='bbox 334 3889 470 3944; x_wconf 86' lang='lat' dir='ltr'><strong>familiare</strong></span> <span class='ocrx_word' id='word_1_323' title='bbox 489 3891 538 3944; x_wconf 88' lang='lat' dir='ltr'><strong>cst.</strong></span> <span class='ocrx_word' id='word_1_324' title='bbox 576 3889 622 3943; x_wconf 86' lang='lat' dir='ltr'><strong>Sic</strong></span> <span class='ocrx_word' id='word_1_325' title='bbox 640 3889 817 3944; x_wconf 82' lang='lat' dir='ltr'><strong>Timotheum</strong></span> <span class='ocrx_word' id='word_1_326' title='bbox 836 3892 865 3943; x_wconf 88' lang='lat' dir='ltr'><strong>et</strong></span> <span class='ocrx_word' id='word_1_327' title='bbox 882 3889 995 3943; x_wconf 89' lang='lat' dir='ltr'><strong>Petrum</strong></span> <span class='ocrx_word' id='word_1_328' title='bbox 1013 3906 1099 3959; x_wconf 89' lang='lat' dir='ltr'><strong>supra</strong></span> <span class='ocrx_word' id='word_1_329' title='bbox 1115 3890 1198 3943; x_wconf 86' lang='lat' dir='ltr'><strong>vocat</strong></span> <span class='ocrx_word' id='word_1_330' title='bbox 1214 3909 1279 3956; x_wconf 81' lang='lat' dir='ltr'><strong>pro·</strong></span> 
     </span>
     <span class='ocr_line' id='line_1_37' title="bbox 100 3972 1278 4044; baseline 0 -17"><span class='ocrx_word' id='word_1_331' title='bbox 100 3984 164 4028; x_wconf 76' lang='lat' dir='ltr'><strong>tores</strong></span> <span class='ocrx_word' id='word_1_332' title='bbox 176 3981 322 4030; x_wconf 78' lang='lat' dir='ltr'><strong>intentionis</strong></span> <span class='ocrx_word' id='word_1_333' title='bbox 334 3982 467 4044; x_wconf 79' lang='lat' dir='ltr'><strong>addictae,</strong></span> <span class='ocrx_word' id='word_1_334' title='bbox 485 3975 515 4028; x_wconf 87' lang='lat' dir='ltr'><strong>id</strong></span> <span class='ocrx_word' id='word_1_335' title='bbox 533 3976 586 4041; x_wconf 89' lang='lat' dir='ltr'><strong>eet,</strong></span> <span class='ocrx_word' id='word_1_336' title='bbox 604 3995 697 4029; x_wconf 82' lang='lat' dir='ltr'><strong>caueae</strong></span> <span class='ocrx_word' id='word_1_337' title='bbox 715 3976 858 4029; x_wconf 75' lang='lat' dir='ltr'><strong>damnatae.</strong></span> <span class='ocrx_word' id='word_1_338' title='bbox 890 3973 1006 4030; x_wconf 85' lang='lat' dir='ltr'><strong>Aeacius</strong></span> <span class='ocrx_word' id='word_1_339' title='bbox 1025 3975 1106 4044; x_wconf 85' lang='lat' dir='ltr'><strong>epist.</strong></span> <span class='ocrx_word' id='word_1_340' title='bbox 1125 3980 1142 4027; x_wconf 87' lang='grc'>8</span> <span class='ocrx_word' id='word_1_341' title='bbox 1160 3974 1196 4028; x_wconf 88' lang='lat' dir='ltr'><strong>ad</strong></span> <span class='ocrx_word' id='word_1_342' title='bbox 1209 3972 1278 4027; x_wconf 85' lang='lat' dir='ltr'><strong>Sim·</strong></span> 
     </span>
     <span class='ocr_line' id='line_1_38' title="bbox 100 4059 1279 4130; baseline 0 -18"><span class='ocrx_word' id='word_1_343' title='bbox 100 4075 122 4112; x_wconf 90' lang='lat' dir='ltr'><strong>m</strong></span> <span class='ocrx_word' id='word_1_344' title='bbox 137 4075 195 4113; x_wconf 91' lang='lat' dir='ltr'><strong>non</strong></span> <span class='ocrx_word' id='word_1_345' title='bbox 211 4060 295 4114; x_wconf 88' lang='lat' dir='ltr'><strong>modo</strong></span> <span class='ocrx_word' id='word_1_346' title='bbox 313 4059 491 4114; x_wconf 83' lang='lat' dir='ltr'><strong>Timotheum</strong></span> <span class='ocrx_word' id='word_1_347' title='bbox 502 4060 635 4114; x_wconf 88' lang='lat' dir='ltr'><strong>Aelurum</strong></span> <span class='ocrx_word' id='word_1_348' title='bbox 652 4060 702 4114; x_wconf 88' lang='lat' dir='ltr'><strong>scd</strong></span> <span class='ocrx_word' id='word_1_349' title='bbox 719 4060 833 4113; x_wconf 86' lang='lat' dir='ltr'><strong>Petrum</strong></span> <span class='ocrx_word' id='word_1_350' title='bbox 851 4059 937 4114; x_wconf 89' lang='lat' dir='ltr'><strong>etiam</strong></span> <span class='ocrx_word' id='word_1_351' title='bbox 953 4059 1087 4130; x_wconf 81' lang='lat' dir='ltr'><strong>Mongum</strong></span> <span class='ocrx_word' id='word_1_352' title='bbox 1106 4059 1279 4114; x_wconf 87' lang='lat' dir='ltr'><strong>damnandos</strong></span> 
     </span>
     <span class='ocr_line' id='line_1_39' title="bbox 100 4143 829 4202; baseline 0.01 -7"><span class='ocrx_word' id='word_1_353' title='bbox 100 4143 123 4202; x_wconf 75' lang='lat' dir='ltr'><strong>a</strong></span> <span class='ocrx_word' id='word_1_354' title='bbox 825 4171 829 4177; x_wconf 58' lang='lat'>¹</span> 
     </span>
     <span class='ocr_line' id='line_1_40' title="bbox 100 4230 1225 4301; baseline 0.002 -16"><span class='ocrx_word' id='word_1_355' title='bbox 100 4230 160 4298; x_wconf 81' lang='grc' dir='ltr'><strong>)(ι“1</strong></span> <span class='ocrx_word' id='word_1_356' title='bbox 175 4234 200 4285; x_wconf 74' lang='lat' dir='ltr'><strong>a*</strong></span> <span class='ocrx_word' id='word_1_357' title='bbox 224 4242 334 4300; x_wconf 75' lang='lat' dir='ltr'><strong>propter</strong></span> <span class='ocrx_word' id='word_1_358' title='bbox 356 4252 418 4300; x_wconf 81' lang='lat' dir='ltr'><strong>quoa</strong></span> <span class='ocrx_word' id='word_1_359' title='bbox 441 4237 550 4284; x_wconf 70' lang='lat' dir='ltr'><strong>manime</strong></span> <span class='ocrx_word' id='word_1_360' title='bbox 570 4236 706 4300; x_wconf 73' lang='lat' dir='ltr'><strong>sapiendae</strong></span> <span class='ocrx_word' id='word_1_361' title='bbox 729 4242 755 4284; x_wconf 74' lang='lat' dir='ltr'><strong>er</strong></span> <span class='ocrx_word' id='word_1_362' title='bbox 778 4236 911 4299; x_wconf 71' lang='lat' dir='ltr'><strong>designato</strong></span> <span class='ocrx_word' id='word_1_363' title='bbox 984 4236 1163 4301; x_wconf 81' lang='lat' dir='ltr'><strong>coaequandos</strong></span> <span class='ocrx_word' id='word_1_364' title='bbox 1180 4236 1225 4284; x_wconf 85' lang='lat' dir='ltr'><strong>illa</strong></span> 
     </span>
     <span class='ocr_line' id='line_1_41' title="bbox 100 4316 1278 4386; baseline -0.001 -17"><span class='ocrx_word' id='word_1_365' title='bbox 100 4335 117 4369; x_wconf 81' lang='lat' dir='ltr'><strong>c</strong></span> <span class='ocrx_word' id='word_1_366' title='bbox 130 4321 269 4371; x_wconf 52' lang='lat' dir='ltr'><strong>&amp;solvens</strong></span> <span class='ocrx_word' id='word_1_367' title='bbox 281 4328 307 4370; x_wconf 76' lang='lat' dir='ltr'><strong>ee</strong></span> <span class='ocrx_word' id='word_1_368' title='bbox 317 4323 461 4384; x_wconf 73' lang='lat' dir='ltr'><strong>permixtas</strong></span> <span class='ocrx_word' id='word_1_369' title='bbox 522 4335 571 4383; x_wconf 87' lang='lat' dir='ltr'><strong>per</strong></span> <span class='ocrx_word' id='word_1_370' title='bbox 584 4336 663 4385; x_wconf 78' lang='lat' dir='ltr'><strong>quae,-</strong></span> <span class='ocrx_word' id='word_1_371' title='bbox 680 4316 724 4371; x_wconf 86' lang='lat' dir='ltr'><strong>ed.</strong></span> <span class='ocrx_word' id='word_1_372' title='bbox 737 4316 819 4369; x_wconf 86' lang='lat' dir='ltr'><strong>Basil.</strong></span> <span class='ocrx_word' id='word_1_373' title='bbox 834 4334 896 4370; x_wconf 91' lang='lat' dir='ltr'><strong>cum</strong></span> <span class='ocrx_word' id='word_1_374' title='bbox 909 4316 937 4369; x_wconf 84' lang='lat' dir='ltr'><strong>b¹</strong></span> <span class='ocrx_word' id='word_1_375' title='bbox 949 4328 1060 4386; x_wconf 81' lang='lat' dir='ltr'><strong>propter</strong></span> <span class='ocrx_word' id='word_1_376' title='bbox 1072 4335 1134 4386; x_wconf 80' lang='lat' dir='ltr'><strong>quas</strong></span> <span class='ocrx_word' id='word_1_377' title='bbox 1146 4316 1184 4384; x_wconf 84' lang='lat' dir='ltr'><strong>(b¹</strong></span> <span class='ocrx_word' id='word_1_378' title='bbox 1200 4320 1278 4385; x_wconf 84' lang='lat' dir='ltr'><strong>quod)</strong></span> 
     </span>
     <span class='ocr_line' id='line_1_42' title="bbox 100 4402 1274 4471; baseline -0.002 -15"><span class='ocrx_word' id='word_1_379' title='bbox 100 4407 197 4461; x_wconf 65' lang='lat' dir='ltr'><strong>dendus</strong></span> <span class='ocrx_word' id='word_1_380' title='bbox 268 4408 448 4471; x_wconf 82' lang='lat' dir='ltr'><strong>coaequandae</strong></span> <span class='ocrx_word' id='word_1_381' title='bbox 464 4407 506 4454; x_wconf 86' lang='lat' dir='ltr'><strong>ille</strong></span> <span class='ocrx_word' id='word_1_382' title='bbox 525 4402 566 4469; x_wconf 79' lang='lat' dir='ltr'><strong>(b1</strong></span> <span class='ocrx_word' id='word_1_383' title='bbox 584 4405 638 4468; x_wconf 76' lang='lat' dir='ltr'><strong>illa)</strong></span> <span class='ocrx_word' id='word_1_384' title='bbox 713 4413 752 4456; x_wconf 84' lang='lat' dir='ltr'><strong>eet</strong></span> <span class='ocrx_word' id='word_1_385' title='bbox 769 4407 923 4463; x_wconf 73' lang='lat' dir='ltr'><strong>dissolvens,</strong></span> <span class='ocrx_word' id='word_1_386' title='bbox 940 4407 1086 4471; x_wconf 71' lang='lat' dir='ltr'><strong>permixtae</strong></span> <span class='ocrx_word' id='word_1_387' title='bbox 1141 4420 1191 4469; x_wconf 84' lang='lat' dir='ltr'><strong>per</strong></span> <span class='ocrx_word' id='word_1_388' title='bbox 1203 4420 1274 4470; x_wconf 83' lang='lat' dir='ltr'><strong>quoa.</strong></span> 
     </span>
     <span class='ocr_line' id='line_1_43' title="bbox 100 4486 1096 4555; baseline 0 -15"><span class='ocrx_word' id='word_1_389' title='bbox 100 4491 107 4554; x_wconf 83' lang='lat'>&gt;</span> <span class='ocrx_word' id='word_1_390' title='bbox 125 4487 171 4540; x_wconf 87' lang='lat' dir='ltr'><strong>Ita</strong></span> <span class='ocrx_word' id='word_1_391' title='bbox 187 4486 222 4541; x_wconf 86' lang='lat' dir='ltr'><strong>G¹</strong></span> <span class='ocrx_word' id='word_1_392' title='bbox 235 4489 261 4540; x_wconf 88' lang='lat' dir='ltr'><strong>a&#39;</strong></span> <span class='ocrx_word' id='word_1_393' title='bbox 281 4487 324 4540; x_wconf 92' lang='lat' dir='ltr'><strong>ed.</strong></span> <span class='ocrx_word' id='word_1_394' title='bbox 343 4486 425 4540; x_wconf 88' lang='lat' dir='ltr'><strong>Basil.</strong></span> <span class='ocrx_word' id='word_1_395' title='bbox 462 4488 500 4540; x_wconf 89' lang='lat' dir='ltr'><strong>At</strong></span> <span class='ocrx_word' id='word_1_396' title='bbox 517 4487 536 4539; x_wconf 95' lang='lat' dir='ltr'>b</span> <span class='ocrx_word' id='word_1_397' title='bbox 554 4492 681 4553; x_wconf 71' lang='lat' dir='ltr'><strong>redivivu,</strong></span> <span class='ocrx_word' id='word_1_398' title='bbox 700 4486 805 4555; x_wconf 87' lang='lat' dir='ltr'><strong>rejecto</strong></span> <span class='ocrx_word' id='word_1_399' title='bbox 823 4487 860 4540; x_wconf 91' lang='lat' dir='ltr'><strong>ad</strong></span> <span class='ocrx_word' id='word_1_400' title='bbox 878 4503 957 4541; x_wconf 89' lang='lat' dir='ltr'><strong>orem</strong></span> <span class='ocrx_word' id='word_1_401' title='bbox 973 4493 1096 4541; x_wconf 70' lang='lat' dir='ltr'><strong>recidiva.</strong></span> 
     </span>
     <span class='ocr_line' id='line_1_44' title="bbox 100 4571 1278 4648; baseline -0.002 -22"><span class='ocrx_word' id='word_1_402' title='bbox 100 4578 105 4636; x_wconf 74' lang='lat' dir='ltr'><strong>l</strong></span> <span class='ocrx_word' id='word_1_403' title='bbox 126 4571 161 4626; x_wconf 85' lang='lat' dir='ltr'><strong>G¹</strong></span> <span class='ocrx_word' id='word_1_404' title='bbox 175 4572 204 4625; x_wconf 89' lang='lat' dir='ltr'><strong>b¹</strong></span> <span class='ocrx_word' id='word_1_405' title='bbox 218 4574 244 4624; x_wconf 63' lang='lat' dir='ltr'><strong>ci</strong></span> <span class='ocrx_word' id='word_1_406' title='bbox 262 4589 302 4640; x_wconf 92' lang='lat' dir='ltr'><strong>sq.</strong></span> <span class='ocrx_word' id='word_1_407' title='bbox 326 4577 422 4639; x_wconf 74' lang='lat' dir='ltr'><strong>infirme</strong></span> <span class='ocrx_word' id='word_1_408' title='bbox 446 4571 492 4639; x_wconf 86' lang='lat' dir='ltr'><strong>(G¹</strong></span> <span class='ocrx_word' id='word_1_409' title='bbox 511 4574 617 4648; x_wconf 66' lang='lat' dir='ltr'><strong>infimaq)</strong></span> <span class='ocrx_word' id='word_1_410' title='bbox 640 4578 776 4625; x_wconf 75' lang='lat' dir='ltr'><strong>constituta</strong></span> <span class='ocrx_word' id='word_1_411' title='bbox 795 4579 922 4627; x_wconf 76' lang='lat' dir='ltr'><strong>sententia</strong></span> <span class='ocrx_word' id='word_1_412' title='bbox 943 4578 997 4626; x_wconf 84' lang='lat' dir='ltr'><strong>aine</strong></span> <span class='ocrx_word' id='word_1_413' title='bbox 1018 4578 1121 4640; x_wconf 82' lang='lat' dir='ltr'><strong>piaculo</strong></span> <span class='ocrx_word' id='word_1_414' title='bbox 1144 4571 1190 4639; x_wconf 68' lang='grc' dir='ltr'><strong>(Θί</strong></span> <span class='ocrx_word' id='word_1_415' title='bbox 1208 4577 1278 4640; x_wconf 82' lang='lat' dir='ltr'><strong>peri-</strong></span> 
     </span>
     <span class='ocr_line' id='line_1_45' title="bbox 117 4655 713 4712; baseline -0.002 -2"><span class='ocrx_word' id='word_1_416' title='bbox 117 4655 220 4712; x_wconf 80' lang='lat' dir='ltr'><strong>Sanior</strong></span> <span class='ocrx_word' id='word_1_417' title='bbox 237 4658 279 4710; x_wconf 91' lang='lat' dir='ltr'><strong>est</strong></span> <span class='ocrx_word' id='word_1_418' title='bbox 296 4655 379 4710; x_wconf 88' lang='lat' dir='ltr'><strong>lectio</strong></span> <span class='ocrx_word' id='word_1_419' title='bbox 398 4655 465 4711; x_wconf 86' lang='lat' dir='ltr'><strong>edit.</strong></span> <span class='ocrx_word' id='word_1_420' title='bbox 483 4657 567 4710; x_wconf 86' lang='lat' dir='ltr'><strong>Basil.</strong></span> <span class='ocrx_word' id='word_1_421' title='bbox 588 4658 616 4710; x_wconf 88' lang='lat' dir='ltr'><strong>et</strong></span> <span class='ocrx_word' id='word_1_422' title='bbox 633 4657 713 4710; x_wconf 84' lang='lat' dir='ltr'><strong>ltom.</strong></span> 
     </span>
     <span class='ocr_line' id='line_1_46' title="bbox 100 4741 1277 4813; baseline 0 -19"><span class='ocrx_word' id='word_1_423' title='bbox 100 4744 152 4797; x_wconf 63' lang='grc' dir='ltr'><strong>ιε’</strong></span> <span class='ocrx_word' id='word_1_424' title='bbox 171 4753 284 4804; x_wconf 78' lang='lat' dir='ltr'><strong>vesane,</strong></span> <span class='ocrx_word' id='word_1_425' title='bbox 314 4759 347 4796; x_wconf 86' lang='lat' dir='ltr'><strong>ae</strong></span> <span class='ocrx_word' id='word_1_426' title='bbox 370 4743 489 4797; x_wconf 86' lang='lat' dir='ltr'><strong>subinde</strong></span> <span class='ocrx_word' id='word_1_427' title='bbox 512 4743 596 4796; x_wconf 86' lang='lat' dir='ltr'><strong>etiam</strong></span> <span class='ocrx_word' id='word_1_428' title='bbox 615 4741 698 4796; x_wconf 85' lang='lat' dir='ltr'><strong>Basil.</strong></span> <span class='ocrx_word' id='word_1_429' title='bbox 717 4747 789 4798; x_wconf 72' lang='lat' dir='ltr'><strong>notis</strong></span> <span class='ocrx_word' id='word_1_430' title='bbox 810 4760 862 4813; x_wconf 86' lang='lat' dir='ltr'><strong>pro</strong></span> <span class='ocrx_word' id='word_1_431' title='bbox 885 4749 963 4797; x_wconf 73' lang='lat' dir='ltr'><strong>novin</strong></span> <span class='ocrx_word' id='word_1_432' title='bbox 1003 4742 1080 4796; x_wconf 90' lang='lat' dir='ltr'><strong>Idem</strong></span> <span class='ocrx_word' id='word_1_433' title='bbox 1103 4741 1133 4795; x_wconf 91' lang='lat' dir='ltr'><strong>in</strong></span> <span class='ocrx_word' id='word_1_434' title='bbox 1156 4741 1277 4810; x_wconf 87' lang='lat' dir='ltr'><strong>gratiam</strong></span> 
     </span>
     <span class='ocr_line' id='line_1_47' title="bbox 101 4826 1278 4899; baseline 0 -18"><span class='ocrx_word' id='word_1_435' title='bbox 101 4873 110 4899; x_wconf 93' lang='lat'><strong>,</strong></span> <span class='ocrx_word' id='word_1_436' title='bbox 129 4843 205 4898; x_wconf 87' lang='lat' dir='ltr'><strong>quae</strong></span> <span class='ocrx_word' id='word_1_437' title='bbox 223 4844 241 4881; x_wconf 92' lang='lat' dir='ltr'><strong>a</strong></span> <span class='ocrx_word' id='word_1_438' title='bbox 257 4828 410 4896; x_wconf 85' lang='lat' dir='ltr'><strong>majoribus</strong></span> <span class='ocrx_word' id='word_1_439' title='bbox 427 4829 556 4882; x_wconf 84' lang='lat' dir='ltr'><strong>instituta</strong></span> <span class='ocrx_word' id='word_1_440' title='bbox 573 4831 644 4893; x_wconf 72' lang='lat' dir='ltr'><strong>siant,</strong></span> <span class='ocrx_word' id='word_1_441' title='bbox 663 4830 858 4897; x_wconf 84' lang='lat' dir='ltr'><strong>argumentum</strong></span> <span class='ocrx_word' id='word_1_442' title='bbox 873 4829 934 4897; x_wconf 87' lang='lat' dir='ltr'><strong>jam</strong></span> <span class='ocrx_word' id='word_1_443' title='bbox 952 4828 1011 4882; x_wconf 85' lang='lat' dir='ltr'><strong>fuse</strong></span> <span class='ocrx_word' id='word_1_444' title='bbox 1024 4829 1187 4897; x_wconf 88' lang='lat' dir='ltr'><strong>prosecutus</strong></span> <span class='ocrx_word' id='word_1_445' title='bbox 1200 4826 1278 4897; x_wconf 82' lang='lat' dir='ltr'><strong>Sym·</strong></span> 
     </span>
     <span class='ocr_line' id='line_1_48' title="bbox 100 4915 336 4985; baseline -0.004 -16"><span class='ocrx_word' id='word_1_446' title='bbox 100 4936 119 4971; x_wconf 83' lang='lat' dir='ltr'><strong>s</strong></span> <span class='ocrx_word' id='word_1_447' title='bbox 138 4915 222 4985; x_wconf 86' lang='lat' dir='ltr'><strong>epist.</strong></span> <span class='ocrx_word' id='word_1_448' title='bbox 237 4923 253 4969; x_wconf 87' lang='lat'><strong>3</strong></span> <span class='ocrx_word' id='word_1_449' title='bbox 271 4934 296 4968; x_wconf 85' lang='lat'><strong>11.</strong></span> <span class='ocrx_word' id='word_1_450' title='bbox 315 4922 336 4968; x_wconf 95' lang='lat' dir='ltr'><strong>l.</strong></span> 
     </span>
    </p>
   </div>
   <div class='ocr_carea' id='block_1_6' title="bbox 0 0 1606 5506">
    <p class='ocr_par' dir='ltr' id='par_1_7' title="bbox 0 0 1606 5506">
     <span class='ocr_line' id='line_1_49' title="bbox 0 0 1606 5506; baseline 0 0"><span class='ocrx_word' id='word_1_451' title='bbox 0 0 1606 5506; x_wconf 95' lang='lat' dir='ltr'><strong> </strong></span> 
     </span>
    </p>
   </div>
  </div>
 </body>
</html>
