3204 5506
191 106 252 171 134
673 122 700 169 s,
717 120 840 167 niuniu
863 119 976 166 aaran

80 304 103 339 a.
116 292 174 340 ror.
188 276 318 341 Errsebii
335 276 552 341 Caesariensis
564 274 767 339 Palaestinae
790 273 929 339 civitatis
952 274 1104 357 episcopi,
1128 273 1188 337 viri
1210 272 1370 357 imprimis
1390 296 1455 339 eru-

188 379 335 444 ditissimi
358 404 395 443 uc
418 378 605 459 doctissimi,
637 376 797 441 chronicis
824 377 1036 461 prologoquc,
1072 399 1109 441 ac
1136 374 1270 461 perinde
1292 375 1356 459 his,
1379 398 1457 463 quse

189 508 207 545 a
235 484 368 546 sanctae
395 480 566 544 raemoriae
594 478 792 564 Hieronymo
820 479 931 545 iisdem
962 478 1121 544 chronicis
1142 481 1218 542 sunt
1240 478 1370 562 adjecta
1391 500 1458 563 pre·

188 586 327 667 sbytera,
351 605 408 667 per
430 604 522 666 quem
545 583 579 645 in
602 581 739 645 latinum
761 604 884 666 quoquc
903 576 1078 665 probantur
1093 581 1253 645 translata
1268 602 1459 665 sermonem,

188 687 299 771 hisque
322 686 430 766 etiam,
455 708 535 769 quac
558 707 577 747 a
599 689 711 748 sancto
734 688 766 748 et
789 684 962 748 venerabili
986 683 1273 769 viroProspero¹⁴')
1295 684 1475 769 usquead
1570 692 1577 699 '

59 800 171 851 atros.
189 789 390 854 consulatum
419 787 639 851 Valentiniani
675 787 815 871 Augusti
837 786 917 851 VIII
951 790 984 849 et
1011 786 1177 850 Anthemii
1206 790 1337 850 constat
1364 786 1463 853 fuisse

188 891 347 976 srqrplcta,
377 891 481 974 reperi
504 912 523 953 a
546 889 656 953 mundi
680 890 838 973 principio
861 912 958 973 usque
982 888 1021 951 ad
1044 888 1196 953 diluuium
1218 887 1281 953 dno
1303 888 1411 954 millia
1431 894 1464 955 et

189 992 331 1059 buxall
354 1016 465 1075 amms,
489 992 567 1055 item
590 1016 608 1054 a
631 991 749 1055 dihu’ic
772 1014 869 1075 usque
892 992 932 1055 ad
957 992 1162 1056 nativitatem
1183 990 1337 1055 Abrahae
1360 1013 1464 1057 annos

189 1094 430 1175 attractata,
464 1097 576 1158 iratum
605 1097 711 1158 antem
734 1093 899 1158 Abraham
928 1092 1064 1177 XLIIV')
1093 1116 1178 1157 anno
1206 1095 1370 1178 regnante
1394 1094 1462 1179 jum

189 1197 286 1281 Nina,
315 1197 426 1261 eadem
454 1200 662 1261 monumenta
687 1199 857 1260 testantur.
905 1197 932 1259 A
957 1195 1045 1278 cujus
1069 1196 1166 1260 etiam
1186 1198 1335 1281 tempore
1357 1200 1464 1281 gestu·

189 1323 258 1365 rnnr
287 1322 392 1365 reruni
415 1299 533 1383 publici
563 1300 733 1383 scriptores
762 1298 845 1382 apud
873 1298 1026 1362 barbaros
1055 1320 1123 1362 esse
1154 1302 1342 1383 coeperant.
1381 1286 1464 1376 Qua-

188 1406 319 1487 propter
340 1403 387 1465 vir
409 1402 600 1467 venerahilis
628 1401 809 1485 praedIctus
832 1400 988 1465 Eusebius
1017 1400 1238 1465 chronicorum
1267 1400 1390 1467 abhinc
1413 1424 1465 1467 cx·

188 1527 278 1569 orsus
300 1509 349 1569 est
371 1504 547 1586 historiam,
583 1505 691 1567 rolens
714 1504 890 1568 industriae
913 1526 989 1567 sarire
1012 1503 1106 1567 tidem
1128 1504 1367 1569 mundanorum
1388 1528 1465 1591 quc-

188 1630 248 1691 qne
271 1608 435 1672 urinaliurn
460 1610 631 1671 coaetaneo
654 1606 756 1669 relatu
778 1606 932 1690 perpendi
956 1608 988 1669 ct
1009 1606 1171 1689 professae
1194 1606 1344 1671 rectitatis
1365 1608 1465 1673 etium

188 1709 358 1793 gentilium
380 1709 504 1773 litteras
527 1713 625 1773 testes
648 1708 815 1791 sciscitari,
841 1711 1011 1772 contentus
1027 1708 1201 1792 praeterita
1216 1709 1349 1773 saecula
1363 1710 1465 1777 sacris

189 1812 401 1877 voluunirribns
425 1813 589 1896 explicari,
614 1814 735 1876 aetates
757 1814 886 1875 tanturn
908 1810 1091 1877 summatim
1114 1814 1199 1875 retro
1214 1812 1464 1893 generationum

188 1938 227 1979 ex
249 1915 374 1998 prologi
402 1918 493 1979 texta
522 1914 721 1998 patefaciens
750 1917 781 1977 ct
811 1914 915 1996 operis
944 1913 1189 1999 pleniruoineffi)
1217 1913 1278 1977 sub
1301 1936 1464 1981 annorum

188 2016 454 2100 recolatulatione
483 2017 603 2101 pariter
632 2015 914 2099 cumprehcralens.
960 2014 1059 2098 Cujus
1087 2018 1230 2079 tenorem
1259 2015 1309 2079 rir
1331 2038 1466 2083 venera·

189 2119 261 2183 bilis
277 2120 414 2202 Prosper
435 2121 571 2200 secutus,
595 2118 708 2181 iisdem
735 2117 892 2181 chronicis
915 2117 993 2181 haec
1017 2117 1127 2181 eadem
1147 2117 1279 2202 egregia
1301 2118 1466 2185 brevitate

189 2221 377 2304 composuit,
406 2226 441 2284 ut
469 2243 577 2285 eorurn
606 2221 734 2285 initium
763 2244 781 2283 a
810 2220 919 2284 naurdi
949 2218 1154 2284 inchoaretur
1182 2220 1324 2285 exordio.
1364 2221 1467 2287 Porro

47 2322 230 2389 atawah
252 2322 417 2387 Abraham
446 2344 543 2408 usque
573 2322 606 2387 in
635 2326 760 2386 sextum
785 2322 931 2386 Valentis
959 2321 1158 2385 consulatum
1181 2326 1214 2385 et
1235 2321 1467 2391 Valentiniani

188 2424 362 2489 secundina
389 2426 450 2489 duo
479 2425 579 2489 millia
609 2424 785 2507 traduat,
815 2447 852 2488 ac
880 2424 994 2488 deinde
1022 2423 1063 2487 ab
1091 2424 1234 2488 Ausonio
1264 2425 1468 2513 Olybrioque

190 2526 382 2609 consulibus,
406 2528 458 2611 qui
483 2532 668 2611 secpruntur,
693 2528 853 2613 usquead
878 2526 954 2592 VIII
975 2526 1198 2591 Valentiniani
1221 2526 1366 2611 Augusti
1392 2552 1467 2595 con·

48 2642 175 2695 astrea.
189 2628 329 2694 sulatum
351 2634 384 2694 ct
407 2629 573 2693 Anthemii
597 2629 746 2693 LXXVII
759 2631 807 2714 Π),
842 2634 874 2693 et
902 2628 996 2691 siaarl
1024 2650 1135 2692 omnes
1158 2651 1176 2692 a
1197 2628 1312 2694 mnndi
1335 2632 1468 2717 origine

48 2746 175 2799 auulsi.
190 2753 288 2815 usque
311 2732 349 2795 ad
367 2733 615 2797 Constantinum
639 2738 670 2795 et
686 2732 804 2796 Itufum
828 2734 1013 2815 praesentes
1037 2730 1182 2796 ccursales
1203 2730 1470 2815 quinquemillia

191 2832 354 2899 DOLVIII
377 2836 455 2898 anni
478 2836 669 2899 referuntur.
705 2834 825 2909 Quibus
848 2833 889 2897 oh
911 2834 1079 2898 ueritatem
1102 2834 1218 2898 certius
1240 2832 1470 2921 indr'rgandanr

188 2937 345 3001 bissextos
369 2938 466 3002 etiarn
490 2937 646 3019 copulari,
675 2960 737 3021 quo
759 2936 961 3000 rnuaifcstius
989 2940 1169 3020 appmcret,
1197 2940 1303 3000 utrmn
1328 2938 1395 3003 sibi
1419 2940 1471 3005 vel

189 3039 400 3104 bissextorum
430 3039 513 3103 ratio
542 3038 591 3103 vel
621 3040 742 3103 dierum
771 3043 837 3102 tam
868 3038 1081 3102 Iiulendarum
1109 3038 1341 3104 ianuariarum
1369 3064 1471 3127 qnam

188 3140 268 3205 VIII
291 3140 509 3205 Kalendarum
527 3141 702 3224 Aprilium,
730 3165 792 3226 quo
814 3141 950 3205 mundas
972 3141 1109 3205 traditur
1130 3140 1363 3227 iastItutus¹⁸),
1394 3166 1472 3211 con·

188 3242 315 3307 tinuata
336 3242 552 3325 disputatione
576 3244 769 3308 concineret.

259 3498 288 3561 Η)
307 3496 436 3551 Labheus
454 3498 482 3551 in
500 3498 639 3552 breviario
658 3498 855 3565 chronologico
875 3499 911 3553 ad
928 3516 1030 3553 annum
1047 3504 1097 3553 455
1115 3498 1262 3569 probabile
1281 3502 1385 3569 putat,
1405 3504 1474 3561 Pro

188 3598 299 3651 speram
321 3581 365 3635 vel
387 3582 439 3636 hoc
461 3583 522 3653 ipso
547 3600 619 3637 anno
644 3584 687 3639 uel
710 3583 837 3652 sequenti
861 3584 970 3637 vivendi
994 3585 1075 3637 linem
1099 3583 1203 3637 fecisse.
1245 3586 1338 3649 Qucan
1361 3589 1475 3653 tamen,

188 3684 274 3735 quum
286 3666 424 3721 Victorius
442 3667 494 3723 ista
514 3668 656 3735 scriberet,
675 3668 702 3722 id
722 3670 763 3722 est
780 3686 853 3722 cunno
871 3675 930 3733 457,
948 3668 1032 3723 etium
1051 3669 1078 3722 in
1098 3669 1205 3739 superis
1218 3668 1305 3723 lurisse
1319 3671 1350 3726 id
1362 3668 1474 3731 indicio

188 3752 239 3817 eet,
257 3751 333 3821 quod
351 3770 434 3821 quara
455 3752 652 3821 lIieronyrnum
671 3758 720 3808 ant
729 3753 914 3823 Theophilum
933 3753 1077 3808 nominans
1095 3754 1182 3809 mlelat
1200 3756 1368 3811 constanter
1387 3763 1474 3817 bonae

187 3843 330 3903 tricenariae,
349 3837 384 3891 dc
396 3838 532 3905 Prospero
551 3840 625 3893 liuta
644 3839 728 3893 semel
748 3842 774 3892 et
794 3838 893 3893 ilerum
913 3836 1051 3892 mentione
1071 3839 1232 3909 simpliciter
1250 3842 1280 3893 et
1296 3840 1360 3897 sine
1373 3844 1473 3913 haias·

188 3920 263 3976 modi
282 3922 378 3977 addito
398 3924 535 3991 loquatur.
566 3924 692 3978 Norisius
711 3926 738 3978 ct
751 3923 903 3977 Bucherius
922 3923 1009 3991 igItur
1026 3926 1145 3979 mortem
1164 3926 1223 3993 ejus
1241 3932 1394 3995 annolus,
1413 3929 1474 3985 Fri·

188 4007 244 4061 sius
262 4024 336 4063 armo
353 4013 404 4061 465
421 4014 536 4077 perunit,
560 4010 688 4063 auctores
706 4008 770 4062 hist.
791 4008 844 4062 litt.
866 4008 961 4063 Fruar.
982 4009 1073 4075 luera
1093 4009 1182 4079 magis
1200 4025 1275 4063 auno
1287 4016 1343 4067 463
1363 4014 1474 4071 lavent.

257 4091 360 4159 ¹⁵)'Alii
380 4096 490 4147 XLIII.
510 4092 595 4146 Bueh.

258 4180 288 4227 Νι
305 4176 360 4231 Alii
377 4184 403 4230 r'a
421 4184 508 4246 operis
522 4184 711 4246 plenitudr'aem.
742 4180 826 4233 Iluch.

258 4264 288 4309 ¹⁷³
307 4262 366 4327 Quo
384 4261 488 4317 scilicet
506 4280 579 4317 anno
596 4264 723 4333 Prosper,
742 4264 788 4331 qui
800 4263 916 4319 Victorii
933 4264 1014 4333 quasi
1025 4264 1236 4319 fundamentum
1248 4266 1371 4335 exstitit,
1391 4270 1472 4325 chro-

188 4345 270 4401 nicon
288 4365 367 4402 suum
386 4346 481 4402 linivit.

258 4436 288 4485 ¹⁸)
305 4431 442 4501 Antiquae
472 4436 569 4488 auctor
595 4435 788 4503 quaest-ioman
815 4452 848 4489 cx
876 4438 994 4504 utroquo
1024 4436 1194 4490 testamento
1224 4436 1318 4505 pri1no
1350 4440 1471 4508 quidem

188 4522 294 4585 quaest.
308 4524 341 4573 55
359 4535 409 4587 pro
428 4522 504 4573 cerlo
523 4518 614 4588 ponit,
637 4520 769 4574 mundam
787 4521 815 4574 in
833 4520 1009 4589 aequinoctio
1033 4538 1118 4575 remo
1141 4520 1225 4574 fuisse
1248 4522 1413 4591 eonditum,
1437 4544 1472 4581 ac

189 4600 289 4657 deinde
307 4601 394 4667 addit,
413 4604 552 4658 Romanas
569 4608 644 4658 1¹11!
659 4610 791 4660 h'uleudur
804 4611 905 4675 Aprilis
922 4604 1129 4674 aequhroctium
1146 4605 1260 4659 habere.
1296 4608 1337 4661 At
1355 4614 1471 4678 quaest.

192 4692 238 4743 lob
256 4688 345 4755 docel,
361 4695 421 4753 ficri
437 4695 619 4759 ‹aequiuoclirou
636 4696 713 4759 primi
730 4698 857 4759 decerperis,
877 4697 978 4760 quarata
996 4696 1066 4746 Ilcas·
1083 4696 1198 4745 ruendam
1215 4698 1323 4760 creanti,
1347 4702 1395 4765 qai
1413 4702 1469 4751 dies
