3204 5506
177 333 291 381 XXVIII
605 329 803 376 Plrnh'ua'no
827 330 1002 377 nnl'rouls.

176 515 211 562 n.
244 492 475 577 rsa-152,
511 489 700 561 Ballerinii
726 489 749 560 l.
778 514 807 561 c.
836 513 869 581 p.
897 487 951 557 III
977 512 1006 560 c.
1035 491 1057 559 4
1086 492 1124 561 ct
1150 488 1238 563 Ant.
1266 490 1448 563 llonzalez

176 610 291 704 praef.
316 605 380 679 ‘2⁰³⁰
407 612 503 703 part.
532 631 588 702 op.
618 608 679 680 cit.

283 732 339 800 11.
376 727 639 801 Gallicanae
672 727 800 799 deinde
833 727 1077 816 collectiones,
1113 729 1183 800 etsi
1216 729 1291 801 fere
1324 730 1450 801 nullae

178 848 364 943 publicam
387 847 651 920 auctorit-atem
670 847 842 933 sortitae,
871 847 1066 940 pleraeque
1084 847 1231 936 (sallem
1250 849 1288 918 iu
1306 849 1451 943 capitu-

178 969 222 1039 lis
250 967 521 1057 communibus)
554 989 597 1037 ex
631 966 738 1037 dictis
774 965 937 1036 lontibus
968 966 1155 1059 profectae
1181 971 1284 1054 sunt,
1319 971 1448 1039 tamen

177 1090 328 1181 propter
354 1090 517 1157 aetatem
545 1089 584 1156 et
610 1084 758 1155 doctam
785 1083 993 1176 antiquitus
1019 1084 1117 1156 illius
1143 1086 1300 1180 regionis
1326 1085 1449 1158 soller-

178 1206 273 1277 tiam
307 1205 521 1277 canonicam
554 1227 733 1299 magnum
765 1202 834 1273 sibi
868 1202 1043 1274 honorem
1076 1204 1276 1276 vindicant.
1336 1203 1450 1275 Porro

179 1324 343 1418 capitula
362 1324 408 1395 ad
435 1324 537 1394 illam
566 1324 757 1396 ecclesiam
783 1321 976 1416 speciatim
1004 1323 1232 1415 pertinentia
1258 1323 1309 1395 ibi
1335 1323 1449 1416 potis-

179 1445 316 1516 simum
343 1444 499 1530 inserta,
529 1466 644 1535 caque
661 1442 798 1513 summi
816 1441 995 1513 momenti
1013 1464 1107 1529 esse,
1136 1442 1232 1514 citra
1249 1442 1450 1514 dubitatio·

180 1586 265 1635 nem
294 1565 410 1657 patet.
456 1561 642 1654 Ejusmodi
671 1561 896 1654 exemplaria
917 1561 1122 1632 &iracundus
1148 1561 1185 1632 iu
1204 1562 1363 1634 editione
1382 1585 1451 1632 sua

181 1682 416 1754 conciliorum
456 1679 596 1752 Galliae
640 1680 823 1751 adhibuit:
878 1677 1136 1766 dumiense,
1183 1678 1451 1773 Corbejense

182 1804 295 1892 (nuno
335 1798 725 1896 sangermanense
766 1801 853 1870 466
894 1820 958 1869 seu
998 1797 1138 1869 Paris.
1179 1799 1256 1870 lat.
1301 1801 1450 1871 12098

182 1942 276 1992 saec.
311 1918 379 2009 X),
416 1918 632 1990 Remeuse
666 1921 705 1989 et
737 1916 1024 2004 Fossatense,
1061 1941 1156 2009 quae
1189 1922 1335 2009 opliuluc
1363 1943 1452 2009 proc

184 2042 305 2112 celcris
323 2047 421 2111 reolus
440 2040 559 2125 vocat,
579 2037 648 2110 etsi
667 2037 765 2108 inter
782 2059 826 2108 ea
844 2035 1058 2109 Remense
1079 2060 1107 2109 s.
1126 2036 1321 2131 Remigii
1340 2040 1453 2129 (nunc

183 2157 491 2251 Philippieum
509 2155 760 2227 MDCCXLI
777 2178 871 2228 saec.
890 2154 988 2246 IX)¹)
1009 2158 1083 2228 fere
1104 2157 1223 2249 primo
1240 2157 1317 2229 loco
1336 2157 1452 2251 ponit.

184 2276 298 2348 Addit
326 2279 519 2370 praeterea
536 2299 564 2346 s,
583 2273 776 2369 Benigni
802 2274 1072 2346 Divionense
1098 2276 1238 2368 partim
1256 2298 1300 2348 ex
1317 2275 1454 2369 Diony-

184 2397 290 2467 siano
315 2396 454 2488 partim
481 2420 525 2466 ex
552 2395 671 2488 prisca
690 2392 880 2465 Gallica-na
897 2396 1107 2486 sumptum,
1135 2394 1196 2465 Lu
1203 2394 1452 2488 gdunense‚

185 2539 213 2587 s.
240 2512 415 2585 Mariae
442 2513 738 2585 [laudunense
765 2514 803 2582 et
829 2509 1180 2604 Engolismenso.
1234 2512 1455 2586 Constan-

184 2632 276 2704 tius
303 2635 495 2724 praeterea
528 2630 681 2703 adduxit
707 2629 997 2702 Morbacense
1024 2633 1081 2718 (ex
1110 2654 1203 2703 saec.
1232 2630 1313 2722 IX),
1344 2631 1455 2702 Tili-

186 2774 335 2838 anum,
365 2749 849 2836 Irene-Pithoeanurm
878 2748 1033 2842 denique
1060 2749 1158 2820 illius
1183 2749 1456 2843 Corbejeuse

187 2869 258 2941 Nr.
286 2868 425 2940 XXVI
453 2870 942 2961 (nunePaasuu.12097)
971 2871 1009 2940 et
1033 2866 1343 2940 Colbertinum
1371 2872 1456 2941 184

188 2991 299 3078 (nunc
319 2990 429 3060 Poris.
444 2990 503 3059 lul.
520 2991 639 3077 3⁸36)
653 2987 735 3079 jam
750 2990 863 3058 antea
880 2987 1058 3081 insignita
1076 2988 1135 3077 (cf.
1151 3011 1262 3081 supra
1277 3012 1311 3059 n.
1328 2990 1349 3058 ⁸.)-
1365 2991 1403 3061 et
1418 2993 1456 3080 4)

188 3108 305 3180 eidem
320 3107 452 3201 origini
466 3106 686 3179 vindicanda
699 3109 797 3178 suut.
825 3105 936 3177 Porro
948 3106 1081 3198 quibus
1095 3108 1357 3202 manuscriptis
1370 3108 1459 3179 ulti-

190 3250 272 3298 mus
290 3226 525 3299 conciliorum
545 3224 685 3297 (laniae
706 3224 824 3296 editor
838 3224 1043 3297 Labatus
1063 3247 1153 3319 opus
1171 3249 1278 3298 sumn
1299 3228 1456 3313 fulserit,

184 3346 266 3439 jam
281 3349 395 3417 antea
413 3348 433 3436 ᾖ
448 3349 469 3415 2
485 3370 520 3416 11.
533 3348 554 3413 a
569 3346 710 3416 dictum
728 3347 785 3416 est
804 3344 911 3432 (conf.
927 3344 1043 3415 etiam
1057 3343 1149 3416 Ball.
1164 3346 1187 3416 l.
1197 3372 1226 3417 c.
1235 3370 1269 3439 p.
1279 3344 1331 3415 ΠΙ
1340 3370 1369 3417 c..
1383 3348 1457 3436 10).

297 3467 352 3535 12.
389 3464 455 3536 His
482 3465 629 3557 quidem
657 3463 788 3534 statim
816 3463 1050 3557 adjungenda
1076 3464 1243 3556 specialis
1275 3465 1460 3558 quaedam

189 3586 286 3656 illius
314 3583 470 3678 regionis
497 3583 678 3668 collectio,
708 3581 992 3653 Arelatensis
1019 3582 1116 3671 dico,
1143 3606 1238 3675 quae
1265 3584 1460 3656 doc-umen·

189 3705 315 3776 torum
341 3702 513 3774 ubertate
540 3704 578 3773 et
605 3700 831 3792 antiquitate
858 3701 994 3771 summi
1021 3702 1199 3773 momenti
1226 3705 1292 3774 est.
1347 3701 1461 3795 Cujus

191 3821 430 3894 Constantius
466 3822 555 3891 haec
594 3819 820 3912 exemplaria
854 3819 1027 3892 contulit:
1075 3818 1335 3893 Parisiense
1378 3821 1462 3894 Re·

191 3942 311 4036 glum
331 3939 401 4009 Nr.
422 3941 557 4019 311811,
582 3962 679 4010 nimo
702 3940 814 4009 Poris.
828 3940 886 4009 lot.
903 3942 1009 4008 3849
1027 3962 1070 4009 ex
1088 3940 1234 4011 saeculo
1251 3939 1301 4010 IX
1321 3940 1460 4029 (doust.

193 4062 367 4152 chinm),
388 4057 700 4130 Colhertinurn
720 4061 774 4123 to
785 4060 849 4137 34,
870 4059 1090 4129 nuncl'oris.
1105 4059 1283 4131 11112777
1300 4084 1394 4131 saec.
1410 4059 1462 4130 IX

195 4179 332 4267 (lhust.
354 4178 610 4267 (idoaldum),
640 4180 678 4248 et
696 4176 858 4247 alte1um
876 4175 1185 4248 Colbertinunr
1212 4180 1325 4249 5141
1357 4179 1464 4264 (Arc-

194 4301 322 4370 lulcusc
346 4320 369 4367 a
386 4295 544 4368 Baronio
571 4299 609 4367 et
630 4294 857 4380 Constantio,
886 4294 1074 4367 Lirinensi>
1098 4320 1121 4367 a
1139 4293 1330 4368 Sirmondo
1356 4320 1464 4370 voca·

194 4418 302 4506 tum),
331 4418 460 4509 postea
486 4414 600 4486 Paris.
619 4438 693 4506 reg.
715 4416 825 4485 anah
846 4416 867 4481 3
896 4436 992 4483 nime
1023 4415 1135 4485 Puris.
1156 4416 1214 4486 lul.
1236 4421 1340 4487 5537
1367 4439 1463 4489 saec.

194 4532 376 4606 XI-Xll.
418 4533 508 4604 Mihi
534 4534 682 4626 (pridem
709 4534 826 4604 solum
855 4533 1091 4626 apographon
1118 4534 1226 4626 hujus
1252 4535 1357 4607 tertii
1384 4560 1465 4608 sac·

195 4655 276 4725 culo
293 4652 376 4724 XVI
404 4653 610 4725 conlectum
629 4652 739 4725 codex
758 4650 1091 4746 Valllicellanus
1119 4652 1148 4722 G
1170 4656 1232 4740 llll,
1262 4677 1285 4724 a
1303 4653 1466 4726 Baronio

266 4839 283 4901 ¹)
303 4835 343 4888 Dc
361 4835 414 4889 hoc
433 4834 539 4900 codice,
558 4835 606 4903 qui
623 4836 722 4904 postea
739 4833 867 4887 Jesuitar.
887 4831 973 4886 Paris.
988 4838 1045 4897 569,
1068 4851 1139 4886 nuno
1158 4832 1277 4903 Philipp.
1296 4834 1465 4900 MDCCXLI,

197 4921 267 4974 conl.
281 4920 388 4974 Hoeuel
401 4925 462 4974 Noc.
475 4930 553 4975 const.
572 4925 631 4988 imp,
646 4923 738 4974 I'dcod.
749 4923 792 4982 ΙΙ,
814 4920 930 4974 Vullll
941 4918 993 4970 etc.
1007 4916 1050 4971 ed.
1064 4923 1127 4972 1841
1138 4934 1203 4988 pag.
1214 4926 1264 4973 415
1272 4936 1312 4987 sq.
1328 4923 1396 4986 (not.
1410 4925 1463 4987 22).
