3224 5506
521 317 715 368 ceremonia
741 311 844 368 1-3.
1255 306 1317 372 743

109 468 205 523 desua
215 474 359 524 Nestorium
376 480 402 524 et
414 473 578 539 Eutpelsetem
595 490 729 542 eorumque
746 479 830 529 socios
843 480 976 537 detestari,
995 487 1021 530 et
1036 495 1065 529 se
1082 481 1203 544 imprimis
1220 496 1282 544 apo·
1329 514 1353 552 a·
1366 502 1423 551 515·

109 552 191 609 elices
204 559 273 609 sedis
290 560 449 610 venerabant
466 562 592 610 addictum
610 577 665 612 esse
684 560 719 626 (n.
734 564 747 611 l
761 570 786 613 et
797 563 833 628 2).
873 564 982 614 Tandem
1005 572 1032 615 ut
1053 566 1133 615 adse
1148 580 1200 629 pra
1215 580 1282 629 pace

457 648 620 696 ecelesiarum
636 647 732 697 scribut
749 648 899 700 obtestatur.

200 775 336 860 Sacro,
369 777 603 842 beatissimo
636 781 674 843 et
702 781 974 845 comministro
1002 783 1108 866 patri
1136 781 1314 847 Hormis-

291 879 361 944 dae
384 879 605 945 Dorotheus
636 881 849 967 episcopus
871 882 1251 950 Thessalonicensis
1273 885 1315 949 in

290 980 458 1045 Domino
480 980 661 1047 salutem.

128 1101 160 1164 1.
192 1100 250 1164 Ait
271 1100 407 1184 quodam
429 1101 498 1164 loco
521 1105 638 1165 cuncta
652 1102 855 1168 beatissimus
875 1103 1055 1169 divinorum
1069 1108 1313 1191 praeceptorum

109 1222 195 1268 nens
217 1202 372 1267 miracula
394 1201 560 1267 Salomon:
587 1207 672 1268 Sicut
694 1225 775 1284 aqua
793 1208 916 1284 fripida
939 1214 1060 1271 animae
1081 1214 1195 1272 sitienti
1214 1195 1407 1318 su⁰⁰f⁸{{⁰2⁹=,

116 1312 164 1370 sic
184 1311 345 1383 benipnum
367 1310 503 1369 nuntium
525 1312 697 1385 tonpinquis
718 1328 759 1369 ea
780 1314 880 1372 terris.
918 1307 1199 1373 disserueris
1222 1310 1312 1395 spiri-
1361 1299 1414 1329 '⁸'

109 1426 161 1470 em
183 1405 317 1491 pulsans
338 1405 438 1490 lyram
462 1407 587 1489 psallit:
612 1412 707 1483 Quam
729 1416 858 1488 speciosi
875 1416 969 1490 pedes
982 1431 1093 1489 caan,
1118 1419 1171 1492 qui
1185 1399 1405 1520 avanae-llignfg

109 1519 140 1572 nt
160 1513 258 1592 bonu,
293 1509 339 1572 sic
361 1507 507 1592 equidem
535 1512 567 1572 et
588 1530 647 1573 nos
669 1514 802 1575 cunctos
825 1512 951 1576 docens.
997 1511 1080 1588 Quid
1090 1513 1114 1600 ¹)
1137 1516 1245 1579 autem
1267 1515 1314 1580 sic
1361 1491 1415 1533 ’⁰'

111 1610 241 1675 animae
263 1609 402 1674 hominis
424 1631 536 1693 suave,
561 1614 616 1674 aut
637 1612 712 1696 quid
734 1613 781 1677 ita
804 1613 988 1698 impinguat
1009 1635 1096 1698 ossa,
1126 1638 1222 1700 quam
1244 1639 1314 1701 spe-

109 1712 264 1777 anuntio
288 1733 494 1797 cognoscere:
522 1735 616 1778 verae
638 1714 727 1798 pacis
750 1715 942 1780 nutritorem
964 1719 996 1780 et
1018 1719 1126 1781 rectae
1147 1740 1313 1804 nunquam

109 1817 186 1880 ntes
207 1817 464 1900 propugnatores
493 1814 566 1879 fidei
595 1816 636 1879 ad
659 1816 865 1882 ecclesiarum
888 1821 1073 1882 sanctarum
1094 1819 1233 1884 transire
1256 1843 1313 1906 gu-

109 1916 232 1999 racula,
263 1919 296 1980 et
317 1919 482 2000 tamquam
504 1937 542 1980 ex
565 1939 638 1982 arce
660 1919 798 2002 quadam
821 1918 861 1981 ad
883 1940 1075 1984 consensum
1096 1919 1157 1984 Dei
1181 1943 1313 2007 congre-

109 2039 117 2082 :
139 2018 296 2103 dispersa,
320 2021 352 2083 et
374 2018 527 2082 continuo
549 2019 677 2103 quidem
698 2019 733 2083 in
742 2019 767 2104 ²)
790 2020 1008 2105 principatum
1029 2024 1104 2087 tuae
1126 2022 1209 2087 sedis
1224 2023 1312 2089 festi-

109 2122 172 2205 tes3
201 2120 347 2184 membra
367 2118 542 2203 Ecclesiae,
565 2142 647 2204 quae
669 2121 758 2185 vobis
782 2120 928 2186 Christus
951 2124 983 2186 et
1004 2122 1091 2187 Deus
1113 2128 1223 2189 noster
1246 2148 1311 2192 cre-

109 2223 120 2284 t
142 2222 319 2286 venerandi
340 2221 442 2307 patris
463 2222 752 2306 supplicationibus
778 2244 934 2307 annuens,
958 2226 1200 2290 contemnentia
1221 2228 1312 2312 prius

109 2324 262 2407 urrdiam,
285 2323 326 2388 ad
348 2323 507 2387 unitatem
529 2324 657 2407 venire,¹
682 2326 715 2389 et
737 2323 983 2408 praecedentem
1005 2326 1194 2392 divisionem
1215 2332 1311 2414 atque

109 2423 194 2490 liam
215 2428 342 2490 vestrae
363 2428 492 2489 tantmn
513 2426 724 2490 ordinationis
743 2426 899 2511 perimere
918 2427 1090 2514 calculo³);
1113 2431 1145 2493 et
1166 2452 1254 2496 nunc
1275 2432 1311 2496 in

109 2528 242 2593 ordiam
271 2531 366 2613 atque
389 2527 628 2610 serenitatem⁴)
658 2532 805 2593 constare
831 2551 959 2594 omnem
980 2531 1155 2596 terminum
1178 2537 1310 2599 sanctae

109 2649 121 2691 s
147 2629 337 2699 Ecclesiae?

117 2731 155 2797 2.
192 2730 283 2797 Haeo
309 2731 493 2816 didicimus,
527 2753 593 2797 non
625 2735 700 2797 ante
733 2733 835 2798 multa
869 2735 973 2819 spatia
1000 2737 1170 2821 temporis:
1204 2760 1310 2823 spera·

112 2834 148 2921 ⁵)
171 2838 294 2917 autem,
328 2837 361 2898 et
384 2835 549 2920 antiquam
578 2835 841 2900 consuetudinem
870 2859 1067 2922 cognoscens
1089 2837 1254 2928 Ecclesiae
1276 2846 1311 2907 et

109 2956 180 3001 rum
207 2937 341 3001 audiens
369 2937 518 3002 socialem
552 2941 585 3001 et
611 2937 925 3022 irreprehensibilem
953 2960 1090 3022 morem,
1126 2963 1164 3005 ex
1192 2944 1308 3008 vestris

109 3039 156 3103 ris
177 3039 318 3103 firmiora
340 3042 435 3124 atque
457 3039 678 3103 manifestiora
700 3061 903 3126 cognoscere.
949 3040 1010 3105 Sed
1033 3043 1107 3126 quia
1129 3045 1307 3130 tempore⁶)

109 3140 154 3206 tis
176 3140 317 3206 adhaec
346 3163 400 3205 vos
426 3141 589 3225 implenda
617 3145 759 3206 retentos
788 3163 856 3206 esse
884 3142 1097 3227 consideravi,
1136 3148 1168 3209 et
1195 3149 1307 3230 aptum

109 3262 137 3306 e
157 3243 299 3307 debitum
321 3242 399 3326 fuit,
429 3245 461 3307 et
482 3243 612 3328 plenam
634 3247 667 3307 et
687 3243 748 3308 Dei
776 3245 962 3308 amatricem
984 3245 1152 3309 caritatem
1175 3246 1306 3327 etiami)

109 3424 143 3485 ia
158 3429 318 3500 Symmachi
335 3447 368 3484 ac
386 3430 560 3484 decessorum
577 3430 606 3483 in
619 3446 702 3484 causa
718 3428 784 3496 fuit,
802 3447 851 3484 cur
862 3430 1023 3485 Anastasius
1041 3447 1059 3486 a
1075 3430 1233 3487 litterarum
1245 3448 1307 3488 con·

109 3514 183 3570 >dine
200 3531 260 3570 sese
279 3514 440 3569 abstineret.
965 3517 968 3523 ’

109 3597 188 3664 >lta
205 3599 254 3666 G¹;
277 3601 350 3654 bcc
368 3603 496 3669 Quidquid
515 3611 598 3654 autem
619 3612 658 3654 est
680 3606 717 3654 ita
739 3606 837 3655 animae
859 3605 884 3657 h.
901 3620 922 3658 s.
942 3611 986 3655 aut
1002 3607 1040 3655 ita
1114 3608 1188 3671 pacis
1206 3611 1307 3658 nuntia·

109 3768 188 3835 >lus
205 3771 254 3837 G¹3
272 3771 346 3825 boc
363 3776 399 3824 ad
416 3776 501 3838 princ.
521 3780 537 3823 t.
557 3790 578 3824 s.
595 3774 749 3836 festinantes
765 3791 787 3824 a.
808 3775 904 3837 [ratris
924 3776 1150 3840 supplicationibus
1167 3785 1307 3830 annuentes

109 3860 188 3911 'asara
207 3860 340 3911 Ecclesiae
359 3874 423 3925 quae
498 3860 621 3921 credidit,
639 3859 831 3910 contemnentia.

109 3940 177 4005 )G¹
191 3943 218 3996 a¹
237 3945 365 3998 clanculo:
387 3939 462 3993 bcc
485 3945 590 3993 cucata.
632 3938 708 4003 Quae
731 3939 856 4008 sequitur
877 3945 1006 3997 ordinatio
1029 3941 1104 3996 idem
1127 3945 1209 3998 sonat
1230 3945 1305 4013 quod

109 4031 180 4081 sitia

112 4110 186 4176 llta
208 4109 243 4164 G¹
260 4112 301 4174 ul:
322 4108 389 4162 bcc
409 4113 555 4164 societatem
577 4113 704 4177 conflans
727 4109 781 4176 (vel
804 4114 935 4179 conflare).
979 4109 1092 4166 Mallem
1118 4117 1144 4167 in
1166 4119 1304 4169 concordia

129 4200 268 4249 serenitate
285 4204 412 4248 constare.

109 4280 125 4347 ¹)
142 4280 209 4333 boc
225 4281 391 4346 sperabamus
463 4289 643 4347 capnoscentes
716 4283 861 4342 audientes,
880 4280 977 4334 contra
994 4297 1044 4334 ms.
1063 4281 1154 4336 fidem.

109 4368 126 4433 ¹)
141 4365 186 4420 lia
203 4363 252 4431 (ὓς
270 4362 338 4417 bec
355 4364 510 4418 mutarunt:
528 4374 624 4432 tempus
697 4368 832 4418 retinuisse
850 4369 1028 4418 consideratur
1046 4377 1071 4419 et
1088 4379 1174 4435 aptum
1191 4379 1217 4422 et
1233 4372 1303 4425 dett·

109 4453 152 4504 ¹'uit
168 4454 277 4517 menam.

109 4532 238 4602 lNeque
264 4531 310 4587 hic
332 4549 395 4586 cum
416 4531 536 4586 Baronio
563 4531 777 4601 praeferendum
802 4539 933 4602 putamus
959 4540 1034 4588 etiarn
1060 4541 1153 4591 scama
1176 4546 1303 4601 transire:

109 4617 178 4672 euim
196 4616 250 4671 sibi
267 4616 339 4680 vult,
362 4633 438 4684 eum,
461 4616 508 4684 qui
529 4618 655 4687 perfecta
672 4616 789 4671 mutate
807 4617 913 4686 agitur,
933 4618 1048 4674 nimiam
1066 4623 1095 4675 et
1113 4624 1302 4693 scrupulosam

109 4701 178 4756 ficiis
196 4701 384 4772 diligentiam,
403 4700 451 4755 ubi
467 4701 595 4765 interest,
614 4701 726 4755 missam
744 4702 849 4769 facere,
867 4702 993 4772 adeoque
1011 4704 1077 4760 licet
1093 4706 1243 4764 Hormisda
1260 4711 1301 4764 ut·

119 4786 266 4842 novissime
285 4785 441 4853 ordinatus,
463 4788 611 4841 secundum
628 4787 771 4856 receptum
789 4801 896 4841 morem
917 4787 994 4857 prior
1011 4789 1132 4847 scribere
1149 4792 1301 4862 teuerebu,

115 4874 210 4928 tamen
228 4870 419 4928 consuetudini
436 4889 465 4926 se
484 4871 669 4942 scrupulosius
687 4871 791 4926 servire
808 4871 937 4928 noluisse.
