3204 5506
277 324 337 386 leo
737 343 764 389 s.
782 340 949 390 sinrnren
973 340 1087 388 aaran:

167 504 260 556 alla
275 495 389 559 nuntio
416 516 510 579 quem
537 495 669 560 misistis
703 494 855 560 redeunte
883 494 1065 561 direximus.
1116 495 1203 561 Data
1224 495 1274 561 ΠΙ
1296 495 1555 597 Idusdanuarii

160 592 176 600 ’“
276 598 404 662 consule
427 598 673 683 suprascripto.‘
761 611 764 615 '

789 801 970 905 Epistola
995 803 1029 886 5.

46 944 50 951 ·
135 928 271 991 (allam.

165 993 239 1061 pm„
387 954 566 1041 Simplicii
592 973 700 1040 papae
723 955 766 1022 ad
789 954 958 1022 Acastum
981 955 1439 1041 Constantinopolitannm.

311 1097 344 1147 Ul
361 1113 406 1147 suo
424 1097 503 1162 ipsius
521 1098 617 1148 acrisiae
635 1099 706 1161 apud
721 1100 898 1162 imperatorem
916 1104 987 1160 repul,
1012 1113 1043 1147 ne
1066 1113 1131 1162 quae
1148 1099 1174 1147 in
1194 1097 1397 1149 Calchedonem
1418 1099 1523 1164 synodo
1563 1110 1589 1163 p.

678 1189 774 1232 slalula
792 1189 850 1232 sunl
868 1184 992 1233 ullatenus
1010 1182 1142 1237 violentur.

427 1315 660 1400 Simplicius
688 1315 896 1401 episeopus
919 1315 1067 1380 Aeaeio
1096 1315 1281 1401 episcopo
1310 1314 1557 1383 Constanti·

496 1418 768 1502 napolitano.

359 1536 461 1613 Qumn
489 1538 547 1602 filii
575 1538 686 1620 nostri,
720 1536 854 1601 illustris
877 1537 925 1600 vir
951 1535 1085 1601 Latinus
1113 1536 1267 1620 patricius
1300 1541 1335 1602 et
1362 1538 1558 1623 spectabilis

275 1639 449 1723 llladusins,
473 1661 531 1724 pro
554 1640 717 1725 legatione
739 1639 868 1722 publica
883 1639 1098 1722 mitterentur,
1122 1639 1288 1724 negligere
1303 1661 1372 1704 non
1386 1640 1557 1725 potrnmns

274 1740 357 1826 qnod
384 1741 470 1805 omni
499 1742 678 1811 intentione
707 1763 863 1806 curamus.
914 1741 1062 1806 Proxime
1089 1763 1227 1825 namque
1255 1762 1354 1826 quum
1384 1742 1556 1829 presbytes·

274 1865 380 1907 rorum
403 1847 434 1907 et
457 1845 686 1909 monachorum
709 1843 748 1907 de
762 1843 930 1908 Timotheo
952 1843 1029 1908 olim
1047 1845 1087 1907 ab
1103 1844 1275 1908 universali
1290 1843 1448 1909 Ecclesia
1463 1865 1554 1930 sepa-

273 1950 344 2027 rato
366 1947 495 2030 querela
518 1947 667 2030 venisset,
697 1950 764 2010 tarn
787 1945 1060 2010 Christianissimo
1089 1945 1228 2031 principi
1256 1967 1354 2030 quam
1373 1945 1555 2013 dilectioni

273 2052 347 2113 tuae
377 2050 576 2134 scripsimus,
607 2052 643 2112 ut
670 2048 772 2113 modis
799 2048 946 2112 omnibus
974 2047 1113 2130 resistat,
1143 2069 1184 2111 ne
1211 2047 1289 2132 quid
1310 2047 1553 2115 haereticorum

274 2155 386 2215 contra
408 2152 667 2217 Calchedonense
691 2151 861 2215 concilium
888 2150 1038 2214 moliatur
1067 2149 1211 2232 audacia,
1241 2149 1346 2214 frater
1367 2150 1554 2235 carissime3

274 2255 306 2316 et
327 2253 507 2319 dilectionis
534 2258 608 2318 tuae
635 2253 795 2317 laudando
824 2251 1050 2334 constantiam,
1079 2252 1214 2315 multum
1239 2250 1334 2316 nobis
1362 2252 1469 2318 immo
1491 2252 1553 2339 ipsi

272 2354 412 2419 Domino
433 2337 560 2440 plaeiere
582 2355 848 2437 memoravimus,
862 2354 945 2438 qarod
967 2354 1153 2418 damnatum
1175 2352 1339 2417 hominem
1361 2375 1434 2421 non
1449 2355 1554 2421 solnm

273 2458 348 2521 fidei
382 2458 437 2522 sed
473 2458 569 2522 etiam
604 2457 768 2541 parricidii
797 2478 892 2521 carisa
920 2456 1042 2520 nullam
1070 2455 1353 2540 Constantinopoli
1379 2457 1554 2525 ecclesiam

273 2558 406 2623 introire
436 2560 628 2644 permiseris.
674 2559 764 2635 Quod
791 2580 878 2623 nunc
907 2558 1022 2622 iterum
1051 2580 1296 2642 commonemus,
1327 2563 1366 2624 ut
1387 2582 1491 2645 quum
1512 2559 1553 2627 ad

273 2660 478 2725 dilectionem
500 2665 589 2726 tuem
613 2661 723 2725 eadem
745 2662 865 2745 scripta
886 2661 1101 2745 pervenerint,
1129 2661 1226 2725 immo
1249 2660 1349 2725 etiam
1370 2660 1481 2727 donec
1503 2684 1554 2728 ve-
1595 2654 1597 2659 ⁵

273 2763 377 2844 nient,
402 2764 485 2846 apud
509 2763 815 2829 Christianissimum
838 2763 1017 2846 principem
1043 2763 1140 2827 etiam
1162 2765 1272 2826 nostro
1294 2760 1433 2828 nomine
1456 2784 1555 2850 agera

273 2865 461 2950 suppliciter
483 2869 578 2950 atque
601 2865 765 2930 insinuare
787 2889 854 2930 non
876 2864 1014 2946 desinas,
1043 2868 1080 2929 ut
1101 2886 1181 2948 quae
1203 2864 1300 2928 toties
1323 2867 1359 2928 et
1379 2863 1470 2930 bene
1491 2869 1555 2932 sta-

272 2970 343 3031 tuta
365 2971 450 3051 sunt,
475 2968 563 3032 nulla
586 2968 772 3051 obreptione
795 2968 969 3031 violentur:
992 2967 1067 3051 qnia
1089 2966 1182 3051 regni
1204 2966 1273 3049 ejus
1295 2968 1426 3032 certum
1442 2968 1556 3035 etsin·

273 3069 385 3153 gulare
408 3075 456 3134 est
479 3070 725 3151 firmamentum,
756 3092 830 3132 vero
853 3072 949 3153 atpue
972 3072 1104 3133 aeterno
1125 3068 1195 3153 regi
1219 3072 1500 3154 congregatorum
1521 3071 1556 3136 in

274 3193 370 3236 causa
392 3173 467 3238 fidei
489 3173 598 3236 divino
615 3171 736 3256 Spiritu
757 3170 958 3236 sacerdotum
981 3170 1126 3235 illaesum
1150 3171 1554 3239 conservare-concilium.

794 3373 974 3476 Epistola
1001 3375 1034 3457 6.

139 3511 260 3634 adlati
479 3526 659 3614 Simplicii
684 3545 793 3613 papae
815 3527 859 3593 aa
882 3527 1056 3594 Zenonem
1079 3528 1352 3613 imperatorem.

309 3642 456 3718 Gratulatus
474 3668 616 3733 Simplicius
635 3671 667 3719 de
686 3669 813 3718 Basilisco
831 3668 935 3718 subacto
953 3669 1072 3719 hortatur
1091 3670 1222 3726 Zenonem,
1241 3674 1269 3717 ul
1280 3667 1424 3721 Ecclesiae
1435 3670 1524 3723 hales
1561 3670 1597 3741 pl

307 3754 415 3801 uicissim
432 3755 586 3818 rooiprimal,
606 3754 809 3805 Aleaandrlaam
827 3755 971 3817 episcopum
988 3755 1046 3804 serii
1061 3769 1123 3803 suae
1141 3757 1267 3815 reslllual,
1286 3752 1401 3820 atropos
1417 3757 1523 3822 iuopia

308 3836 430 3887 Basilisci
449 3840 616 3895 sanctiorem,
638 3855 670 3889 ae
689 3839 783 3890 Leonis
802 3840 942 3888 doctrinam
960 3845 985 3887 el
1003 3838 1220 3889 Calchedonensia
1237 3839 1345 3889 decreta
1362 3840 1523 3892 laeenam

824 3939 880 3974 esse
891 3923 992 3985 jubeat,

426 4055 658 4140 Simplicius
681 4057 889 4142 episcopus
912 4054 1060 4121 Zenoni
1084 4057 1276 4141 Augusto.

361 4177 388 4238 1.
433 4175 523 4239 Inter
545 4198 642 4260 opera
669 4175 796 4240 divinae
819 4174 1050 4260 providentiae,
1078 4197 1159 4260 quae
1181 4176 1235 4260 pia
1256 4196 1386 4260 semper
1410 4180 1445 4241 et
1463 4177 1555 4263 juso·

274 4280 360 4359 sunt,
389 4277 507 4341 nostris
535 4300 659 4362 quoque
681 4278 876 4362 ternporibns
906 4277 1009 4361 eloqui
1036 4277 1197 4361 potentias
1219 4276 1349 4341 Domini
1375 4276 1434 4343 vix
1456 4300 1555 4365 quaa·

275 4377 354 4441 libet
381 4379 522 4444 humana
549 4380 661 4464 lingua
689 4380 838 4445 sufficiet.
883 4380 961 4455 Quis
989 4380 1109 4444 etenim
1136 4380 1243 4444 valeat
1268 4378 1320 4443 vel
1348 4378 1556 4466 cogitatione

276 4480 444 4563 complecti
468 4481 517 4545 vel
540 4504 616 4546 voee
639 4482 833 4566 depromere,
858 4481 941 4566 qnod
963 4482 998 4545 in
1021 4482 1091 4572 ipso
1113 4481 1276 4565 utriusque
1297 4480 1346 4545 rei
1368 4480 1557 4549 laborantis

276 4581 410 4645 articulo
439 4586 472 4646 et
494 4584 576 4647 votis
598 4584 734 4668 publicis
758 4588 790 4648 et
799 4585 822 4670 ¹)
846 4583 1012 4669 religionis
1041 4588 1173 4649 sanetae
1194 4581 1335 4648 reddidit
1355 4604 1416 4650 vos
1438 4584 1555 4671 quieti,

277 4738 579 4753 ὴ-

344 4822 364 4885 ¹)
383 4821 543 4889 Legendnm
565 4833 590 4875 el
613 4827 755 4890 relipiouia,
779 4823 874 4877 addito
892 4834 929 4885 el,
952 4824 983 4875 ut
1004 4822 1179 4891 intelligatur
1200 4831 1309 4899 seraque
1326 4820 1379 4877 illa
1397 4841 1456 4885 res.
1481 4840 1556 4895 qnae

276 4905 327 4959 snb
351 4904 482 4960 Basilisco
500 4910 633 4961 laborasse
651 4907 764 4974 dicitnr,
782 4925 881 4979 nempe
900 4925 944 4962 res
966 4907 1079 4977 publiea
1096 4912 1125 4962 et
1143 4905 1251 4976 religio.
1288 4910 1438 4965 Ecclesia·
1455 4920 1486 4965 et
1502 4928 1556 4967 m
