3204 5506
198 335 262 399 500
672 347 699 394 s.
718 345 859 394 oannsn
881 345 995 392 raras

199 504 310 589 ptione
333 502 496 585 contradi,
531 501 632 564 donee
655 500 851 584 temporibus
879 499 1053 581 universis,
1087 497 1203 582 quibus
1231 495 1301 560 boc
1332 496 1488 581 patrimo

199 607 287 671 nium
315 605 513 690 gubernasse
542 603 763 688 cognoscitur,
799 606 907 687 partes
936 600 1112 665 dominicas
1139 599 1281 665 reddere
1313 599 1488 685 cogatar³)

199 708 376 772 indemnes.

650 843 1016 946 mmmmmmta

588 984 627 1032 De
644 985 773 1033 seruanda
791 984 925 1033 testatoris
942 984 1078 1031 uoluntate.
1496 996 1520 1049 μ

352 1098 542 1164 Gelasius
567 1098 796 1163 Lanrcntio.

285 1219 505 1284 Consideratio
538 1218 772 1282 ecclesiasticae
803 1217 955 1281 utilitatis
984 1217 1043 1281 hoc
1075 1215 1236 1300 postulat,
1280 1236 1323 1278 ex
1355 1213 1489 1299 disposi-

200 1321 289 1384 tione
299 1323 324 1407 ¹)
346 1320 537 1384 servandum
561 1321 726 1415 testaberis
748 1319 929 1384 arbitrium.

652 1490 1021 1594 mmmmmmib

433 1631 623 1681 Sacerdatntern
641 1632 846 1681 intercessionem
862 1630 1007 1695 petentibus
1024 1644 1074 1678 non
1092 1628 1246 1693 negandam.
1496 1647 1520 1699 p,

355 1746 539 1810 Gelasius
562 1745 729 1809 Leontio
751 1750 791 1809 et
812 1745 931 1809 Petro
954 1742 1162 1828 episeopis.

288 1864 437 1949 Quisquis
459 1867 493 1928 in
517 1865 656 1950 negotiis
678 1865 743 1928 suis
766 1864 868 1928 nostri
889 1864 1028 1928 nominis
1044 1863 1282 1927 intercessione
1299 1866 1420 1947 sperat
1433 1863 1490 1927 sibi

202 1968 342 2031 remedia
364 1989 457 2052 posse
480 1968 635 2050 conferri,
659 1989 761 2050 prona
784 1988 842 2029 nos
865 1966 1016 2030 convenit
1038 1963 1248 2029 animositate
1272 1970 1460 2049 praestare.

653 2137 1016 2241 flammanti

533 2278 672 2328 Vidnannn
689 2293 781 2326 causas
799 2278 934 2341 impensius
952 2277 1059 2326 urendas
1076 2291 1140 2325 esse.
1499 2296 1522 2348 p,

356 2394 541 2459 Gelasius
564 2393 758 2458 Gerontio
782 2396 819 2456 et
840 2392 959 2456 Petro
982 2391 1192 2476 episcopis.

288 2514 379 2577 Licet
401 2514 547 2577 omnibus
570 2513 609 2577 dc
632 2513 724 2577 uobis
746 2511 950 2595 sperantibus
972 2533 1038 2576 non
1059 2510 1248 2596 debeamus,
1275 2513 1493 2600 inquantum

203 2635 380 2699 possumus,
409 2638 467 2678 nos
491 2636 619 2700 negare,
649 2616 721 2699 plus
743 2618 852 2678 tamen
875 2615 1041 2679 viduarum
1068 2616 1101 2677 et
1121 2612 1358 2698 orphanorum
1383 2638 1493 2683 causas

204 2720 236 2779 et
258 2717 433 2800 impensius
456 2717 599 2782 ducimus
622 2716 849 2800 exsequendas,
873 2738 952 2800 quas
974 2716 1057 2779 tueri
1080 2737 1099 2778 a
1120 2715 1218 2780 nobis
1243 2719 1300 2782 rel
1327 2720 1375 2785 ab
1396 2719 1494 2785 omni-

204 2818 263 2882 bus
286 2818 394 2883 divina
416 2820 605 2884 manifestat
628 2819 772 2882 assertio.

654 2989 1021 3093 mmmmmmit

243 3129 276 3182 Ut
294 3133 448 3182 Anastasius
465 3133 575 3196 pupillos
594 3131 733 3181 Maximam
751 3136 776 3179 et
794 3130 943 3179 lanuarias
960 3135 1052 3178 eontra
1069 3129 1284 3181 aduersariam
1303 3141 1451 3185 canneta
1497 3153 1521 3205 p.

776 3221 904 3279 prorepat.

355 3333 540 3397 Gelasius
563 3331 828 3415 Anastasio¹).

288 3450 448 3516 Desolatis
471 3452 619 3536 propriae
641 3449 837 3515 defensionis
860 3448 994 3532 auxilio,
1026 3450 1133 3534 etqui
1157 3450 1225 3515 suis
1253 3454 1392 3520 actibus
1419 3476 1489 3540 pro

203 3551 326 3637 desse²)
349 3575 407 3637 pro
430 3555 546 3617 aetatis
569 3553 757 3616 infirmitate
784 3573 849 3615 non
877 3553 1027 3634 possunt,
1058 3555 1226 3616 exoratum
1254 3553 1356 3620 decet
1383 3557 1488 3642 ponii

204 3654 296 3718 ficem
319 3656 498 3740 subvenire,
528 3655 603 3739 quia
626 3654 755 3739 pupillis
764 3654 790 3739 ³)
813 3653 982 3717 tuitionem
1005 3653 1103 3717 etiam
1125 3653 1294 3720 divinitas.
1303 3657 1410 3741 jussit
1430 3658 1484 3723 im·

203 3756 310 3839 pendi.
356 3757 401 3820 m
422 3758 492 3821 ideo
516 3756 656 3820 Maximo
679 3760 712 3819 et
733 3756 888 3819 danuario
911 3753 1066 3819 clericalis
1089 3755 1201 3839 officii,
1225 3758 1284 3841 qui
1308 3780 1344 3824 se
1359 3756 1481 3825 missin

202 3862 373 3941 parentum
396 3859 445 3921 vel
469 3859 719 3943 propinquorum
742 3860 890 3922 asserunt
912 3856 1098 3940 destitutos,
1125 3856 1284 3923 auxilium
1307 3882 1348 3925 er
1371 3864 1530 3976 ansb&

201 3958 404 4044 delegatione
427 3960 621 4044 praestabis,
650 3963 688 4024 ut
710 3960 860 4023 adversus
883 3958 1105 4042 improbitates
1128 3959 1390 4026 adversariorum

201 4080 273 4124 rum
296 4065 444 4147 protecti,
468 4068 543 4127 tuae
566 4061 779 4126 exsecutionis
795 4061 911 4125 annisu
926 4060 1023 4124 noxia
1038 4064 1221 4126 commenta
1236 4083 1305 4128 non
1320 4064 1531 4191 οιὲιιῇιικ1

269 4233 290 4298 ³)
308 4231 328 4285 Z
347 4242 484 4299 capaneia,
503 4248 554 4286 nec
571 4231 657 4298 male3
675 4232 728 4287 boc
746 4231 819 4286 enim
837 4231 954 4286 verbum
972 4231 1149 4286 referendum
1166 4230 1280 4287 videtur
1296 4232 1334 4288 ed
1346 4239 1420 4302 βίοι

202 4318 234 4368 29
271 4319 290 4385 ¹)
308 4315 417 4383 Zjasta
434 4322 602 4386 dispositione
621 4317 665 4383 (al.
686 4320 895 4386 dispensatione).

126 4460 133 4475 ,
202 4405 234 4452 32
271 4402 290 4468 ¹)
308 4399 328 4452 Z
348 4400 428 4454 addit
445 4407 579 4469 episcopo,
599 4402 698 4455 contra
715 4418 778 4454 mss.
799 4402 828 4454 ct
846 4417 880 4455 ea
897 4417 969 4469 quac
986 4402 1141 4470 sequuntur
1157 4404 1298 4470 (stertentis
1309 4408 1519 4505 MN

202 4489 257 4536 liam
276 4503 312 4538 ex
329 4496 418 4539 nostra
437 4491 595 4555 detepntiane
612 4490 778 4554 praestabis).

268 4570 290 4637 ²)
309 4568 436 4623 Editores
454 4571 473 4622 Z
492 4571 685 4639 praetulerunt
703 4577 807 4635 adesse,
832 4571 897 4624 licet
919 4572 947 4625 in
964 4572 1091 4642 pluribus
1108 4589 1171 4628 mss.
1192 4571 1362 4629 meantem·
1377 4588 1493 4653 ηοω

204 4653 253 4704 aab
268 4658 406 4720 prodesse,
426 4654 500 4722 quod
519 4657 548 4709 et
564 4655 671 4709 habent
687 4655 781 4709 nostri.

269 4739 290 4805 ³)
308 4737 339 4790 Iu
361 4737 458 4807 priscis
477 4737 646 4793 editionibus
664 4741 683 4794 Z
702 4741 747 4795 hic
765 4741 922 4796 addebatur
940 4753 964 4796 et
982 4748 1077 4805 n'dnis:
1099 4744 1176 4815 quod
1201 4745 1280 4801 recte
1295 4758 1468 4815 suppremus

201 4818 229 4872 in
252 4822 465 4890 recentioribus,
488 4841 572 4890 quum
597 4824 641 4878 hic
664 4825 699 4879 de
722 4826 829 4881 duobus
854 4829 964 4881 tantum
989 4829 1102 4899 pupillis
1125 4830 1164 4884 sit
1185 4846 1287 4886 sermo.
1321 4828 1381 4884 rtur
1394 4812 1459 4885 tei

199 4912 299 4963 rotatio.
1408 4911 1411 4916 ¹
