3204 5506
567 362 761 411 EPISTOLAE
784 353 834 411 51.
859 353 909 411 52.

606 549 787 655 Epistola
813 552 870 635 52.

190 702 406 770 Hormisdao
428 718 539 788 papae
560 702 604 768 ad
627 702 825 824 Jolpannem
848 703 1284 787 constantinopolitanum
1384 712 1522 845 (affini.

633 822 848 889 episcopum.
1463 819 1468 829 ·

121 947 231 1008 Parem,
251 964 323 1014 qaam
340 947 504 997 landabiliter
522 947 665 1008 desiderat,
682 946 775 1010 perfici
792 949 841 995 non
856 960 948 1009 posse,
967 947 1017 996 nisi
1035 947 1155 996 Aeaeam
1172 964 1225 998 cam
1241 951 1355 1014 sequaci·

138 1033 186 1083 baa
205 1034 263 1098 ejula
279 1034 437 1090 condemnet,
456 1033 531 1098 idque
548 1031 734 1094 subscriptione
753 1030 831 1080 libelli
845 1045 895 1094 per
906 1033 1002 1095 lepalas
1021 1034 1164 1082 wormat
1176 1037 1338 1098 profiteatur.

220 1180 228 1189 ·
260 1164 469 1230 Hormisda
491 1163 668 1229 Johanni
691 1161 877 1248 episcopo
901 1162 1371 1252 Constantinopolitano.

194 1287 222 1350 l.
254 1284 461 1350 Reddidimus
484 1283 612 1369 quidem
632 1283 744 1366 frater,
772 1303 947 1367 congruum
969 1283 1084 1348 litteris
1106 1285 1170 1349 tuis
1192 1287 1251 1350 sub
1274 1287 1372 1351 ecole-
1386 1316 1429 1368 ep.
1440 1305 1481 1354 sa.

103 1386 238 1451 siastica
259 1387 407 1452 libertate
429 1407 618 1471 responsum
629 1386 671 1471 ¹);
694 1387 726 1448 et
741 1383 816 1468 quid
831 1385 866 1448 in
887 1385 938 1449 his
960 1386 1116 1471 gratulati
1137 1389 1301 1473 fuerimus,
1325 1389 1373 1453 in·
1386 1418 1428 1471 ep.
1441 1407 1481 1454 sl.

103 1491 244 1573 sertum,
268 1488 344 1575 quid
365 1488 588 1553 taciturnitate
610 1487 835 1571 praeteritum,
865 1487 1030 1552 evidenter
1058 1481 1279 1574 expressimus.
1324 1492 1373 1555 Ae

103 1590 182 1656 licet
206 1596 323 1656 cuncta
345 1592 491 1656 sensibus
513 1591 578 1654 tuis
599 1611 686 1653 nunc
710 1588 822 1652 crebra
845 1588 974 1673 legatio,
998 1613 1163 1675 nuncusu
1176 1593 1212 1656 in
1227 1592 1372 1657 Ecclesia

104 1691 277 1758 diuturnae
301 1692 552 1759 conversationis
574 1696 648 1756 tuae
668 1694 810 1756 vetustas
832 1690 1002 1775 infuderit,
1022 1694 1117 1777 juvat
1138 1698 1248 1759 tamen
1270 1695 1374 1760 adhuc

104 1795 204 1860 latius
227 1796 350 1882 aperire
371 1799 518 1860 nostrum
545 1795 682 1878 repetita
710 1792 832 1857 ratione
862 1792 1044 1859 consilium:
1082 1796 1157 1880 quia
1185 1802 1263 1862 tunc
1293 1798 1374 1863 bene

105 1897 145 1962 de
167 1898 243 1962 fidei
264 1899 416 1963 firmitate
439 1897 621 1979 disseritur,
652 1894 779 1980 quando
807 1895 1004 1978 simplicibus
1026 1898 1132 1963 verbis
1154 1900 1374 1964 conciliandae

105 2000 197 2084 pacis
220 2001 375 2086 cupiditas
399 2001 586 2085 explicatur.

192 2103 223 2166 2.
257 2102 423 2167 Desideria
451 2103 568 2187 quippe
598 2105 670 2183 tua,
706 2101 820 2184 quibus
848 2106 881 2165 te
904 2102 945 2166 ad
967 2101 1217 2168 ecclesiasticam
1244 2105 1373 2169 testaris

106 2203 263 2269 festinare
292 2206 510 2287 concordiam,
539 2207 575 2267 ut
602 2203 759 2268 haberent
780 2206 888 2288 partes
911 2203 1002 2288 illae,
1031 2226 1157 2289 semper
1179 2207 1373 2290 optavimus;

106 2329 168 2372 nec
196 2308 263 2371 sola
290 2309 434 2371 votorum
468 2305 643 2370 ambitione
677 2306 836 2390 contenti,
874 2306 923 2370 usi
952 2306 1050 2371 etiam
1077 2309 1224 2392 precibus
1254 2331 1372 2373 sumus.

107 2407 225 2474 Vestro
247 2413 323 2473 sunt
344 2409 424 2473 haec
446 2413 479 2472 et
500 2408 610 2472 mundi
632 2409 815 2473 testimonio
838 2409 987 2472 roborata
1002 2431 1083 2493 quae
1104 2409 1276 2495 loquimur:
1299 2413 1375 2497 quia

108 2515 145 2575 nt
168 2511 345 2575 catholicae
373 2511 508 2575 unitatis
531 2510 691 2595 reparatio
713 2512 785 2594 fiat,
816 2511 1040 2575 auctoritatem
1068 2517 1212 2578 nostram
1240 2515 1374 2579 inteme-

106 2623 179 2677 rata
187 2614 213 2700 ²)
247 2614 321 2678 fidei
354 2613 543 2698 integritate
573 2614 800 2678 submittimus.
854 2613 995 2678 Inclinat
1026 2615 1223 2680 orationibus
1256 2619 1374 2682 nostris

109 2738 220 2779 aurem
242 2738 333 2779 suam
355 2716 464 2780 divina
485 2716 659 2799 miseratio,
685 2721 720 2781 ut
741 2715 825 2801 quod
847 2716 975 2780 creditis
997 2717 1239 2803 postulandum,
1264 2742 1374 2805 sequa-

107 2818 188 2882 mini
211 2822 244 2882 et
266 2820 379 2882 ametis
400 2819 553 2883 oblatum.
595 2818 695 2883 Nobis
711 2842 776 2882 una
798 2841 912 2883 causae
934 2819 1122 2904 sollicitnd0,
1146 2844 1211 2886 una
1233 2824 1375 2886 custodia

108 2923 172 2985 est:
207 2921 253 2984 ita
278 2943 391 3006 pacem
419 2943 547 3005 cupere,
577 2926 613 2985 ut
641 2922 686 2985 sic
715 2921 897 3006 religionis,
929 2921 975 2985 sic
997 2922 1226 2987 venerabilium
1248 2928 1375 3006 patrum

109 3022 285 3087 constituta
308 3027 487 3108 serventur3
510 3023 661 3107 quoniam
676 3044 757 3106 quae
773 3024 858 3087 inter
879 3044 913 3087 se
937 3045 1076 3089 consona
1099 3025 1287 3090 credulitate
1308 3048 1375 3091 non

108 3125 309 3210 discrepant,
339 3148 474 3210 aequum
502 3130 559 3209 est,
585 3129 620 3188 ut
642 3125 738 3188 simili
759 3126 980 3189 observatione
1002 3126 1190 3192 subsistant.
1235 3127 1297 3193 Sed
1320 3151 1376 3193 cur

109 3227 229 3292 diutius
250 3228 478 3292 immoramur?
508 3227 577 3292 Scis
599 3228 682 3311 ipse,
707 3227 842 3291 unitatis
865 3249 960 3291 causa
975 3229 1052 3312 quid
1067 3230 1185 3313 exigat,
1210 3228 1271 3293 scis
1294 3230 1373 3315 ipse,

110 3330 248 3415 quasia
278 3332 317 3395 ad
345 3331 431 3395 beati
453 3331 542 3395 Petri
570 3329 705 3414 apostoli
734 3330 848 3393 debeas
876 3331 985 3393 venire
1014 3332 1220 3396 consortium.
1265 3331 1375 3397 Habes

109 3434 236 3499 itineris
257 3433 305 3497 tui
328 3433 456 3517 ducem,
480 3456 573 3518 quem
594 3438 626 3496 te
645 3433 714 3516 jam
737 3432 825 3516 sequi
848 3433 978 3517 asseris,
1004 3432 1204 3499 Calchedona
1226 3434 1396 3499 habitum¹

109 3558 167 3620 pro
188 3535 345 3620 religione
369 3541 571 3600 conventum.
615 3535 691 3599 Jam
718 3539 751 3598 te
773 3555 912 3620 quoque,
941 3537 1025 3621 quod
1051 3536 1136 3601 idem
1158 3537 1309 3621 amplecti
1330 3544 1375 3602 te-
1488 3526 1492 3534 ’

111 3641 214 3703 status
237 3660 281 3721 es,
306 3639 393 3702 beati
415 3638 531 3703 Leonis
553 3637 739 3701 redeuntem
761 3637 878 3721 dogma
900 3638 1114 3704 comitabitur.

194 3741 226 3805 3.
260 3740 351 3805 Haec
373 3740 400 3805 si
422 3741 562 3824 placent,
586 3739 698 3804 Aeacii
720 3738 864 3803 defensio
886 3739 1029 3806 damnati
1052 3765 1117 3807 non
1139 3743 1282 3828 placeat:
1315 3745 1376 3810 hoc

110 3847 175 3927 est,
207 3842 290 3927 quod
313 3843 389 3908 boni
416 3843 513 3907 studii
536 3866 555 3907 a
576 3841 773 3926 perfectione
800 3846 874 3906 vota
901 3845 1076 3929 suspendit.
1127 3844 1160 3910 Si
1187 3851 1263 3911 sunt
1291 3850 1377 3913 enim

109 3946 166 4010 illa
189 3945 358 4010 adversum
384 3945 445 4010 Dei
474 3949 507 4009 et
533 3946 614 4030 legis
643 3945 710 4029 ejus
732 3945 878 4009 inimicos
900 3947 1130 4010 venerabilium
1152 3952 1280 4033 patrum
1303 3973 1376 4015 con-

109 4047 303 4134 gregatione
326 4048 495 4133 disposita,
525 4052 561 4111 ut
588 4049 729 4132 quisquis
758 4069 811 4111 eos
841 4049 1062 4114 communione
1084 4055 1283 4136 sequeretur,
1308 4054 1377 4136 jam

109 4154 190 4214 tunc
213 4150 312 4212 latam
335 4150 456 4214 subiret
476 4149 511 4214 in
534 4171 591 4213 sua
613 4150 818 4214 damnatione
841 4152 1050 4216 sententiam:
1082 4175 1149 4217 non
1176 4158 1252 4218 sunt
1277 4155 1378 4238 igitur

108 4276 196 4318 nora
218 4275 300 4337 quae
323 4257 509 4318 constanter
532 4253 742 4337 exsequimur,
769 4253 824 4316 sed
847 4254 1042 4338 temporibus
1064 4254 1127 4320 illis
1149 4256 1237 4320 facta
1255 4257 1377 4341 judicia

104 4356 200 4441 justa
222 4359 350 4440 patrum
373 4356 602 4422 constitutione
625 4378 797 4420 servamus.
842 4355 1018 4421 Hortamur
1045 4359 1168 4444 itaque,
1196 4359 1313 4444 frater,
1344 4363 1378 4424 et

107 4461 254 4523 mentem
279 4463 369 4523 tuam
396 4459 457 4524 Dei
485 4461 587 4524 nostri
614 4458 832 4523 misericordia
860 4460 1032 4542 adjuvante
1060 4462 1238 4546 pulsamus,
1273 4468 1310 4526 ut
1336 4464 1377 4527 ab

108 4560 200 4625 omni
222 4563 254 4625 te
276 4560 509 4625 haereticorum
525 4562 727 4646 contagione,
752 4562 906 4626 Acacium
922 4585 992 4627 cum
1008 4565 1195 4649 sequacibus
1215 4566 1281 4629 suis
1304 4589 1377 4631 con·

109 4664 309 4749 damnando,
339 4665 544 4751 disjungens,
574 4687 638 4729 una
666 4665 832 4729 nobiscum
859 4665 1010 4730 dominici
1039 4669 1178 4753 corporis
1205 4669 1377 4755 participa-

109 4857 143 4908 52
182 4857 200 4921 ¹)
220 4853 283 4907 Seil.
304 4872 375 4924 quae
394 4873 478 4925 supra
495 4854 630 4924 epistolae
648 4859 693 4920 43,
711 4860 751 4909 47.
788 4855 853 4908 Mox
872 4855 913 4909 ed.
934 4863 1112 4925 coupralalali.

179 4942 200 5008 ²)
219 4939 269 4995 Ed.
290 4940 378 4994 omitt.
396 4947 546 4996 irlemcrola
559 4948 629 5009 fidei.
663 4941 728 4996 Mox
747 4943 780 4998 ί]Ι
800 4966 848 5014 qao
867 4949 960 5010 tejam
977 4953 1057 5016 acqui.
