3204 5506
180 332 242 397 342
657 344 684 391 s.
702 342 841 390 onaasn
866 339 979 387 aaran

51 516 167 582 (adas.)
180 503 282 567 solum
310 501 440 565 minime
469 520 586 562 nomen
614 497 682 581 ejus
711 496 873 579 attigerit,
904 495 959 559 sed
980 494 1112 578 insuper
1137 491 1269 576 quando
1296 434 1501 658 principssf

181 605 314 689 adeptus
337 603 445 684 regiae
468 600 638 685 potestatis
662 599 844 683 exserere),
869 599 903 662 in
926 598 993 682 ejus
1009 619 1043 660 se
1057 596 1226 681 rescripsit
1242 596 1405 680 imperiip
1447 604 1472 641 s

180 707 322 772 motione
354 705 509 790 gaudere,
544 707 577 767 et
605 724 666 786 ego
698 700 787 765 nulla
816 701 916 786 ipsius
939 722 1080 783 unquam
1109 699 1233 784 scripta
1263 648 1488 784 percipiens)

181 809 365 873 honorificis
392 830 473 889 eum,
504 809 539 869 ut
562 805 679 884 nostiS,
709 804 826 868 litteris
855 804 995 866 salutare
1018 801 1221 867 curaverim?
1266 723 1495 865 Decessors

181 912 244 975 mei
267 910 457 992 sacerdotes,
487 909 541 993 qui
558 907 866 991 praevaricatoribus
889 928 922 969 se
947 904 1198 969 communicasse
1226 904 1360 988 propria
1380 924 1440 967 voce

91 1004 95 1013 ¹
183 1013 318 1078 confessi
343 1015 429 1092 sunt,
454 1033 473 1073 a
496 1009 719 1074 communione
742 1007 918 1093 apostolica
940 1007 1179 1072 submovenmt.
1218 1005 1289 1091 Sil)
1312 1005 1369 1070 isti
1390 1004 1447 1090 pls

183 1118 234 1180 cet
256 1138 289 1179 se
311 1115 445 1179 miscere
468 1112 640 1193 damnatis,
665 1112 759 1176 nobis
782 1132 847 1175 non
870 1113 977 1194 potest
998 1109 1165 1193 imputari,
1194 1109 1221 1172 si
1247 1108 1290 1172 ab
1314 1107 1362 1172 eis
1383 1106 1453 1172 velit

184 1217 363 1299 abscedere,
387 1219 479 1280 tanto
501 1214 605 1298 magis
629 1213 757 1277 anobis
780 1236 845 1277 non
861 1216 1050 1296 potestesse
1072 1212 1257 1293 damnatus,
1280 1209 1341 1275 scd
1356 1210 1460 1295 potius

184 1320 223 1384 ad
246 1319 385 1405 gratiam
409 1317 553 1381 sincerae
576 1317 807 1389 communionis
831 1315 997 1379 admissus.
1043 1314 1095 1378 Ad
1116 1316 1268 1378 senatum
1290 1334 1462 1399 versper-

183 1422 267 1487 tinet
288 1421 484 1500 Romanum,
514 1424 550 1483 ut
572 1441 693 1483 memor
715 1419 805 1501 fidei,
835 1439 931 1502 quam
959 1415 1188 1500 aparentibus
1217 1437 1252 1480 se
1280 1416 1468 1501 siiscepine

183 1524 346 1604 meminit,
377 1522 528 1607 contagia
556 1522 637 1585 vitet
665 1520 897 1584 communionis
926 1523 1088 1603 externae,
1117 1536 1159 1583 ne
1186 1542 1206 1583 a
1235 1519 1470 1585 (communione
1501 1570 1508 1587 .

184 1626 279 1709 hujus
302 1624 385 1688 sedis
408 1624 612 1707 apostolicae,
637 1623 719 1707 quod
742 1623 837 1703 absit,
861 1622 1012 1686 reddatur
1034 1625 1195 1686 externus.

270 1729 300 1791 3.
345 1726 482 1790 Veniam
506 1726 566 1789 sibi
590 1726 657 1788 dari
681 1725 830 1807 debere⁷)
853 1727 1047 1809 proponunt.
1087 1723 1240 1809 Legata,
1265 1746 1308 1788 ex
1334 1748 1401 1810 quo
1425 1730 1477 1791 est

125 1871 128 1876 -
186 1829 299 1914 religio
322 1827 515 1909 Christiana,
540 1828 589 1892 vel
614 1832 699 1891 certe
723 1827 815 1891 detur
838 1826 1030 1910 exemplum,
1054 1827 1088 1890 in
1111 1826 1261 1921 Ecclcpia
1276 1825 1346 1892 Dei
1370 1850 1390 1891 a
1406 1829 1476 1914 qui-

186 1931 325 1995 buslibet
347 1930 568 2014 pontificibus,
600 1930 639 1993 ab
666 1930 745 2013 ipsis
768 1929 932 2012 apostolis,
963 1928 1003 1991 ab
1030 1929 1100 2015 ipso
1128 1928 1268 2013 denique
1299 1930 1479 1999 Salvatcrc

187 2033 312 2097 veniam
336 2030 398 2095 nisi
422 2032 657 2117 corrigentibus
665 2033 691 2117 q)
714 2031 813 2095 irrisae
844 2053 1037 2095 concessam.
1083 2030 1241 2095 Auditum
1269 2036 1388 2099 autem
1417 2034 1478 2099 sub

186 2136 249 2200 isto
272 2135 360 2199 coelo
383 2155 443 2198 nec
465 2134 583 2219 legitur
605 2134 736 2198 omnino
759 2156 819 2198 nec
841 2133 968 2216 dicitur,
998 2134 1082 2217 quod
1104 2154 1214 2197 eorum
1246 2156 1331 2199 voce
1362 2137 1478 2222 depro

187 2238 298 2302 mitur:
324 2241 400 2300 Date
424 2242 508 2300 nobis
530 2245 658 2315 seuram,
686 2249 835 2301 ultranea
853 2258 906 2301 nos
922 2244 952 2299 e'n
974 2256 1080 2300 errore
1102 2240 1256 2301 daremus.
1283 2236 1327 2300 ld
1350 2260 1493 2325 quoquc.

187 2338 335 2423 paruml)
359 2342 418 2401 est.
450 2338 642 2419 Ostendant,
666 2338 719 2422 qui
743 2338 836 2402 nobis
860 2359 999 2402 canones
1022 2336 1171 2400 nituntur
1191 2359 1386 2422 opponere:
1409 2340 1478 2426 qui·

191 2441 250 2504 bus
272 2439 333 2504 hoc
357 2440 543 2522 canonibus,
567 2441 682 2526 quibus
706 2442 835 2526 regulis,
866 2463 929 2524 qua
951 2439 1098 2522 lectione,
1128 2460 1231 2522 quove
1261 2440 1476 2527 documento,

189 2543 255 2606 sive
279 2564 297 2604 a
319 2541 494 2623 majoribus
517 2543 646 2624 nostris,
677 2543 744 2606 sive
774 2543 814 2606 ab
837 2543 915 2628 ipsis
938 2541 1100 2626 apostolia,
1130 2562 1209 2624 quos
1232 2542 1386 2626 potiores
1414 2566 1476 2609 me

192 2644 254 2708 rito
277 2642 375 2706 luisse
399 2664 463 2706 non
487 2643 617 2708 dubium
640 2649 699 2727 est,
724 2666 779 2708 seu
803 2645 843 2708 ab
865 2646 934 2728 ipso
952 2643 1089 2707 Domino
1104 2640 1287 2726 Salvatcre,
1314 2646 1373 2730 qui
1393 2647 1477 2731 judi·

191 2748 318 2810 caturus
348 2745 488 2809 creditur
520 2747 609 2810 vivos
643 2751 675 2810 et
708 2750 861 2829 mortuos,
890 2746 956 2809 sive
989 2746 1110 2808 factum
1143 2747 1192 2809 est
1226 2768 1392 2832 unquam,
1427 2750 1476 2815 rel

189 2846 372 2911 faciendum
396 2868 463 2910 csse
486 2848 666 2912 mandatur.
712 2850 855 2913 Mortuos
878 2848 1048 2912 suscitasse
1070 2846 1208 2932 legimus
1232 2846 1420 2935 Christum,
1442 2853 1477 2919 in
1520 2870 1522 2875 ·

191 2970 296 3012 errore
318 2954 459 3013 mortuos
483 2950 654 3015 absolvisse
676 2974 742 3015 non
764 2951 911 3036 legimus.
947 2949 990 3012 Et
1012 2948 1066 3034 qui
1089 2950 1226 3036 aerae)
1250 2951 1317 3017 hoc
1332 2952 1477 3021 faciendi

191 3050 276 3115 solus
298 3051 411 3115 habuit
434 3057 636 3135 potestatem,
667 3054 761 3117 beato
783 3052 879 3116 Petro
904 3050 1126 3135 principaliter
1147 3053 1287 3116 mandat
1311 3056 1476 3139 apostolo:

77 3151 178 3255 Matlh-
193 3157 276 3229 Quae
296 3160 443 3232 licaveris
464 3178 556 3234 super
579 3168 702 3232 terrum,
727 3162 825 3233 lipom
848 3168 938 3218 eram
960 3166 989 3217 et
1010 3161 1040 3216 r'u
1063 3160 1169 3234 coelis,
1191 3166 1224 3218 ct
1245 3178 1332 3234 qaae
1353 3165 1479 3225 solveris

85 3225 172 3286 Μ’
190 3277 285 3335 super
306 3269 430 3333 terram,
455 3266 552 3322 soleto
574 3269 662 3320 errent
684 3269 713 3320 et
734 3264 764 3320 in
787 3265 879 3322 coelo.
918 3261 1164 3337 superterram,
1188 3255 1319 3341 inquit3
1342 3281 1425 3325 nam
1444 3260 1487 3327 ia'

193 3356 253 3420 hac
283 3356 438 3442 ligatione
466 3360 653 3423 defunctum
681 3381 839 3443 nusquam
874 3358 955 3422 dixit
980 3357 1112 3422 absolvi.
1157 3355 1250 3432 Quod
1281 3381 1366 3447 ergo
1395 3384 1476 3428 nun·

124 3461 131 3473 '
193 3481 289 3542 quam
311 3459 434 3523 sactum
457 3464 516 3541 est,
540 3461 589 3525 vel
613 3465 721 3524 mente
744 3462 912 3545 concipere
938 3460 1162 3542 formidamus,
1191 3461 1341 3527 scientes
1368 3464 1408 3529 in
1433 3462 1479 3529 di·

194 3712 259 3768 rint.
290 3712 352 3783 lpse
370 3714 464 3785 potius
483 3715 645 3770 Anastasius
663 3732 692 3769 se
711 3716 857 3770 damnasse
876 3714 1008 3769 ‹licendus
1026 3717 1075 3777 est,
1094 3716 1234 3783 quatenus
1246 3720 1481 3777 communionem

195 3797 357 3853 damnatam
379 3800 531 3855 catholicae
555 3799 740 3854 communioni
763 3800 908 3869 praetulit,
933 3799 1042 3854 neceb
1065 3799 1114 3853 illa
1134 3799 1198 3854 ullis
1221 3801 1344 3858 monitis
1369 3804 1481 3863 atiani

196 3884 373 3939 observantia
395 3883 484 3954 plenis
507 3884 642 3939 deterreri
664 3884 759 3938 valuit.
795 3884 930 3939 Eamdem
953 3883 1120 3938 calumniam
1138 3886 1168 3938 et
1190 3885 1334 3943 adversus
1352 3886 1480 3960 Symm-

196 3968 290 4034 cbum,
318 3970 349 4023 ut
371 3970 398 4022 in
422 3970 538 4039 epistola
564 3970 622 4037 ejus
651 3977 682 4023 10
704 3988 729 4022 n.
752 3978 782 4023 ld
810 3969 894 4023 visuri
921 3987 1057 4034 summus,
1090 3968 1165 4023 idem
1187 3968 1354 4041 imperator
1377 3974 1481 4032 instau-

196 4052 275 4108 ravit.

263 4142 284 4203 ⁵)
304 4139 346 4193 lta
363 4140 396 4192 D¹
411 4139 642 4192 mmmmm
657 4138 684 4191 d¹
699 4138 740 4197 d²;
765 4139 812 4193 alii
831 4138 897 4192 editi
916 4158 977 4192 cum
996 4138 1126 4192 1>²D⁸0¹
1141 4138 1176 4192 0²
1193 4152 1327 4198 exercuit.
1358 4144 1481 4217 Moxque
1521 4146 1523 4153 '

197 4223 224 4277 d¹
245 4223 348 4278 delevit
364 4231 472 4291 imperii.

264 4313 285 4363 θ)
304 4308 339 4362 0³
358 4312 387 4361 Si
404 4316 474 4367 istie·
492 4310 519 4362 d¹
540 4310 567 4362 in
587 4326 674 4377 marg.
694 4316 717 4361 si
735 4317 777 4361 ila.
815 4309 956 4362 l'vnnbulc
976 4315 1018 4361 isli
1035 4309 1236 4379 intelligendus
1254 4314 1287 4365 et
1311 4314 1481 4387 imperator,

263 4398 285 4461 ⁷)
303 4393 426 4448 Verbum
446 4399 549 4456 (debere,
573 4395 600 4447 in
620 4413 655 4448 cc
673 4395 817 4451 omissum.
841 4395 986 4447 revocatur
1005 4411 1038 4447 cr
1056 4412 1119 4447 ines.
1155 4394 1200 4449 Ab
1219 4396 1404 4467 imperatore
1422 4420 1481 4459 ωο-

197 4480 261 4547 ptus
279 4496 369 4532 sermo
388 4497 460 4533 nunc
478 4479 513 4533 ad
532 4482 639 4534 ceteros
658 4480 852 4532 damnatorum
871 4478 1057 4532 communioni
1074 4479 1202 4534 addictos
1221 4484 1414 4543 convertitur.

266 4566 286 4629 ⁸)
306 4562 350 4616 Sic
368 4582 432 4617 mss.
468 4566 505 4618 At
523 4565 622 4619 vocula
638 4584 666 4618 se
684 4563 729 4617 hic
747 4563 859 4618 additur
877 4563 906 4616 in
923 4564 1057 4634 vulgatis,
1080 4563 1128 4633 qui
1145 4565 1244 4621 tamen
1261 4566 1344 4624 idem
1363 4573 1481 4629 verbum

199 4646 257 4700 sinc
274 4667 303 4701 re
320 4647 393 4703 infra
410 4666 484 4703 num.
506 4657 534 4703 11
554 4652 586 4703 ut
604 4666 666 4703 mss.
687 4648 825 4703 exhibent.

267 4734 288 4798 ⁹)
307 4735 332 4785 a'
343 4731 362 4785 b
372 4736 398 4786 c⁷
409 4736 433 4786 cl
444 4736 481 4787 0¹⁰
492 4741 594 4803 pariter·
605 4740 740 4789 ostendant
754 4735 783 4787 et
795 4733 831 4787 ad
843 4750 931 4803 marg.
944 4754 996 4803 par
1008 4747 1046 4789 ert
1057 4740 1195 4790 ostendant
1209 4739 1240 4791 et
1251 4754 1322 4794 mox
1332 4744 1390 4797 eiu
1399 4749 1483 4812 ql·-

199 4819 278 4869 ribus.
297 4814 361 4870 Mes.
375 4815 400 4870 D
413 4816 447 4870 F⁴
459 4818 480 4870 F
482 4829 499 4853 m
511 4818 548 4872 N³
561 4818 583 4873 O
597 4819 630 4870 V¹
646 4820 672 4872 d'
687 4819 717 4872 d²
729 4841 818 4888 param
831 4830 877 4873 est.
898 4821 1046 4886 Ostendant,
1059 4818 1103 4874 0¹¹
1116 4818 1153 4874 Χι
1165 4823 1195 4877 8⁸
1206 4841 1262 4891 par
1275 4836 1317 4880 ese
1329 4834 1479 4884 odedu.

269 4900 301 4968 ¹⁰)
318 4900 383 4956 Mas.
403 4901 425 4956 0
444 4914 549 4963 cereum.
568 4919 688 4973 mosque
706 4903 751 4958 Ι)11
770 4911 834 4960 relat·
849 4919 901 4974 pro
919 4908 1022 4960 absolvi.
1266 4915 1269 4919 '
