<?xml version="1.0" encoding="UTF-8"?>
<!DOCTYPE html PUBLIC "-//W3C//DTD XHTML 1.0 Transitional//EN"
    "http://www.w3.org/TR/xhtml1/DTD/xhtml1-transitional.dtd">
<html xmlns="http://www.w3.org/1999/xhtml" xml:lang="en" lang="en">
 <head>
  <title>
</title>
<meta http-equiv="Content-Type" content="text/html;charset=utf-8" />
  <meta name='ocr-system' content='tesseract 3.04.00' />
  <meta name='ocr-capabilities' content='ocr_page ocr_carea ocr_par ocr_line ocrx_word'/>
</head>
<body>
  <div class='ocr_page' id='page_1' title='image "./epistolaeromano00thiegoog/epistolaeromano00thiegoog_0779.png"; bbox 0 0 3204 5506; ppageno 0'>
   <div class='ocr_carea' id='block_1_1' title="bbox 725 346 1087 395">
    <p class='ocr_par' dir='ltr' id='par_1_1' title="bbox 725 346 1087 395">
     <span class='ocr_line' id='line_1_1' title="bbox 725 346 1087 395; baseline 0 -1"><span class='ocrx_word' id='word_1_1' title='bbox 725 348 752 394; x_wconf 84' lang='lat' dir='ltr'>S.</span> <span class='ocrx_word' id='word_1_2' title='bbox 770 347 951 395; x_wconf 73' lang='lat' dir='ltr'>arundelli</span> <span class='ocrx_word' id='word_1_3' title='bbox 973 346 1087 394; x_wconf 78' lang='lat' dir='ltr'><strong>PAPAE</strong></span> 
     </span>
    </p>
   </div>
   <div class='ocr_carea' id='block_1_2' title="bbox 489 533 1324 772">
    <p class='ocr_par' dir='ltr' id='par_1_2' title="bbox 489 533 1324 772">
     <span class='ocr_line' id='line_1_2' title="bbox 673 533 1024 637; baseline 0.026 -29"><span class='ocrx_word' id='word_1_4' title='bbox 673 605 674 608; x_wconf 5' lang='grc' dir='ltr'>γ</span> <span class='ocrx_word' id='word_1_5' title='bbox 761 533 944 637; x_wconf 81' lang='lat' dir='ltr'>Epistola</span> <span class='ocrx_word' id='word_1_6' title='bbox 970 534 1024 618; x_wconf 87' lang='grc'>17.</span> 
     </span>
     <span class='ocr_line' id='line_1_3' title="bbox 489 684 1324 772; baseline -0.002 -18"><span class='ocrx_word' id='word_1_7' title='bbox 489 685 710 770; x_wconf 79' lang='lat' dir='ltr'>sigismundi</span> <span class='ocrx_word' id='word_1_8' title='bbox 733 688 830 770; x_wconf 80' lang='lat' dir='ltr'>rogis</span> <span class='ocrx_word' id='word_1_9' title='bbox 853 686 897 752; x_wconf 90' lang='lat' dir='ltr'>ad</span> <span class='ocrx_word' id='word_1_10' title='bbox 920 684 1173 767; x_wconf 84' lang='lat' dir='ltr'>Symmachum</span> <span class='ocrx_word' id='word_1_11' title='bbox 1195 706 1324 772; x_wconf 87' lang='lat' dir='ltr'>papam</span> 
     </span>
    </p>
   </div>
   <div class='ocr_carea' id='block_1_3' title="bbox 293 821 1517 1088">
    <p class='ocr_par' dir='ltr' id='par_1_3' title="bbox 293 821 1517 1088">
     <span class='ocr_line' id='line_1_4' title="bbox 879 821 958 872; baseline 0 -14"><span class='ocrx_word' id='word_1_12' title='bbox 879 821 928 859; x_wconf 90' lang='lat' dir='ltr'>seu</span> <span class='ocrx_word' id='word_1_13' title='bbox 945 859 958 872; x_wconf 67' lang='lat'>‚</span> 
     </span>
     <span class='ocr_line' id='line_1_5' title="bbox 293 917 1517 990; baseline 0.001 -15"><span class='ocrx_word' id='word_1_14' title='bbox 293 920 346 975; x_wconf 84' lang='lat' dir='ltr'>Ab</span> <span class='ocrx_word' id='word_1_15' title='bbox 361 920 461 975; x_wconf 83' lang='lat' dir='ltr'>Avito</span> <span class='ocrx_word' id='word_1_16' title='bbox 483 918 642 986; x_wconf 83' lang='lat' dir='ltr'>episeopo</span> <span class='ocrx_word' id='word_1_17' title='bbox 664 917 794 974; x_wconf 83' lang='lat' dir='ltr'>dictata</span> <span class='ocrx_word' id='word_1_18' title='bbox 816 918 881 973; x_wconf 90' lang='lat' dir='ltr'>sub</span> <span class='ocrx_word' id='word_1_19' title='bbox 902 917 1038 973; x_wconf 86' lang='lat' dir='ltr'>nomine</span> <span class='ocrx_word' id='word_1_20' title='bbox 1060 917 1177 975; x_wconf 91' lang='lat' dir='ltr'>domni</span> <span class='ocrx_word' id='word_1_21' title='bbox 1194 917 1411 988; x_wconf 76' lang='lat' dir='ltr'>sigismundi</span> <span class='ocrx_word' id='word_1_22' title='bbox 1432 921 1517 990; x_wconf 72' lang='lat' dir='ltr'>regis</span> 
     </span>
     <span class='ocr_line' id='line_1_6' title="bbox 616 1020 1204 1088; baseline 0.005 -13"><span class='ocrx_word' id='word_1_23' title='bbox 616 1020 661 1076; x_wconf 90' lang='lat' dir='ltr'>ad</span> <span class='ocrx_word' id='word_1_24' title='bbox 684 1021 924 1088; x_wconf 75' lang='lat' dir='ltr'><strong>Symmachum</strong></span> <span class='ocrx_word' id='word_1_25' title='bbox 944 1033 1068 1088; x_wconf 87' lang='lat' dir='ltr'>papam</span> <span class='ocrx_word' id='word_1_26' title='bbox 1089 1020 1204 1080; x_wconf 77' lang='lat' dir='ltr'>Urbis.</span> 
     </span>
    </p>
   </div>
   <div class='ocr_carea' id='block_1_4' title="bbox 341 1149 1596 1301">
    <p class='ocr_par' dir='ltr' id='par_1_4' title="bbox 341 1149 1596 1301">
     <span class='ocr_line' id='line_1_7' title="bbox 341 1149 1596 1221; baseline 0.005 -22"><span class='ocrx_word' id='word_1_27' title='bbox 341 1152 393 1201; x_wconf 88' lang='lat' dir='ltr'>Per</span> <span class='ocrx_word' id='word_1_28' title='bbox 409 1151 533 1200; x_wconf 67' lang='lat' dir='ltr'>lulianum</span> <span class='ocrx_word' id='word_1_29' title='bbox 551 1153 682 1200; x_wconf 82' lang='lat' dir='ltr'>rtinronura</span> <span class='ocrx_word' id='word_1_30' title='bbox 699 1166 790 1200; x_wconf 77' lang='lat' dir='ltr'>sacras</span> <span class='ocrx_word' id='word_1_31' title='bbox 807 1151 929 1215; x_wconf 75' lang='lat' dir='ltr'>reliquias</span> <span class='ocrx_word' id='word_1_32' title='bbox 943 1149 1115 1215; x_wconf 69' lang='lat' dir='ltr'>separandas</span> <span class='ocrx_word' id='word_1_33' title='bbox 1132 1167 1184 1201; x_wconf 75' lang='lat' dir='ltr'>res</span> <span class='ocrx_word' id='word_1_34' title='bbox 1200 1168 1218 1201; x_wconf 85' lang='lat' dir='ltr'>a</span> <span class='ocrx_word' id='word_1_35' title='bbox 1235 1151 1391 1218; x_wconf 50' lang='lat' dir='ltr'>&amp;wacko</span> <span class='ocrx_word' id='word_1_36' title='bbox 1410 1171 1483 1219; x_wconf 79' lang='lat' dir='ltr'>papa</span> <span class='ocrx_word' id='word_1_37' title='bbox 1549 1157 1596 1221; x_wconf 78' lang='lat' dir='ltr'>pli</span> 
     </span>
     <span class='ocr_line' id='line_1_8' title="bbox 596 1235 1213 1301; baseline 0.008 -18"><span class='ocrx_word' id='word_1_38' title='bbox 596 1237 673 1299; x_wconf 82' lang='lat' dir='ltr'>petit,</span> <span class='ocrx_word' id='word_1_39' title='bbox 696 1252 712 1284; x_wconf 87' lang='lat' dir='ltr'>a</span> <span class='ocrx_word' id='word_1_40' title='bbox 731 1251 779 1300; x_wconf 81' lang='lat' dir='ltr'>quo</span> <span class='ocrx_word' id='word_1_41' title='bbox 799 1237 864 1284; x_wconf 80' lang='lat' dir='ltr'>altas</span> <span class='ocrx_word' id='word_1_42' title='bbox 874 1235 933 1297; x_wconf 77' lang='lat' dir='ltr'>jara</span> <span class='ocrx_word' id='word_1_43' title='bbox 949 1237 1049 1300; x_wconf 78' lang='lat' dir='ltr'>pridem</span> <span class='ocrx_word' id='word_1_44' title='bbox 1065 1244 1213 1301; x_wconf 80' lang='lat' dir='ltr'>acceperat.</span> 
     </span>
    </p>
   </div>
   <div class='ocr_carea' id='block_1_5' title="bbox 205 1383 1556 3516">
    <p class='ocr_par' dir='ltr' id='par_1_5' title="bbox 272 1383 1553 1879">
     <span class='ocr_line' id='line_1_9' title="bbox 359 1383 1550 1471; baseline 0.005 -22"><span class='ocrx_word' id='word_1_45' title='bbox 359 1389 385 1450; x_wconf 87' lang='lat' dir='ltr'>l.</span> <span class='ocrx_word' id='word_1_46' title='bbox 424 1384 509 1448; x_wconf 90' lang='lat' dir='ltr'>Dum</span> <span class='ocrx_word' id='word_1_47' title='bbox 540 1405 632 1448; x_wconf 89' lang='lat' dir='ltr'>saera</span> <span class='ocrx_word' id='word_1_48' title='bbox 664 1383 871 1467; x_wconf 88' lang='lat' dir='ltr'>reliquiarum</span> <span class='ocrx_word' id='word_1_49' title='bbox 906 1385 1059 1470; x_wconf 89' lang='lat' dir='ltr'>pignora,</span> <span class='ocrx_word' id='word_1_50' title='bbox 1097 1387 1212 1471; x_wconf 89' lang='lat' dir='ltr'>quibus</span> <span class='ocrx_word' id='word_1_51' title='bbox 1241 1409 1305 1471; x_wconf 86' lang='lat' dir='ltr'>per</span> <span class='ocrx_word' id='word_1_52' title='bbox 1333 1410 1389 1454; x_wconf 89' lang='lat' dir='ltr'>me</span> <span class='ocrx_word' id='word_1_53' title='bbox 1413 1389 1550 1455; x_wconf 77' lang='lat' dir='ltr'>Galliam</span> 
     </span>
     <span class='ocr_line' id='line_1_10' title="bbox 273 1485 1552 1576; baseline 0.005 -25"><span class='ocrx_word' id='word_1_54' title='bbox 273 1491 411 1551; x_wconf 83' lang='lat' dir='ltr'>vestram</span> <span class='ocrx_word' id='word_1_55' title='bbox 426 1485 565 1570; x_wconf 87' lang='lat' dir='ltr'>spiritali</span> <span class='ocrx_word' id='word_1_56' title='bbox 580 1486 836 1550; x_wconf 76' lang='lat' dir='ltr'><strong>remuneratione</strong></span> <span class='ocrx_word' id='word_1_57' title='bbox 851 1486 989 1570; x_wconf 78' lang='lat' dir='ltr'>ditastis,</span> <span class='ocrx_word' id='word_1_58' title='bbox 1014 1509 1132 1572; x_wconf 87' lang='lat' dir='ltr'>negare</span> <span class='ocrx_word' id='word_1_59' title='bbox 1154 1489 1351 1573; x_wconf 85' lang='lat' dir='ltr'>petentibus</span> <span class='ocrx_word' id='word_1_60' title='bbox 1374 1514 1446 1556; x_wconf 90' lang='lat' dir='ltr'>nou</span> <span class='ocrx_word' id='word_1_61' title='bbox 1468 1515 1552 1576; x_wconf 80' lang='lat' dir='ltr'>prae</span> 
     </span>
     <span class='ocr_line' id='line_1_11' title="bbox 272 1581 1552 1679; baseline 0.003 -25"><span class='ocrx_word' id='word_1_62' title='bbox 272 1612 377 1672; x_wconf 89' lang='lat' dir='ltr'>sumo,</span> <span class='ocrx_word' id='word_1_63' title='bbox 400 1610 451 1652; x_wconf 86' lang='lat' dir='ltr'>ma</span> <span class='ocrx_word' id='word_1_64' title='bbox 473 1609 597 1673; x_wconf 87' lang='lat' dir='ltr'>quoque</span> <span class='ocrx_word' id='word_1_65' title='bbox 625 1592 808 1652; x_wconf 73' lang='lat' dir='ltr'>assuetorum</span> <span class='ocrx_word' id='word_1_66' title='bbox 837 1589 1017 1672; x_wconf 88' lang='lat' dir='ltr'>patrocinia</span> <span class='ocrx_word' id='word_1_67' title='bbox 1045 1590 1208 1673; x_wconf 88' lang='lat' dir='ltr'>postulare</span> <span class='ocrx_word' id='word_1_68' title='bbox 1235 1581 1281 1655; x_wconf 83' lang='lat' dir='ltr'>ab</span> <span class='ocrx_word' id='word_1_69' title='bbox 1305 1592 1439 1679; x_wconf 86' lang='lat' dir='ltr'>irriguo</span> <span class='ocrx_word' id='word_1_70' title='bbox 1460 1595 1552 1658; x_wconf 73' lang='lat' dir='ltr'>vestri</span> 
     </span>
     <span class='ocr_line' id='line_1_12' title="bbox 273 1688 1553 1779; baseline 0.005 -24"><span class='ocrx_word' id='word_1_71' title='bbox 273 1692 470 1775; x_wconf 88' lang='lat' dir='ltr'>apostolatus</span> <span class='ocrx_word' id='word_1_72' title='bbox 492 1690 582 1754; x_wconf 84' lang='lat' dir='ltr'>fonte</span> <span class='ocrx_word' id='word_1_73' title='bbox 605 1711 734 1754; x_wconf 89' lang='lat' dir='ltr'>necesse</span> <span class='ocrx_word' id='word_1_74' title='bbox 757 1693 815 1754; x_wconf 88' lang='lat' dir='ltr'>est.</span> <span class='ocrx_word' id='word_1_75' title='bbox 860 1688 1058 1775; x_wconf 79' lang='lat' dir='ltr'><strong>Quamquam</strong></span> <span class='ocrx_word' id='word_1_76' title='bbox 1087 1692 1147 1756; x_wconf 86' lang='lat' dir='ltr'>etsi</span> <span class='ocrx_word' id='word_1_77' title='bbox 1174 1695 1226 1757; x_wconf 89' lang='lat' dir='ltr'>est</span> <span class='ocrx_word' id='word_1_78' title='bbox 1248 1693 1363 1759; x_wconf 88' lang='lat' dir='ltr'>adhuc</span> <span class='ocrx_word' id='word_1_79' title='bbox 1389 1697 1479 1779; x_wconf 89' lang='lat' dir='ltr'>apud</span> <span class='ocrx_word' id='word_1_80' title='bbox 1500 1719 1553 1761; x_wconf 90' lang='lat' dir='ltr'>nos</span> 
     </span>
     <span class='ocr_line' id='line_1_13' title="bbox 272 1792 1552 1879; baseline 0.005 -23"><span class='ocrx_word' id='word_1_81' title='bbox 272 1793 311 1857; x_wconf 92' lang='lat' dir='ltr'>de</span> <span class='ocrx_word' id='word_1_82' title='bbox 333 1794 417 1857; x_wconf 92' lang='lat' dir='ltr'>douo</span> <span class='ocrx_word' id='word_1_83' title='bbox 441 1797 560 1875; x_wconf 83' lang='lat' dir='ltr'>vestro,</span> <span class='ocrx_word' id='word_1_84' title='bbox 590 1793 673 1877; x_wconf 91' lang='lat' dir='ltr'>qnod</span> <span class='ocrx_word' id='word_1_85' title='bbox 702 1792 879 1857; x_wconf 86' lang='lat' dir='ltr'>catholicae</span> <span class='ocrx_word' id='word_1_86' title='bbox 907 1792 1073 1877; x_wconf 85' lang='lat' dir='ltr'>religionis</span> <span class='ocrx_word' id='word_1_87' title='bbox 1101 1794 1218 1858; x_wconf 88' lang='lat' dir='ltr'>debeat</span> <span class='ocrx_word' id='word_1_88' title='bbox 1244 1796 1363 1860; x_wconf 90' lang='lat' dir='ltr'>studio</span> <span class='ocrx_word' id='word_1_89' title='bbox 1388 1797 1552 1879; x_wconf 87' lang='lat' dir='ltr'>celebran&#39;,</span> 
     </span>
    </p>

    <p class='ocr_par' dir='ltr' id='par_1_6' title="bbox 205 1893 1556 3002">
     <span class='ocr_line' id='line_1_14' title="bbox 205 1893 1554 1981; baseline 0.005 -23"><span class='ocrx_word' id='word_1_90' title='bbox 205 1902 208 1908; x_wconf 88' lang='lat'>&#39;</span> <span class='ocrx_word' id='word_1_91' title='bbox 273 1895 370 1959; x_wconf 86' lang='lat' dir='ltr'>etiam</span> <span class='ocrx_word' id='word_1_92' title='bbox 398 1895 476 1959; x_wconf 91' lang='lat' dir='ltr'>illud</span> <span class='ocrx_word' id='word_1_93' title='bbox 503 1899 612 1959; x_wconf 86' lang='lat' dir='ltr'>tamen</span> <span class='ocrx_word' id='word_1_94' title='bbox 641 1895 792 1958; x_wconf 78' lang='lat' dir='ltr'>consueuit</span> <span class='ocrx_word' id='word_1_95' title='bbox 814 1894 922 1978; x_wconf 85' lang='lat' dir='ltr'>justae</span> <span class='ocrx_word' id='word_1_96' title='bbox 950 1893 1126 1960; x_wconf 83' lang='lat' dir='ltr'>devotionis</span> <span class='ocrx_word' id='word_1_97' title='bbox 1154 1896 1321 1981; x_wconf 76' lang='lat' dir='ltr'>intelligi,</span> <span class='ocrx_word' id='word_1_98' title='bbox 1359 1901 1400 1963; x_wconf 87' lang='lat' dir='ltr'>ut</span> <span class='ocrx_word' id='word_1_99' title='bbox 1429 1898 1554 1965; x_wconf 86' lang='lat' dir='ltr'>directis</span> 
     </span>
     <span class='ocr_line' id='line_1_15' title="bbox 271 1996 1553 2086; baseline 0.005 -26"><span class='ocrx_word' id='word_1_100' title='bbox 271 1997 419 2063; x_wconf 87' lang='lat' dir='ltr'>litterarii</span> <span class='ocrx_word' id='word_1_101' title='bbox 443 1997 598 2061; x_wconf 88' lang='lat' dir='ltr'>sermonis</span> <span class='ocrx_word' id='word_1_102' title='bbox 619 1996 734 2060; x_wconf 87' lang='lat' dir='ltr'>officiis</span> <span class='ocrx_word' id='word_1_103' title='bbox 757 1996 896 2081; x_wconf 90' lang='lat' dir='ltr'>alloquia</span> <span class='ocrx_word' id='word_1_104' title='bbox 917 1996 974 2061; x_wconf 90' lang='lat' dir='ltr'>illa</span> <span class='ocrx_word' id='word_1_105' title='bbox 996 2000 1177 2081; x_wconf 85' lang='lat' dir='ltr'>captemus,</span> <span class='ocrx_word' id='word_1_106' title='bbox 1212 1999 1340 2083; x_wconf 87' lang='lat' dir='ltr'>quibus</span> <span class='ocrx_word' id='word_1_107' title='bbox 1369 2023 1427 2066; x_wconf 88' lang='lat' dir='ltr'>me</span> <span class='ocrx_word' id='word_1_108' title='bbox 1456 2003 1553 2086; x_wconf 90' lang='lat' dir='ltr'>ponti·</span> 
     </span>
     <span class='ocr_line' id='line_1_16' title="bbox 272 2098 1555 2182; baseline 0.005 -19"><span class='ocrx_word' id='word_1_109' title='bbox 272 2100 387 2165; x_wconf 90' lang='lat' dir='ltr'>ficatus</span> <span class='ocrx_word' id='word_1_110' title='bbox 409 2102 514 2164; x_wconf 86' lang='lat' dir='ltr'>vester</span> <span class='ocrx_word' id='word_1_111' title='bbox 539 2098 589 2163; x_wconf 86' lang='lat' dir='ltr'>vel</span> <span class='ocrx_word' id='word_1_112' title='bbox 611 2101 813 2182; x_wconf 89' lang='lat' dir='ltr'>praesentem</span> <span class='ocrx_word' id='word_1_113' title='bbox 841 2099 971 2162; x_wconf 78' lang='lat' dir='ltr'>monitis</span> <span class='ocrx_word' id='word_1_114' title='bbox 994 2099 1102 2163; x_wconf 91' lang='lat' dir='ltr'>docuit</span> <span class='ocrx_word' id='word_1_115' title='bbox 1127 2101 1178 2164; x_wconf 83' lang='lat' dir='ltr'>rel</span> <span class='ocrx_word' id='word_1_116' title='bbox 1201 2100 1384 2166; x_wconf 78' lang='lat' dir='ltr'>absentem</span> <span class='ocrx_word' id='word_1_117' title='bbox 1407 2104 1555 2169; x_wconf 77' lang='lat' dir='ltr'>intereas</span> 
     </span>
     <span class='ocr_line' id='line_1_17' title="bbox 272 2199 1555 2290; baseline 0.004 -24"><span class='ocrx_word' id='word_1_118' title='bbox 272 2201 415 2266; x_wconf 89' lang='lat' dir='ltr'>sionibus</span> <span class='ocrx_word' id='word_1_119' title='bbox 438 2201 617 2287; x_wconf 88' lang='lat' dir='ltr'>acquisivit.</span> <span class='ocrx_word' id='word_1_120' title='bbox 654 2199 723 2264; x_wconf 90' lang='lat' dir='ltr'>Nee</span> <span class='ocrx_word' id='word_1_121' title='bbox 745 2222 832 2264; x_wconf 91' lang='lat' dir='ltr'>nunc</span> <span class='ocrx_word' id='word_1_122' title='bbox 854 2201 994 2286; x_wconf 82' lang='lat' dir='ltr'>paginae</span> <span class='ocrx_word' id='word_1_123' title='bbox 1009 2201 1189 2285; x_wconf 89' lang='lat' dir='ltr'>praesentis</span> <span class='ocrx_word' id='word_1_124' title='bbox 1211 2203 1417 2288; x_wconf 85' lang='lat' dir='ltr'>obsequium</span> <span class='ocrx_word' id='word_1_125' title='bbox 1433 2210 1555 2290; x_wconf 79' lang='lat' dir='ltr'>reperta</span> 
     </span>
     <span class='ocr_line' id='line_1_18' title="bbox 272 2302 1554 2392; baseline 0.005 -24"><span class='ocrx_word' id='word_1_126' title='bbox 272 2304 495 2388; x_wconf 78' lang='lat' dir='ltr'>opportunitas</span> <span class='ocrx_word' id='word_1_127' title='bbox 524 2303 761 2386; x_wconf 80' lang='lat' dir='ltr'>complectitur3</span> <span class='ocrx_word' id='word_1_128' title='bbox 793 2303 848 2367; x_wconf 89' lang='lat' dir='ltr'>sed</span> <span class='ocrx_word' id='word_1_129' title='bbox 875 2302 1036 2367; x_wconf 88' lang='lat' dir='ltr'>destinato</span> <span class='ocrx_word' id='word_1_130' title='bbox 1065 2304 1105 2367; x_wconf 90' lang='lat' dir='ltr'>ad</span> <span class='ocrx_word' id='word_1_131' title='bbox 1132 2325 1188 2368; x_wconf 87' lang='lat' dir='ltr'>vos</span> <span class='ocrx_word' id='word_1_132' title='bbox 1217 2303 1366 2371; x_wconf 87' lang='lat' dir='ltr'>diacono</span> <span class='ocrx_word' id='word_1_133' title='bbox 1391 2309 1554 2392; x_wconf 86' lang='lat' dir='ltr'>portitore,</span> 
     </span>
     <span class='ocr_line' id='line_1_19' title="bbox 272 2404 1555 2495; baseline 0.004 -25"><span class='ocrx_word' id='word_1_134' title='bbox 272 2405 340 2470; x_wconf 84' lang='lat' dir='ltr'>viro</span> <span class='ocrx_word' id='word_1_135' title='bbox 361 2405 536 2470; x_wconf 88' lang='lat' dir='ltr'>venerabili</span> <span class='ocrx_word' id='word_1_136' title='bbox 557 2404 699 2488; x_wconf 73' lang='lat' dir='ltr'>iuliano,</span> <span class='ocrx_word' id='word_1_137' title='bbox 729 2405 769 2468; x_wconf 89' lang='lat' dir='ltr'>ad</span> <span class='ocrx_word' id='word_1_138' title='bbox 791 2404 981 2469; x_wconf 72' lang='lat' dir='ltr'>universalis</span> <span class='ocrx_word' id='word_1_139' title='bbox 990 2405 1015 2490; x_wconf 91' lang='lat'>¹)</span> <span class='ocrx_word' id='word_1_140' title='bbox 1038 2404 1204 2470; x_wconf 82' lang='lat' dir='ltr'>Ecclesiae</span> <span class='ocrx_word' id='word_1_141' title='bbox 1225 2409 1426 2492; x_wconf 87' lang='lat' dir='ltr'>praesulem</span> <span class='ocrx_word' id='word_1_142' title='bbox 1448 2411 1555 2495; x_wconf 87' lang='lat' dir='ltr'>spiritu</span> 
     </span>
     <span class='ocr_line' id='line_1_20' title="bbox 272 2506 1556 2593; baseline 0.004 -22"><span class='ocrx_word' id='word_1_143' title='bbox 272 2511 534 2592; x_wconf 87' lang='lat' dir='ltr'>repraesentante</span> <span class='ocrx_word' id='word_1_144' title='bbox 563 2507 790 2571; x_wconf 76' lang='lat' dir='ltr'>concurrimus</span> <span class='ocrx_word' id='word_1_145' title='bbox 846 2506 968 2573; x_wconf 81' lang='lat' dir='ltr'>Crescit</span> <span class='ocrx_word' id='word_1_146' title='bbox 995 2508 1113 2593; x_wconf 90' lang='lat' dir='ltr'>quippe</span> <span class='ocrx_word' id='word_1_147' title='bbox 1140 2507 1386 2576; x_wconf 85' lang='lat' dir='ltr'>beneficiorum</span> <span class='ocrx_word' id='word_1_148' title='bbox 1416 2513 1556 2578; x_wconf 84' lang='lat' dir='ltr'>reeorda-</span> 
     </span>
     <span class='ocr_line' id='line_1_21' title="bbox 271 2608 1556 2698; baseline 0.004 -24"><span class='ocrx_word' id='word_1_149' title='bbox 271 2611 359 2674; x_wconf 89' lang='lat' dir='ltr'>tione</span> <span class='ocrx_word' id='word_1_150' title='bbox 381 2609 587 2673; x_wconf 90' lang='lat' dir='ltr'>desiderium:</span> <span class='ocrx_word' id='word_1_151' title='bbox 610 2631 670 2672; x_wconf 90' lang='lat' dir='ltr'>nee</span> <span class='ocrx_word' id='word_1_152' title='bbox 685 2631 827 2694; x_wconf 89' lang='lat' dir='ltr'>unquam</span> <span class='ocrx_word' id='word_1_153' title='bbox 848 2608 926 2673; x_wconf 88' lang='lat' dir='ltr'>meis</span> <span class='ocrx_word' id='word_1_154' title='bbox 942 2609 1005 2674; x_wconf 90' lang='lat' dir='ltr'>elui</span> <span class='ocrx_word' id='word_1_155' title='bbox 1020 2609 1166 2674; x_wconf 87' lang='lat' dir='ltr'>sensibus</span> <span class='ocrx_word' id='word_1_156' title='bbox 1181 2617 1338 2696; x_wconf 75' lang='lat' dir='ltr'>possunt,</span> <span class='ocrx_word' id='word_1_157' title='bbox 1366 2636 1456 2698; x_wconf 88' lang='lat' dir='ltr'>quae</span> <span class='ocrx_word' id='word_1_158' title='bbox 1471 2615 1556 2679; x_wconf 82' lang='lat' dir='ltr'>nohis</span> 
     </span>
     <span class='ocr_line' id='line_1_22' title="bbox 272 2711 1556 2797; baseline 0.005 -21"><span class='ocrx_word' id='word_1_159' title='bbox 272 2713 356 2797; x_wconf 89' lang='lat' dir='ltr'>apud</span> <span class='ocrx_word' id='word_1_160' title='bbox 377 2711 506 2776; x_wconf 87' lang='lat' dir='ltr'>ltaliam</span> <span class='ocrx_word' id='word_1_161' title='bbox 534 2714 672 2775; x_wconf 88' lang='lat' dir='ltr'>vestram</span> <span class='ocrx_word' id='word_1_162' title='bbox 699 2712 749 2775; x_wconf 88' lang='lat' dir='ltr'>vel</span> <span class='ocrx_word' id='word_1_163' title='bbox 777 2711 971 2796; x_wconf 86' lang='lat' dir='ltr'>pontificalis</span> <span class='ocrx_word' id='word_1_164' title='bbox 1000 2711 1186 2797; x_wconf 82' lang='lat' dir='ltr'>benignitas</span> <span class='ocrx_word' id='word_1_165' title='bbox 1213 2713 1268 2777; x_wconf 84' lang='lat' dir='ltr'>vel</span> <span class='ocrx_word' id='word_1_166' title='bbox 1299 2715 1486 2794; x_wconf 60' lang='lat' dir='ltr'>civilitmo</span> <span class='ocrx_word' id='word_1_167' title='bbox 1512 2739 1556 2781; x_wconf 83' lang='lat' dir='ltr'>re·</span> 
     </span>
     <span class='ocr_line' id='line_1_23' title="bbox 272 2813 1555 2901; baseline 0.005 -22"><span class='ocrx_word' id='word_1_168' title='bbox 272 2815 354 2901; x_wconf 87' lang='lat' dir='ltr'>galis</span> <span class='ocrx_word' id='word_1_169' title='bbox 369 2814 536 2899; x_wconf 86' lang='lat' dir='ltr'>impendit,</span> <span class='ocrx_word' id='word_1_170' title='bbox 561 2835 657 2898; x_wconf 88' lang='lat' dir='ltr'>quum</span> <span class='ocrx_word' id='word_1_171' title='bbox 676 2817 749 2897; x_wconf 90' lang='lat' dir='ltr'>post</span> <span class='ocrx_word' id='word_1_172' title='bbox 762 2813 1017 2877; x_wconf 86' lang='lat' dir='ltr'>familiaritatem</span> <span class='ocrx_word' id='word_1_173' title='bbox 1033 2814 1132 2878; x_wconf 89' lang='lat' dir='ltr'>totius</span> <span class='ocrx_word' id='word_1_174' title='bbox 1147 2816 1408 2883; x_wconf 85' lang='lat' dir='ltr'>munificentiae</span> <span class='ocrx_word' id='word_1_175' title='bbox 1425 2843 1555 2885; x_wconf 84' lang='lat' dir='ltr'>commo</span> 
     </span>
     <span class='ocr_line' id='line_1_24' title="bbox 271 2915 1555 3002; baseline 0.004 -21"><span class='ocrx_word' id='word_1_176' title='bbox 271 2918 320 2982; x_wconf 89' lang='lat' dir='ltr'>dis</span> <span class='ocrx_word' id='word_1_177' title='bbox 343 2917 597 3002; x_wconf 88' lang='lat' dir='ltr'>praeferendam,</span> <span class='ocrx_word' id='word_1_178' title='bbox 620 2917 695 3001; x_wconf 78' lang='lat' dir='ltr'>qiua</span> <span class='ocrx_word' id='word_1_179' title='bbox 717 2916 790 2981; x_wconf 91' lang='lat' dir='ltr'>istic</span> <span class='ocrx_word' id='word_1_180' title='bbox 811 2916 942 2981; x_wconf 90' lang='lat' dir='ltr'>liberius</span> <span class='ocrx_word' id='word_1_181' title='bbox 964 2915 1086 2980; x_wconf 79' lang='lat' dir='ltr'>laxavit</span> <span class='ocrx_word' id='word_1_182' title='bbox 1107 2915 1261 3002; x_wconf 87' lang='lat' dir='ltr'>reditum,</span> <span class='ocrx_word' id='word_1_183' title='bbox 1287 2919 1390 2986; x_wconf 87' lang='lat' dir='ltr'>illinc</span> <span class='ocrx_word' id='word_1_184' title='bbox 1413 2924 1555 2988; x_wconf 84' lang='lat' dir='ltr'>tenacius</span> 
     </span>
    </p>

    <p class='ocr_par' dir='ltr' id='par_1_7' title="bbox 223 3020 559 3085">
     <span class='ocr_line' id='line_1_25' title="bbox 223 3020 559 3085; baseline -0.009 0"><span class='ocrx_word' id='word_1_185' title='bbox 223 3061 224 3064; x_wconf 60' lang='lat'><em>=</em></span> <span class='ocrx_word' id='word_1_186' title='bbox 271 3020 377 3085; x_wconf 84' lang='lat' dir='ltr'>vinxit</span> <span class='ocrx_word' id='word_1_187' title='bbox 399 3021 559 3083; x_wconf 84' lang='lat' dir='ltr'>affectum.</span> 
     </span>
    </p>

    <p class='ocr_par' dir='ltr' id='par_1_8' title="bbox 271 3119 1556 3516">
     <span class='ocr_line' id='line_1_26' title="bbox 355 3119 1555 3205; baseline 0.007 -19"><span class='ocrx_word' id='word_1_188' title='bbox 355 3123 386 3187; x_wconf 78' lang='lat'>2.</span> <span class='ocrx_word' id='word_1_189' title='bbox 424 3121 592 3186; x_wconf 86' lang='lat' dir='ltr'>Attentior</span> <span class='ocrx_word' id='word_1_190' title='bbox 613 3143 671 3205; x_wconf 89' lang='lat' dir='ltr'>pro</span> <span class='ocrx_word' id='word_1_191' title='bbox 693 3119 852 3205; x_wconf 69' lang='lat' dir='ltr'>vestrisi),</span> <span class='ocrx_word' id='word_1_192' title='bbox 876 3120 958 3204; x_wconf 92' lang='lat' dir='ltr'>quod</span> <span class='ocrx_word' id='word_1_193' title='bbox 981 3125 1136 3205; x_wconf 87' lang='lat' dir='ltr'>superest,</span> <span class='ocrx_word' id='word_1_194' title='bbox 1159 3121 1339 3190; x_wconf 88' lang='lat' dir='ltr'>incumbat</span> <span class='ocrx_word' id='word_1_195' title='bbox 1364 3129 1485 3195; x_wconf 85' lang='lat' dir='ltr'>oratio.</span> <span class='ocrx_word' id='word_1_196' title='bbox 1522 3128 1555 3193; x_wconf 90' lang='lat' dir='ltr'>lu</span> 
     </span>
     <span class='ocr_line' id='line_1_27' title="bbox 271 3222 1556 3311; baseline 0.006 -22"><span class='ocrx_word' id='word_1_197' title='bbox 271 3229 444 3311; x_wconf 87' lang='lat' dir='ltr'>augmento</span> <span class='ocrx_word' id='word_1_198' title='bbox 473 3245 611 3307; x_wconf 89' lang='lat' dir='ltr'>namque</span> <span class='ocrx_word' id='word_1_199' title='bbox 645 3223 750 3286; x_wconf 89' lang='lat' dir='ltr'>ovium</span> <span class='ocrx_word' id='word_1_200' title='bbox 786 3223 901 3286; x_wconf 81' lang='lat' dir='ltr'>erescit</span> <span class='ocrx_word' id='word_1_201' title='bbox 933 3222 1076 3288; x_wconf 88' lang='lat' dir='ltr'>custodia</span> <span class='ocrx_word' id='word_1_202' title='bbox 1107 3225 1297 3307; x_wconf 81' lang='lat' dir='ltr'>pastoralia.</span> <span class='ocrx_word' id='word_1_203' title='bbox 1360 3228 1476 3295; x_wconf 85' lang='lat' dir='ltr'>Sacris</span> <span class='ocrx_word' id='word_1_204' title='bbox 1503 3252 1556 3295; x_wconf 84' lang='lat' dir='ltr'>uos</span> 
     </span>
     <span class='ocr_line' id='line_1_28' title="bbox 271 3325 1555 3418; baseline 0.005 -26"><span class='ocrx_word' id='word_1_205' title='bbox 271 3327 486 3411; x_wconf 86' lang='lat' dir='ltr'>apostolorum</span> <span class='ocrx_word' id='word_1_206' title='bbox 508 3325 672 3389; x_wconf 91' lang='lat' dir='ltr'>liminibus</span> <span class='ocrx_word' id='word_1_207' title='bbox 701 3325 1000 3389; x_wconf 88' lang='lat' dir='ltr'>commemoratione</span> <span class='ocrx_word' id='word_1_208' title='bbox 1029 3325 1156 3389; x_wconf 87' lang='lat' dir='ltr'>assidua</span> <span class='ocrx_word' id='word_1_209' title='bbox 1178 3333 1446 3409; x_wconf 85' lang='lat' dir='ltr'>praesentantes</span> <span class='ocrx_word' id='word_1_210' title='bbox 1453 3384 1463 3417; x_wconf 93' lang='lat'>,</span> <span class='ocrx_word' id='word_1_211' title='bbox 1492 3356 1555 3418; x_wconf 74' lang='lat' dir='ltr'>spe</span> 
     </span>
     <span class='ocr_line' id='line_1_29' title="bbox 272 3426 1555 3516; baseline 0.005 -23"><span class='ocrx_word' id='word_1_212' title='bbox 272 3430 345 3495; x_wconf 91' lang='lat' dir='ltr'>ciali</span> <span class='ocrx_word' id='word_1_213' title='bbox 368 3429 442 3493; x_wconf 75' lang='lat' dir='ltr'>oliam</span> <span class='ocrx_word' id='word_1_214' title='bbox 465 3428 574 3491; x_wconf 84' lang='lat' dir='ltr'>vixero</span> <span class='ocrx_word' id='word_1_215' title='bbox 597 3426 808 3510; x_wconf 80' lang='lat' dir='ltr'>praedicatori</span> <span class='ocrx_word' id='word_1_216' title='bbox 816 3426 843 3511; x_wconf 89' lang='lat'>⁴)</span> <span class='ocrx_word' id='word_1_217' title='bbox 866 3430 972 3491; x_wconf 86' lang='lat' dir='ltr'>vestro</span> <span class='ocrx_word' id='word_1_218' title='bbox 979 3477 987 3509; x_wconf 92' lang='lat'>,</span> <span class='ocrx_word' id='word_1_219' title='bbox 1016 3427 1071 3491; x_wconf 93' lang='lat' dir='ltr'>ubi</span> <span class='ocrx_word' id='word_1_220' title='bbox 1099 3427 1290 3494; x_wconf 87' lang='lat' dir='ltr'>obtinuistis</span> <span class='ocrx_word' id='word_1_221' title='bbox 1314 3432 1475 3516; x_wconf 90' lang='lat' dir='ltr'>initium,</span> <span class='ocrx_word' id='word_1_222' title='bbox 1502 3437 1555 3499; x_wconf 89' lang='lat' dir='ltr'>im·</span> 
     </span>
    </p>
   </div>
   <div class='ocr_carea' id='block_1_6' title="bbox 270 3528 1556 3620">
    <p class='ocr_par' dir='ltr' id='par_1_9' title="bbox 270 3528 1556 3620">
     <span class='ocr_line' id='line_1_30' title="bbox 270 3528 1556 3620; baseline 0.004 -25"><span class='ocrx_word' id='word_1_223' title='bbox 270 3534 395 3616; x_wconf 88' lang='lat' dir='ltr'>petrate</span> <span class='ocrx_word' id='word_1_224' title='bbox 417 3530 607 3614; x_wconf 85' lang='lat' dir='ltr'>profectum.</span> <span class='ocrx_word' id='word_1_225' title='bbox 646 3528 776 3593; x_wconf 88' lang='lat' dir='ltr'>Litteris</span> <span class='ocrx_word' id='word_1_226' title='bbox 798 3550 867 3611; x_wconf 90' lang='lat' dir='ltr'>nos,</span> <span class='ocrx_word' id='word_1_227' title='bbox 891 3528 1096 3613; x_wconf 88' lang='lat' dir='ltr'>inquantum</span> <span class='ocrx_word' id='word_1_228' title='bbox 1117 3529 1325 3614; x_wconf 87' lang='lat' dir='ltr'>possibilitas</span> <span class='ocrx_word' id='word_1_229' title='bbox 1350 3536 1484 3620; x_wconf 88' lang='lat' dir='ltr'>patitur</span> <span class='ocrx_word' id='word_1_230' title='bbox 1504 3542 1556 3602; x_wconf 89' lang='lat' dir='ltr'>aut</span> 
     </span>
    </p>
   </div>
   <div class='ocr_carea' id='block_1_7' title="bbox 234 3804 1554 4976">
    <p class='ocr_par' dir='ltr' id='par_1_10' title="bbox 270 3804 1554 4041">
     <span class='ocr_line' id='line_1_31' title="bbox 270 3804 1553 3871; baseline 0.005 -14"><span class='ocrx_word' id='word_1_231' title='bbox 270 3809 359 3857; x_wconf 65' lang='lat' dir='ltr'>saiada</span> <span class='ocrx_word' id='word_1_232' title='bbox 390 3805 506 3867; x_wconf 85' lang='lat' dir='ltr'>Quamuis</span> <span class='ocrx_word' id='word_1_233' title='bbox 528 3806 595 3855; x_wconf 87' lang='lat' dir='ltr'>ratio</span> <span class='ocrx_word' id='word_1_234' title='bbox 619 3806 708 3869; x_wconf 74' lang='lat' dir='ltr'>exigat</span> <span class='ocrx_word' id='word_1_235' title='bbox 729 3810 756 3853; x_wconf 86' lang='lat' dir='ltr'>ut</span> <span class='ocrx_word' id='word_1_236' title='bbox 772 3804 936 3866; x_wconf 73' lang='lat' dir='ltr'>fraternitati</span> <span class='ocrx_word' id='word_1_237' title='bbox 958 3811 1016 3854; x_wconf 70' lang='lat' dir='ltr'>torae</span> <span class='ocrx_word' id='word_1_238' title='bbox 1035 3805 1118 3855; x_wconf 80' lang='lat' dir='ltr'>nostri</span> <span class='ocrx_word' id='word_1_239' title='bbox 1138 3805 1285 3856; x_wconf 78' lang='lat' dir='ltr'>sacerdotii</span> <span class='ocrx_word' id='word_1_240' title='bbox 1301 3810 1444 3871; x_wconf 68' lang='lat' dir='ltr'>primitias</span> <span class='ocrx_word' id='word_1_241' title='bbox 1463 3815 1553 3863; x_wconf 73' lang='lat' dir='ltr'>mur·</span> 
     </span>
     <span class='ocr_line' id='line_1_32' title="bbox 270 3883 1554 3954; baseline 0.002 -12"><span class='ocrx_word' id='word_1_242' title='bbox 270 3909 334 3953; x_wconf 71' lang='lat' dir='ltr'>rurs,</span> <span class='ocrx_word' id='word_1_243' title='bbox 366 3900 448 3941; x_wconf 86' lang='lat' dir='ltr'>tamea</span> <span class='ocrx_word' id='word_1_244' title='bbox 471 3892 519 3940; x_wconf 84' lang='lat' dir='ltr'>Dei</span> <span class='ocrx_word' id='word_1_245' title='bbox 540 3891 661 3952; x_wconf 81' lang='lat' dir='ltr'>beneficia</span> <span class='ocrx_word' id='word_1_246' title='bbox 683 3895 778 3940; x_wconf 84' lang='lat' dir='ltr'>tacere.</span> <span class='ocrx_word' id='word_1_247' title='bbox 825 3884 931 3939; x_wconf 82' lang='lat' dir='ltr'>Deinde</span> <span class='ocrx_word' id='word_1_248' title='bbox 959 3884 1083 3951; x_wconf 67' lang='lat' dir='ltr'>sequatur</span> <span class='ocrx_word' id='word_1_249' title='bbox 1110 3883 1231 3954; x_wconf 81' lang='lat' dir='ltr'>epistola</span> <span class='ocrx_word' id='word_1_250' title='bbox 1258 3883 1370 3944; x_wconf 73' lang='lat' dir='ltr'>Felicis</span> <span class='ocrx_word' id='word_1_251' title='bbox 1399 3892 1440 3946; x_wconf 78' lang='lat' dir='ltr'>ud</span> <span class='ocrx_word' id='word_1_252' title='bbox 1462 3893 1554 3949; x_wconf 76' lang='lat' dir='ltr'>Caesa·</span> 
     </span>
     <span class='ocr_line' id='line_1_33' title="bbox 271 3974 428 4041; baseline -0.019 -14"><span class='ocrx_word' id='word_1_253' title='bbox 271 3974 342 4027; x_wconf 92' lang='lat' dir='ltr'>rium</span> <span class='ocrx_word' id='word_1_254' title='bbox 361 3975 428 4041; x_wconf 53' lang='grc' dir='ltr'>(οῖ’).</span> 
     </span>
    </p>

    <p class='ocr_par' dir='ltr' id='par_1_11' title="bbox 234 4053 1554 4463">
     <span class='ocr_line' id='line_1_34' title="bbox 234 4053 1554 4124; baseline 0.003 -14"><span class='ocrx_word' id='word_1_255' title='bbox 234 4063 236 4067; x_wconf 78' lang='grc'>’</span> <span class='ocrx_word' id='word_1_256' title='bbox 342 4059 360 4124; x_wconf 79' lang='lat'>¹)</span> <span class='ocrx_word' id='word_1_257' title='bbox 379 4056 471 4110; x_wconf 86' lang='lat' dir='ltr'>Variis</span> <span class='ocrx_word' id='word_1_258' title='bbox 489 4055 517 4108; x_wconf 92' lang='lat' dir='ltr'>in</span> <span class='ocrx_word' id='word_1_259' title='bbox 535 4054 636 4108; x_wconf 89' lang='lat' dir='ltr'>libellis</span> <span class='ocrx_word' id='word_1_260' title='bbox 654 4053 757 4108; x_wconf 88' lang='lat' dir='ltr'>actioni</span> <span class='ocrx_word' id='word_1_261' title='bbox 776 4062 791 4109; x_wconf 90' lang='lat'><strong>3</strong></span> <span class='ocrx_word' id='word_1_262' title='bbox 810 4053 918 4108; x_wconf 89' lang='lat' dir='ltr'>concilii</span> <span class='ocrx_word' id='word_1_263' title='bbox 936 4053 1168 4109; x_wconf 73' lang='lat' dir='ltr'>Calchedoncnns</span> <span class='ocrx_word' id='word_1_264' title='bbox 1184 4053 1305 4110; x_wconf 86' lang='lat' dir='ltr'>insertis</span> <span class='ocrx_word' id='word_1_265' title='bbox 1324 4058 1388 4114; x_wconf 69' lang='lat' dir='ltr'>uso</span> <span class='ocrx_word' id='word_1_266' title='bbox 1406 4068 1554 4117; x_wconf 58' lang='lat' dir='ltr'>ammam</span> 
     </span>
     <span class='ocr_line' id='line_1_35' title="bbox 270 4137 1553 4211; baseline -0.002 -15"><span class='ocrx_word' id='word_1_267' title='bbox 270 4148 477 4211; x_wconf 77' lang='lat' dir='ltr'>archiepiscopus</span> <span class='ocrx_word' id='word_1_268' title='bbox 498 4140 679 4209; x_wconf 83' lang='lat' dir='ltr'>nuncupatur.</span> <span class='ocrx_word' id='word_1_269' title='bbox 717 4138 772 4192; x_wconf 85' lang='lat' dir='ltr'>Sed</span> <span class='ocrx_word' id='word_1_270' title='bbox 794 4138 859 4192; x_wconf 90' lang='lat' dir='ltr'>licet</span> <span class='ocrx_word' id='word_1_271' title='bbox 880 4138 920 4192; x_wconf 92' lang='lat' dir='ltr'>illi</span> <span class='ocrx_word' id='word_1_272' title='bbox 947 4138 1116 4209; x_wconf 88' lang='lat' dir='ltr'>apostolicae</span> <span class='ocrx_word' id='word_1_273' title='bbox 1142 4137 1216 4192; x_wconf 84' lang='lat' dir='ltr'>sedis</span> <span class='ocrx_word' id='word_1_274' title='bbox 1240 4144 1374 4208; x_wconf 83' lang='lat' dir='ltr'>praesuli</span> <span class='ocrx_word' id='word_1_275' title='bbox 1397 4142 1498 4203; x_wconf 59' lang='lat' dir='ltr'>datum</span> <span class='ocrx_word' id='word_1_276' title='bbox 1521 4147 1553 4202; x_wconf 59' lang='lat' dir='ltr'>rit</span> 
     </span>
     <span class='ocr_line' id='line_1_36' title="bbox 271 4222 1552 4303; baseline 0.006 -23"><span class='ocrx_word' id='word_1_277' title='bbox 271 4227 451 4282; x_wconf 89' lang='lat' dir='ltr'>honorificum</span> <span class='ocrx_word' id='word_1_278' title='bbox 469 4225 537 4279; x_wconf 90' lang='lat' dir='ltr'>illud</span> <span class='ocrx_word' id='word_1_279' title='bbox 555 4242 664 4291; x_wconf 87' lang='lat' dir='ltr'>nomen,</span> <span class='ocrx_word' id='word_1_280' title='bbox 683 4225 839 4278; x_wconf 84' lang='lat' dir='ltr'>obtestatur</span> <span class='ocrx_word' id='word_1_281' title='bbox 857 4225 952 4278; x_wconf 87' lang='lat' dir='ltr'>tamen</span> <span class='ocrx_word' id='word_1_282' title='bbox 970 4222 1123 4292; x_wconf 85' lang='lat' dir='ltr'>Gregorius</span> <span class='ocrx_word' id='word_1_283' title='bbox 1143 4222 1191 4277; x_wconf 92' lang='lat' dir='ltr'>lib.</span> <span class='ocrx_word' id='word_1_284' title='bbox 1212 4223 1282 4278; x_wconf 83' lang='lat' dir='ltr'>al.8</span> <span class='ocrx_word' id='word_1_285' title='bbox 1303 4226 1400 4285; x_wconf 76' lang='lat' dir='ltr'>lnur</span> <span class='ocrx_word' id='word_1_286' title='bbox 1420 4232 1504 4303; x_wconf 79' lang='lat' dir='ltr'>epist</span> <span class='ocrx_word' id='word_1_287' title='bbox 1515 4237 1552 4295; x_wconf 74' lang='lat' dir='ltr'>³0t</span> 
     </span>
     <span class='ocr_line' id='line_1_37' title="bbox 270 4308 1552 4379; baseline 0.007 -14"><span class='ocrx_word' id='word_1_288' title='bbox 270 4330 304 4366; x_wconf 90' lang='lat' dir='ltr'>ne</span> <span class='ocrx_word' id='word_1_289' title='bbox 323 4312 375 4365; x_wconf 88' lang='lat' dir='ltr'>sihi</span> <span class='ocrx_word' id='word_1_290' title='bbox 393 4310 546 4376; x_wconf 75' lang='lat' dir='ltr'>tribuatur,</span> <span class='ocrx_word' id='word_1_291' title='bbox 573 4327 606 4363; x_wconf 90' lang='lat' dir='ltr'>ac</span> <span class='ocrx_word' id='word_1_292' title='bbox 623 4309 670 4363; x_wconf 88' lang='lat' dir='ltr'>lib.</span> <span class='ocrx_word' id='word_1_293' title='bbox 691 4309 725 4363; x_wconf 86' lang='lat' dir='ltr'>nl.</span> <span class='ocrx_word' id='word_1_294' title='bbox 741 4316 764 4363; x_wconf 78' lang='grc' dir='ltr'>ὁ.</span> <span class='ocrx_word' id='word_1_295' title='bbox 784 4309 843 4361; x_wconf 91' lang='lat' dir='ltr'>Ind.</span> <span class='ocrx_word' id='word_1_296' title='bbox 858 4317 888 4363; x_wconf 88' lang='lat'>13</span> <span class='ocrx_word' id='word_1_297' title='bbox 911 4309 992 4379; x_wconf 88' lang='lat' dir='ltr'>epist.</span> <span class='ocrx_word' id='word_1_298' title='bbox 1005 4315 1051 4374; x_wconf 74' lang='lat'>20,</span> <span class='ocrx_word' id='word_1_299' title='bbox 1078 4308 1237 4362; x_wconf 83' lang='lat' dir='ltr'>decessores</span> <span class='ocrx_word' id='word_1_300' title='bbox 1260 4326 1332 4367; x_wconf 86' lang='lat' dir='ltr'>suos</span> <span class='ocrx_word' id='word_1_301' title='bbox 1357 4331 1395 4370; x_wconf 88' lang='lat' dir='ltr'>aa</span> <span class='ocrx_word' id='word_1_302' title='bbox 1418 4317 1552 4373; x_wconf 79' lang='lat' dir='ltr'>modestis</span> 
     </span>
     <span class='ocr_line' id='line_1_38' title="bbox 269 4397 1506 4463; baseline -0.001 -12"><span class='ocrx_word' id='word_1_303' title='bbox 269 4397 352 4451; x_wconf 85' lang='lat' dir='ltr'>fuisse</span> <span class='ocrx_word' id='word_1_304' title='bbox 370 4398 499 4461; x_wconf 71' lang='lat' dir='ltr'>testastur,</span> <span class='ocrx_word' id='word_1_305' title='bbox 518 4406 543 4448; x_wconf 87' lang='lat' dir='ltr'>ut</span> <span class='ocrx_word' id='word_1_306' title='bbox 562 4401 642 4449; x_wconf 81' lang='lat' dir='ltr'>nullus</span> <span class='ocrx_word' id='word_1_307' title='bbox 660 4414 744 4448; x_wconf 85' lang='lat' dir='ltr'>sorum</span> <span class='ocrx_word' id='word_1_308' title='bbox 762 4414 869 4463; x_wconf 72' lang='lat' dir='ltr'>renarrans</span> <span class='ocrx_word' id='word_1_309' title='bbox 885 4398 933 4447; x_wconf 81' lang='lat' dir='ltr'>hoc</span> <span class='ocrx_word' id='word_1_310' title='bbox 950 4398 1135 4462; x_wconf 77' lang='lat' dir='ltr'>singularitatis</span> <span class='ocrx_word' id='word_1_311' title='bbox 1152 4400 1252 4448; x_wconf 70' lang='lat' dir='ltr'>aoniae</span> <span class='ocrx_word' id='word_1_312' title='bbox 1270 4402 1315 4450; x_wconf 70' lang='lat' dir='ltr'>sti</span> <span class='ocrx_word' id='word_1_313' title='bbox 1331 4410 1506 4457; x_wconf 67' lang='lat' dir='ltr'>caumes-ir.</span> 
     </span>
    </p>

    <p class='ocr_par' dir='ltr' id='par_1_12' title="bbox 337 4477 994 4548">
     <span class='ocr_line' id='line_1_39' title="bbox 337 4477 994 4548; baseline -0.003 -14"><span class='ocrx_word' id='word_1_314' title='bbox 337 4484 358 4548; x_wconf 69' lang='lat'>2)</span> <span class='ocrx_word' id='word_1_315' title='bbox 376 4482 428 4534; x_wconf 91' lang='lat' dir='ltr'>Hic</span> <span class='ocrx_word' id='word_1_316' title='bbox 444 4480 575 4534; x_wconf 89' lang='lat' dir='ltr'>laudatur</span> <span class='ocrx_word' id='word_1_317' title='bbox 593 4479 709 4534; x_wconf 87' lang='lat' dir='ltr'>comitas</span> <span class='ocrx_word' id='word_1_318' title='bbox 728 4478 894 4533; x_wconf 84' lang='lat' dir='ltr'>Theoderici</span> <span class='ocrx_word' id='word_1_319' title='bbox 912 4477 994 4547; x_wconf 91' lang='lat' dir='ltr'>regis.</span> 
     </span>
    </p>

    <p class='ocr_par' dir='ltr' id='par_1_13' title="bbox 270 4561 1552 4805">
     <span class='ocr_line' id='line_1_40' title="bbox 338 4561 1552 4635; baseline 0.003 -16"><span class='ocrx_word' id='word_1_320' title='bbox 338 4569 358 4634; x_wconf 82' lang='lat'>³)</span> <span class='ocrx_word' id='word_1_321' title='bbox 377 4566 409 4619; x_wconf 87' lang='lat' dir='ltr'>ld</span> <span class='ocrx_word' id='word_1_322' title='bbox 427 4568 475 4630; x_wconf 87' lang='lat' dir='ltr'>est,</span> <span class='ocrx_word' id='word_1_323' title='bbox 494 4582 544 4635; x_wconf 92' lang='lat' dir='ltr'>pro</span> <span class='ocrx_word' id='word_1_324' title='bbox 563 4565 651 4630; x_wconf 88' lang='lat' dir='ltr'>nobis,</span> <span class='ocrx_word' id='word_1_325' title='bbox 669 4564 716 4633; x_wconf 88' lang='lat' dir='ltr'>qui</span> <span class='ocrx_word' id='word_1_326' title='bbox 730 4565 791 4632; x_wconf 86' lang='lat' dir='ltr'>jam</span> <span class='ocrx_word' id='word_1_327' title='bbox 809 4562 894 4617; x_wconf 86' lang='lat' dir='ltr'>vestri</span> <span class='ocrx_word' id='word_1_328' title='bbox 911 4581 1012 4618; x_wconf 85' lang='lat' dir='ltr'>sumus.</span> <span class='ocrx_word' id='word_1_329' title='bbox 1052 4563 1160 4633; x_wconf 84' lang='lat' dir='ltr'>Quippe</span> <span class='ocrx_word' id='word_1_330' title='bbox 1178 4561 1386 4634; x_wconf 75' lang='lat' dir='ltr'>sigismundus</span> <span class='ocrx_word' id='word_1_331' title='bbox 1403 4570 1552 4628; x_wconf 69' lang='lat' dir='ltr'>novimr·</span> 
     </span>
     <span class='ocr_line' id='line_1_41' title="bbox 271 4648 1550 4719; baseline 0.001 -16"><span class='ocrx_word' id='word_1_332' title='bbox 271 4651 307 4704; x_wconf 88' lang='lat' dir='ltr'>ad</span> <span class='ocrx_word' id='word_1_333' title='bbox 325 4650 427 4704; x_wconf 86' lang='lat' dir='ltr'>Christi</span> <span class='ocrx_word' id='word_1_334' title='bbox 444 4650 527 4704; x_wconf 87' lang='lat' dir='ltr'>fidem</span> <span class='ocrx_word' id='word_1_335' title='bbox 545 4666 704 4716; x_wconf 79' lang='lat' dir='ltr'>corruersus,</span> <span class='ocrx_word' id='word_1_336' title='bbox 732 4666 792 4703; x_wconf 87' lang='lat' dir='ltr'>sese</span> <span class='ocrx_word' id='word_1_337' title='bbox 816 4666 879 4702; x_wconf 89' lang='lat' dir='ltr'>eum</span> <span class='ocrx_word' id='word_1_338' title='bbox 896 4649 964 4711; x_wconf 86' lang='lat' dir='ltr'>suis,</span> <span class='ocrx_word' id='word_1_339' title='bbox 993 4649 1041 4718; x_wconf 92' lang='lat' dir='ltr'>qui</span> <span class='ocrx_word' id='word_1_340' title='bbox 1059 4648 1217 4719; x_wconf 86' lang='lat' dir='ltr'>exemplum</span> <span class='ocrx_word' id='word_1_341' title='bbox 1240 4648 1336 4719; x_wconf 83' lang='lat' dir='ltr'>ipsius</span> <span class='ocrx_word' id='word_1_342' title='bbox 1354 4657 1449 4712; x_wconf 72' lang='lat' dir='ltr'>secuti</span> <span class='ocrx_word' id='word_1_343' title='bbox 1466 4662 1550 4715; x_wconf 64' lang='lat' dir='ltr'>emt,</span> 
     </span>
     <span class='ocr_line' id='line_1_42' title="bbox 270 4733 1341 4805; baseline 0.006 -17"><span class='ocrx_word' id='word_1_344' title='bbox 270 4735 369 4788; x_wconf 87' lang='lat' dir='ltr'>summi</span> <span class='ocrx_word' id='word_1_345' title='bbox 386 4735 505 4805; x_wconf 87' lang='lat' dir='ltr'>pastoria</span> <span class='ocrx_word' id='word_1_346' title='bbox 524 4734 661 4805; x_wconf 89' lang='lat' dir='ltr'>precibus,</span> <span class='ocrx_word' id='word_1_347' title='bbox 680 4736 711 4788; x_wconf 93' lang='lat' dir='ltr'>ut</span> <span class='ocrx_word' id='word_1_348' title='bbox 729 4734 764 4788; x_wconf 86' lang='lat' dir='ltr'>ad</span> <span class='ocrx_word' id='word_1_349' title='bbox 782 4733 854 4786; x_wconf 90' lang='lat' dir='ltr'>illius</span> <span class='ocrx_word' id='word_1_350' title='bbox 873 4751 968 4788; x_wconf 72' lang='lat' dir='ltr'>carram</span> <span class='ocrx_word' id='word_1_351' title='bbox 986 4734 1127 4804; x_wconf 90' lang='lat' dir='ltr'>pertinens</span> <span class='ocrx_word' id='word_1_352' title='bbox 1145 4735 1341 4794; x_wconf 86' lang='lat' dir='ltr'>commendat.</span> 
     </span>
    </p>

    <p class='ocr_par' dir='ltr' id='par_1_14' title="bbox 271 4819 1549 4976">
     <span class='ocr_line' id='line_1_43' title="bbox 338 4819 1549 4890; baseline 0.002 -17"><span class='ocrx_word' id='word_1_353' title='bbox 338 4822 359 4887; x_wconf 77' lang='lat'>¹)</span> <span class='ocrx_word' id='word_1_354' title='bbox 377 4819 472 4874; x_wconf 87' lang='lat' dir='ltr'>Prima</span> <span class='ocrx_word' id='word_1_355' title='bbox 490 4821 580 4872; x_wconf 82' lang='lat' dir='ltr'>fronte</span> <span class='ocrx_word' id='word_1_356' title='bbox 598 4819 704 4888; x_wconf 85' lang='lat' dir='ltr'>placuit</span> <span class='ocrx_word' id='word_1_357' title='bbox 715 4825 848 4887; x_wconf 77' lang='lat' dir='ltr'>precatori</span> <span class='ocrx_word' id='word_1_358' title='bbox 865 4830 957 4873; x_wconf 80' lang='lat' dir='ltr'>oestro.</span> <span class='ocrx_word' id='word_1_359' title='bbox 983 4819 1145 4873; x_wconf 87' lang='lat' dir='ltr'>Retinemus</span> <span class='ocrx_word' id='word_1_360' title='bbox 1156 4820 1253 4875; x_wconf 74' lang='lat' dir='ltr'>tumen</span> <span class='ocrx_word' id='word_1_361' title='bbox 1263 4830 1467 4890; x_wconf 68' lang='lat' dir='ltr'>praedicatori,</span> <span class='ocrx_word' id='word_1_362' title='bbox 1484 4826 1549 4883; x_wconf 61' lang='lat' dir='ltr'>adso</span> 
     </span>
     <span class='ocr_line' id='line_1_44' title="bbox 271 4901 1446 4976; baseline 0.005 -19"><span class='ocrx_word' id='word_1_363' title='bbox 271 4907 301 4957; x_wconf 91' lang='lat' dir='ltr'>ut</span> <span class='ocrx_word' id='word_1_364' title='bbox 319 4904 366 4958; x_wconf 91' lang='lat' dir='ltr'>nbi</span> <span class='ocrx_word' id='word_1_365' title='bbox 385 4904 584 4973; x_wconf 81' lang='lat' dir='ltr'>Sigismnndns‚</span> <span class='ocrx_word' id='word_1_366' title='bbox 604 4904 695 4971; x_wconf 85' lang='lat' dir='ltr'>quoad</span> <span class='ocrx_word' id='word_1_367' title='bbox 714 4903 821 4971; x_wconf 80' lang='lat' dir='ltr'>vixerit,</span> <span class='ocrx_word' id='word_1_368' title='bbox 839 4903 998 4973; x_wconf 80' lang='lat' dir='ltr'>Symmachi</span> <span class='ocrx_word' id='word_1_369' title='bbox 1015 4921 1044 4958; x_wconf 91' lang='lat' dir='ltr'>se</span> <span class='ocrx_word' id='word_1_370' title='bbox 1061 4901 1237 4959; x_wconf 86' lang='lat' dir='ltr'>laudatorem</span> <span class='ocrx_word' id='word_1_371' title='bbox 1253 4909 1446 4976; x_wconf 75' lang='lat' dir='ltr'>puolitsatnr.</span> 
     </span>
    </p>
   </div>
   <div class='ocr_carea' id='block_1_8' title="bbox 0 0 1606 5506">
    <p class='ocr_par' dir='ltr' id='par_1_15' title="bbox 0 0 1606 5506">
     <span class='ocr_line' id='line_1_45' title="bbox 0 0 1606 5506; baseline 0 0"><span class='ocrx_word' id='word_1_372' title='bbox 0 0 1606 5506; x_wconf 95' lang='lat' dir='ltr'> </span> 
     </span>
    </p>
   </div>
  </div>
 </body>
</html>
