3204 5506
636 122 831 170 nrrsrocan
856 113 958 169 1—3.
1359 103 1422 171 625

115 272 285 352 replesti
302 273 347 339 'in
370 295 408 336 ea
430 276 538 357 parte,
573 273 608 337 in
636 296 699 358 qua
727 275 847 339 dietmn
876 278 925 339 est
932 325 957 356 ,.
974 274 1059 359 quod
1085 275 1120 338 in
1143 273 1419 339 'thessalonicensi
1433 284 1550 350 (a.4er.)

120 372 288 438 ecelesia
310 375 360 438 vel
382 375 417 438 in
440 375 510 438 aliis
539 375 686 440 similiter
713 380 849 442 recitata
877 375 1011 460 epistola
1039 375 1291 460 praedecessoris
1318 378 1421 442 nostri

126 456 171 525 *¹³³
206 475 395 540 excessibus
411 477 522 540 Aeacii
547 477 654 541 cuncti
678 479 780 542 cidem
803 478 975 541 anathema
998 477 1147 559 dixerint,
1172 499 1231 541 nec
1253 478 1419 561 quisquam

132 575 367 641 eommunioni
391 579 657 661 praevaricatoris
680 602 748 643 sese
771 580 944 643 miscuerit.
976 579 1069 643 Unde
1092 579 1166 662 quia
1188 601 1247 642 nos
1270 580 1420 644 admones

96 754 99 773 ι
142 654 323 742 dilectione
345 679 501 762 fraterna,
526 684 562 744 ut
583 681 670 744 velut
690 682 881 745 medicinam
897 681 1067 765 quamdam
1089 681 1163 744 fidei
1186 681 1342 765 episeopis
1364 704 1421 766 per

96 802 99 855 i
148 752 317 853 illyricum
339 781 389 844 vel
412 781 483 846 aliis
505 783 689 847 ministrare
712 784 892 866 debeamus,
917 804 1109 867 quamquam
1129 782 1189 846 hoc
1205 783 1420 866 copiosissime

160 861 276 946 laetum
297 883 339 946 sit
362 905 380 946 a
403 884 516 948 heatae
539 885 768 949 reeordationis
790 885 1032 968 praedecessore
1053 888 1179 967 nostre,
1202 888 1234 948 et
1255 886 1330 969 quia
1353 907 1420 949 mos

96 1010 103 1073 ἰ
170 976 210 1038 est
225 980 382 1048 Romanae
406 986 557 1049 ecclesiae
580 986 737 1050 sacerdoti
760 987 886 1050 noviter
909 987 1083 1051 constituto
1097 989 1233 1050 sormam
1249 987 1322 1050 fidei
1344 1009 1420 1051 suae

96 1096 105 1163 l
170 1076 207 1142 ad
225 1090 343 1151 sanctas
366 1087 516 1152 ecclesias
539 1109 741 1172 praerogare,
766 1087 845 1151 haec
867 1088 976 1151 eadem
1000 1089 1223 1172 compendiosa
1240 1088 1335 1152 nimis
1351 1090 1420 1153 bre-

96 1188 105 1275 'p
172 1180 256 1257 vitate
282 1187 387 1252 studui
416 1210 585 1270 renovare,
627 1193 663 1251 ut
691 1190 749 1253 sub
777 1212 838 1273 qua
867 1189 928 1253 fide
955 1189 1126 1254 vivendum
1154 1189 1212 1272 sit,
1246 1191 1420 1255 secundum

162 1289 276 1352 statuta
301 1294 430 1373 patrum
459 1290 526 1374 ini)
560 1289 621 1354 hac
654 1294 765 1354 nostra
799 1291 932 1374 epistola
966 1295 1096 1375 propter
1129 1290 1317 1356 brevitatem
1351 1293 1419 1357 sine

155 1389 285 1455 fastidio
305 1390 407 1455 lector
430 1396 596 1476 agnoscat.
1115 1467 1120 1474 ⁶

240 1493 269 1557 2.
304 1492 500 1557 tbnfitemur
523 1515 610 1578 ergo,
635 1494 808 1558 Dominum
830 1499 975 1558 nostrum
997 1496 1107 1561 desum
1125 1496 1286 1560 Christum
1303 1495 1419 1561 Filium

144 1594 214 1659 Dei
238 1594 438 1680 unigenitum
461 1599 536 1659 ante
559 1597 667 1660 omnia
690 1597 816 1680 quidem
841 1596 967 1661 saecula
991 1598 1060 1661 sine
1082 1599 1241 1683 principio
1263 1621 1301 1662 ex
1323 1598 1419 1664 Patre

142 1701 265 1761 natum
288 1697 462 1760 secundum
485 1697 652 1779 deitatem,
676 1699 890 1785 novissimis³)
915 1702 1020 1762 autem
1044 1700 1154 1764 diebus
1170 1701 1208 1763 de
1229 1705 1342 1764 sancta
1359 1703 1418 1765 vir·

138 1798 231 1884 gine
252 1797 355 1861 Maria
383 1800 527 1863 eumdem
556 1801 761 1864 incarnatum
790 1805 822 1863 et
849 1802 1025 1883 perfeetum
1053 1800 1216 1865 hominem
1245 1825 1283 1865 ex
1312 1804 1419 1866 anima

137 1900 303 1964 rationali
326 1904 358 1964 et
381 1901 520 1984 corporis
543 1902 762 1985 susceptione,
792 1902 977 1965 homousion
1001 1902 1089 1964 Patri
1118 1905 1293 1967 secundum
1321 1905 1419 1968 deita-

137 2007 235 2082 tam,
269 2006 301 2064 et
317 2003 516 2064 homousion
544 2004 636 2066 nobis
665 2005 838 2066 secuudum
867 2004 1110 2067 humanitatem.
1161 2004 1304 2069 Duarum
1334 2008 1419 2070 enim

136 2107 341 2168 naturarum
370 2103 583 2187 perfectarum
611 2105 718 2168 unitas
749 2106 836 2167 lacta
867 2110 916 2167 cst
943 2106 1157 2188 ineffabiliter,
1182 2108 1417 2192 propterquod

137 2227 252 2269 unum
290 2204 451 2269 Christum
488 2207 631 2270 eumdem
668 2205 784 2269 Filium
822 2205 881 2269 Dei
919 2210 950 2270 et
986 2206 1124 2271 hominis
1162 2209 1362 2293 unigenitum
1400 2233 1418 2272 a

138 2307 267 2389 Patre,
306 2311 338 2370 et
369 2307 617 2392 primogenitum
653 2332 689 2371 ex
725 2309 858 2371 mortuis
896 2309 1100 2391 confitemur,
1144 2311 1301 2393 scientes,
1336 2311 1418 2395 quod

140 2406 281 2492 quidem
304 2412 489 2472 coaeternus
517 2410 559 2472 sit
586 2432 642 2473 suo
666 2410 754 2473 Patri
784 2411 956 2473 secundum
989 2411 1205 2493 divinitatem,
1245 2413 1419 2476 seeundum

142 2532 249 2594 quam
272 2511 378 2593 opifex
407 2514 455 2574 est
477 2512 635 2593 omnium,
665 2516 696 2574 et
720 2511 871 2594 dignatus
900 2517 949 2574 est
976 2516 1049 2594 post
1078 2514 1319 2577 crnrsensioncm
1347 2537 1418 2577 san-

143 2616 224 2676 ctae
247 2610 407 2695 Virginis,
440 2634 535 2695 quum
564 2612 644 2676 dixit
680 2613 719 2675 ad
750 2612 917 2697 angelum:
958 2619 1035 2678 Ecce
1062 2622 1176 2679 rrrrrillu
1202 2621 1332 2693 llonrim‘,
1365 2624 1567 2696 fiutLuc.1,38.

143 2719 229 2777 milri
255 2719 418 2778 secundum
447 2720 566 2778 verbum
596 2731 692 2791 laum,
728 2714 933 2778 ineffabiliter
966 2715 1025 2777 sihi
1055 2738 1092 2777 cx
1119 2718 1189 2800 ipsa
1218 2718 1418 2802 aedificare⁴)

144 2814 324 2898 templum,
359 2819 391 2877 et
412 2815 522 2879 statim
545 2817 604 2879 sihi
629 2817 747 2897 univit,
782 2817 863 2898 quod
890 2839 954 2878 non
982 2822 1185 2880 coaeternum
1208 2819 1246 2881 de
1268 2841 1325 2882 sua
1347 2819 1418 2882 sub-

145 2916 276 2981 stantia
304 2938 320 2978 e
350 2917 436 2979 coelo
465 2918 580 2981 detulit
609 2940 737 3001 corpus,
772 2918 825 2981 sed
854 2941 891 2979 cx
921 2940 1024 2981 massa
1052 2923 1179 2982 nostrae
1208 2920 1416 3003 substantiae,

146 3019 214 3082 hoc
246 3021 296 3080 est
325 3040 363 3082 ex
401 3019 534 3102 virgine.
596 3019 665 3081 Hoc
705 3020 864 3101 accipiens
901 3024 932 3081 et
964 3019 1024 3081 sihi
1059 3020 1188 3101 uniens,
1232 3044 1297 3084 non
1330 3021 1417 3086 Deus

146 3120 297 3184 Verbum
318 3121 351 3183 in
375 3142 503 3183 carnem
527 3144 633 3184 versus
656 3125 719 3203 est,
752 3143 852 3204 neque
878 3125 911 3183 ut
934 3120 1125 3203 phantasma
1154 3144 1311 3206 apparens
1318 3174 1327 3206 ,
1363 3125 1417 3188 sed

145 3222 442 3287 inconvertibiliter
475 3229 507 3286 et
534 3223 837 3286 incommutabiliter
871 3245 960 3285 suam
998 3222 1196 3287 conservavit
1233 3226 1415 3308 essentiam,

147 3324 313 3409 primitias
341 3327 475 3387 naturae
502 3330 631 3388 nostrae
660 3325 836 3407 suscipiens
859 3324 920 3386 sihi
943 3326 1055 3387 univit.
1107 3324 1191 3388 Nam
1224 3327 1417 3410 principium

147 3428 240 3491 Deus
257 3425 397 3490 Verbum
420 3426 476 3488 has
499 3432 627 3490 nostrae
650 3430 784 3489 naturae
807 3427 964 3508 primitias
987 3429 1076 3510 peri)
1100 3427 1233 3489 multam
1252 3428 1312 3492 sibi
1328 3428 1416 3492 boni-

147 3533 254 3592 tatem
276 3527 368 3590 unire
391 3527 542 3610 dignatus
565 3531 630 3608 est,
655 3529 728 3611 quia
752 3550 815 3590 non
839 3527 1029 3610 permistus,
1054 3528 1108 3590 sed
1132 3529 1165 3590 in
1188 3530 1329 3613 utrisque
1345 3530 1413 3594 sub·

218 3819 242 3884 ²)
260 3818 306 3870 Ita
323 3815 498 3882 correximus,
517 3816 591 3884 quod
610 3819 694 3870 autea
711 3834 761 3884 per
779 3834 899 3870 errorem
916 3815 1034 3871 hhruriis
1048 3815 1178 3870 usitatum
1191 3821 1293 3870 iuliane
1306 3831 1417 3872 nostram

146 3909 296 3974 epistolam.

218 3989 242 4055 ⁸)
261 3984 307 4039 Sic
324 4004 386 4040 mss.
424 3984 499 4038 Edlti
516 4003 581 4040 vcro
601 3993 625 4039 r'a
644 3992 782 4040 saeuissimis
855 3994 885 4040 de
904 3993 1072 4047 sanctissima,
1096 3989 1124 4039 ct
1141 3986 1226 4052 inl'ra,
1244 3993 1416 4042 ,sanctissimae

145 4079 264 4141 υἰνρὺιιέ.

219 4160 241 4224 ⁴)
260 4156 295 4210 K¹
316 4163 344 4208 ct
362 4155 430 4208 editi
447 4161 602 4223 aedificavit,¹
631 4154 718 4223 magis
737 4156 829 4224 placat
848 4175 909 4210 eum
927 4158 962 4209 Ka
981 4162 1117 4221 aedificare
1139 4155 1194 4209 scil.
1215 4156 1346 4224 dignatus
1365 4160 1415 4211 est.

143 4241 261 4300 Deinde
279 4239 446 4311 particulam
463 4248 554 4302 statari,
575 4241 639 4294 ante
656 4245 705 4294 sibi
723 4248 807 4303 traicit,
827 4241 950 4310 ejusdcm
964 4240 1063 4294 codicis
1077 4241 1243 4295 auctoritate
1262 4240 1417 4310 adjicimus,

143 4329 264 4385 favente
282 4325 316 4379 Κί
335 4336 388 4379 stat
404 4329 453 4378 sibi
470 4331 553 4378 univit.
591 4325 631 4378 Eo
649 4327 731 4393 pacto
751 4327 895 4380 confirmat
912 4325 1080 4390 Anastasius,
1099 4325 1173 4393 quod
1192 4325 1316 4380 Gelasius
1335 4328 1415 4381 tract.

142 4415 185 4470 III
204 4417 266 4467 Μ
285 4412 380 4476 vocat,
401 4409 439 4463 sic
457 4409 585 4463 nimirum
603 4410 728 4464 Verbum
745 4410 850 4463 homini
868 4410 987 4476 unitum,
1011 4422 1037 4463 ue
1056 4416 1184 4479 rariusque
1203 4423 1309 4465 naturae
1328 4415 1417 4479 ineffa-

142 4503 237 4554 bauer
255 4500 335 4550 coitio
353 4500 385 4549 ad
403 4503 459 4563 ipso
478 4502 649 4562 eorrceptiom's
666 4516 728 4549 auae
747 4506 840 4549 eoecrau
858 4498 1006 4547 satiabiliter
1024 4516 1055 4547 ae
1073 4507 1191 4562 potenter
1208 4502 1354 4551 exsisteret.

217 4584 239 4652 5)
258 4581 304 4636 lca
322 4597 384 4633 mss.
421 4579 496 4634 ddici
518 4588 595 4634 malla
616 4585 665 4634 aidi
686 4585 797 4634 bonitate
871 4585 913 4645 qai
935 4599 983 4632 non
1004 4585 1159 4647 permistus,
1181 4586 1229 4634 sed
1245 4586 1270 4634 in
1288 4587 1417 4650 utriusque

139 4673 303 4726 substantia,

177 4769 343 4810 trasconis
362 4742 465 4804 nouas.
480 4770 592 4804 scama.
612 4754 634 4810 Ι,
1176 4758 1216 4816 ,10
