3204 5506
147 284 155 311 1

228 368 291 434 438
560 341 568 353 ’
705 382 733 430 s.
751 381 891 430 annisu
914 381 1028 428 nisan

120 557 214 606 asoa.
228 539 390 624 superiore
414 540 571 601 conventu
601 536 744 600 oblatum
767 535 861 599 nobis
890 560 909 599 a
938 536 1062 599 Miseno
1089 535 1234 601 libellum
1262 538 1298 601 in
1327 560 1456 624 conspe

152 710 156 732 ,
226 645 333 705 vestro
355 640 454 704 fuisse
477 640 664 704 recitatum:
687 638 774 702 hunc
796 640 954 721 eumdem,
983 638 1011 701 si
1039 638 1146 723 placet
1168 638 1334 704 dilectioni
1359 647 1456 713 ‘rests

226 742 600 823 ‹lcnuorecensendum
631 745 667 805 ut
690 745 762 804 acta
788 745 899 804 nostra
929 741 1127 805 contineant.
1173 740 1219 805 Et
1245 743 1323 827 quia
1349 743 1435 812 aliud

226 865 351 929 quoque
378 844 564 927 petitorium
590 865 668 927 prae
696 842 845 906 manibus
873 843 991 907 habere
1019 843 1204 927 profitetur,
1235 843 1313 928 quid
1341 846 1431 914 etiam

227 947 288 1010 hoc
311 946 526 1028 contineatur,
550 945 707 1030 possimus
736 948 947 1029 agnoscere.“
984 944 1028 1009 Et
1054 944 1187 1028 adjecit:
1210 945 1352 1029 „Miseni
1373 940 1456 1015 libel]

227 1050 330 1112 denuo
352 1048 540 1112 recitetur.“

312 1152 342 1214 2.
389 1151 581 1215 Anastasius
604 1151 757 1214 diaconus
780 1149 943 1213 recitavit:
967 1148 1113 1231 „Datum
1135 1172 1154 1213 a
1176 1149 1300 1215 famulo
1321 1153 1456 1218 vesunu

229 1275 305 1316 seno
329 1252 379 1315 die
401 1256 514 1316 octavo
536 1252 656 1316 Jduum
679 1252 879 1335 Martiarum,
903 1252 1037 1315 Victore
1059 1275 1090 1315 v.
1116 1274 1144 1316 c.
1170 1253 1313 1318 consule.
1336 1253 1456 1330 Quart

230 1356 269 1419 ad
284 1377 374 1418 meae
389 1355 531 1438 pertinet
546 1355 747 1426 infelicitatis
763 1354 980 1439 abruptum-³),
1005 1355 1106 1417 errori
1122 1376 1194 1419 meo
1210 1356 1353 1439 qualibet
1372 1358 1456 1421 ratio

230 1460 396 1521 contracto
419 1457 536 1520 definio
558 1478 624 1520 non
646 1479 714 1520 esse
736 1457 948 1540 parcendum:
972 1456 1124 1540 quoniam
1147 1456 1209 1521 hoc
1232 1457 1303 1541 ipso
1324 1481 1416 1543 poena
1435 1479 1456 1517 ε

229 1582 298 1623 rere
321 1582 385 1622 non
409 1559 517 1641 debeo,
542 1559 624 1643 quod
646 1559 748 1622 merui
771 1559 811 1621 ad
828 1581 957 1623 causam
980 1558 1148 1643 poenalem
1169 1561 1389 1646 quacunque⁴l
1408 1578 1456 1625 so:

230 1660 369 1744 perduci.
394 1659 556 1734 Quantum
578 1683 652 1724 vero
674 1660 838 1746 respicit⁵)
862 1661 901 1723 ad
924 1659 1094 1724 remediale
1117 1661 1306 1746 subsidium,
1329 1663 1388 1727 duo
1405 1682 1456 1728 su:

230 1785 311 1846 qnae
333 1784 384 1826 me
412 1762 451 1826 ad
478 1761 539 1826 hoc
567 1762 755 1847 suppliciter
783 1761 1020 1846 implorandum
1048 1763 1158 1826 venire
1185 1765 1423 1850 constringunt:

232 1865 278 1928 vel
304 1887 364 1949 ego
386 1866 607 1950 desperatione
635 1864 740 1948 magis
763 1865 927 1949 perpetuis
957 1863 1151 1929 cruciatibus
1173 1866 1235 1930 sim
1257 1867 1374 1952 dignus
1394 1864 1456 1931 adr]

230 1967 334 2030 ,Iudae
355 1967 622 2050 praevaricatoris
645 1966 800 2051 exemplo,
831 1969 863 2029 et
885 1966 960 2050 quia
981 1969 1075 2030 tanta
1096 1970 1145 2030 est
1167 1968 1342 2032 ineffabilis
1362 1969 1415 2033 illa
1433 1989 1456 2031 c

231 2069 362 2150 mentia,
387 2092 468 2153 quae
491 2069 666 2152 apostolica
688 2071 850 2152 potestate
866 2068 1052 2132 universum
1067 2068 1195 2133 facinus
1210 2069 1312 2154 possit
1328 2071 1456 2134 absolve

234 2171 325 2235 Hauc
354 2172 454 2255 igitur
476 2170 575 2235 solam
605 2171 638 2233 in
661 2192 732 2234 meo
754 2171 896 2255 negotio,
926 2193 1011 2255 papa
1035 2170 1245 2254 venerabilis,
1275 2194 1382 2238 vocem
1408 2172 1456 2237 mj

232 2273 350 2337 raudus
389 2274 531 2336 cllundo:
573 2294 672 2352 parce
702 2285 873 2352 prostrato,
904 2279 1035 2352 porripc
1066 2294 1189 2338 monum
1214 2279 1355 2352 jacenti!
1396 2273 1456 2338 Nu

232 2375 435 2459 ignorantiae
466 2375 724 2439 excusationibus
752 2375 854 2456 nitor,
873 2374 996 2447 ,nullas
1030 2375 1193 2459 decipulas
1222 2375 1456 2441 circumvestit:

173 2514 176 2519 ·
232 2477 381 2556 obtendo,
413 2499 473 2540 nec
495 2478 527 2540 in
558 2499 749 2561 quemquam
772 2477 964 2540 calamitatis
986 2499 1075 2541 meae
1098 2477 1210 2541 studeo
1236 2477 1412 2543 transferre
1450 2506 1456 2527 ·

233 2579 403 2660 crimenll,
439 2579 513 2661 quia
547 2579 626 2642 alios
659 2579 805 2642 incusare
836 2602 901 2642 non
931 2578 1047 2670 debeo,
1083 2579 1137 2663 qui
1167 2602 1298 2662 poscam
1333 2579 1456 2644 clemen

234 2679 370 2743 absolvi:
400 2680 473 2763 quia
494 2680 572 2743 licet
598 2681 675 2744 mihi
699 2703 756 2764 pro
779 2703 849 2744 mea
872 2681 1058 2745 defensione
1080 2680 1163 2758 nihil
1186 2681 1328 2764 afferam,
1351 2704 1417 2747 non

234 2783 343 2867 bigam
365 2785 474 2845 tamen
497 2782 575 2845 haec
594 2784 702 2846 omnia
717 2786 772 2846 tuo
784 2783 905 2867 judicio
929 2805 997 2847 esse
1012 2783 1193 2846 tractanda.
1218 2782 1361 2847 Tantum
1376 2806 1456 2868 qun.

234 2887 270 2948 ut
292 2885 463 2970 super1107)
487 2883 620 2948 Numini
643 2886 864 2969 obsequentes,
896 2885 979 2969 quod
1002 2887 1192 2968 pronuntiat
1219 2907 1277 2970 per
1299 2885 1456 2971 prophet-

125 2967 221 3090 {⁴3}ssss
235 2992 309 3050 Nolo
331 2999 454 3051 moriem
477 2994 648 3068 morientis,
679 2994 774 3060 durren
801 2999 973 3052 reversatur
995 3000 1024 3051 et
1046 2994 1135 3064 uiuat,
1167 3009 1223 3051 vos
1246 2987 1354 3071 potius
1377 3009 1456 3053 cun

160 3078 166 3099 ’
190 3072 212 3090 ..
233 3112 313 3172 (luae
336 3090 405 3171 ini)
429 3112 565 3171 persona
590 3113 659 3152 mea
682 3093 775 3171 gesta
791 3093 877 3170 sunt,
903 3089 1043 3173 benigna
1060 3088 1317 3153 consideratione
1336 3088 1456 3153 librar

301 3329 321 3377 ³i
340 3326 369 3379 b¹
389 3326 425 3379 ud
448 3344 536 3393 marg.
556 3331 672 3379 obierum.
709 3326 771 3379 lam
796 3326 870 3396 apud
893 3326 1014 3379 Leonem
1038 3325 1157 3395 epistola
1177 3332 1207 3380 15
1231 3334 1322 3395 cap.3
1345 3325 1456 3396 legin

233 3433 337 3477 rnnpnne
357 3417 461 3463 rendunt
472 3416 608 3478 inpietatis
620 3415 760 3477 (idruntum.
781 3411 914 3464 Esurdom
927 3410 1097 3465 locutionem
1107 3410 1220 3465 Gelasio
1232 3387 1399 3465 lumiliarem
1410 3409 1456 3464 fl

234 3496 336 3564 probat
354 3495 397 3547 vel
416 3513 485 3548 unus
502 3495 574 3549 illius
593 3497 729 3549 tractatus
742 3496 778 3560 V,
798 3494 825 3547 in
845 3512 899 3562 quo
919 3498 947 3550 et
965 3514 1040 3549 uum.
1061 3504 1091 3549 1‘3
1111 3495 1232 3550 occurrit
1248 3508 1400 3566 curratque,
1433 3516 1456 3546 ι

233 3586 303 3633 reida!
325 3585 350 3632 in
372 3585 520 3646 rnorliseruc
542 3586 764 3648 praecipitationis
782 3584 928 3647 abruptum,
953 3584 982 3633 et
1001 3599 1025 3633 u.
1040 3586 1072 3632 ul
1096 3587 1151 3648 ipsc
1171 3586 1255 3634 rident
1273 3602 1335 3634 surse
1358 3592 1456 3635 lenes

235 3669 374 3732 abrrrptnnr.

301 3752 321 3816 ⁴)
341 3749 378 3801 Ui·
399 3749 472 3803 infra
500 3750 535 3801 Ni
558 3770 704 3819 prioremque
725 3762 810 3812 sorte,
834 3749 877 3803 cui
901 3752 977 3803 lavel·
999 3751 1033 3803 G¹
1057 3771 1204 3819 quacunque
1225 3755 1312 3818 forle,
1335 3753 1362 3804 a¹
1376 3752 1406 3803 b’
1447 3772 1456 3814 q

234 3855 329 3902 ‹noque›
347 3839 425 3898 sinet,
458 3833 566 3903 Duplici
584 3851 676 3903 poena
694 3834 814 3889 Misenus
833 3835 966 3888 multatus
984 3836 1087 3888 fuerat:
1106 3852 1123 3889 a
1141 3835 1310 3889 sacerdotali
1327 3833 1456 3904 signina

235 3938 251 3972 u
270 3919 462 3973 communione
480 3935 634 3988 suspensus.
672 3920 750 3973 Hanc
773 3919 825 3973 sibi
844 3919 963 3973 relaxari
982 3920 1123 3988 conceptis
1140 3919 1234 3973 verbis
1252 3923 1348 3990 rogat,
1370 3918 1409 3973 ad
1436 3914 1456 3967 ἰ

235 4003 328 4071 qrioud
347 4002 447 4056 vixerit
465 4003 608 4057 ferendam
626 4007 741 4073 paratus
759 4005 877 4058 videtur.

302 4090 323 4155 ⁵)
342 4089 386 4140 lla
403 4088 447 4140 hic
467 4090 497 4140 ut
514 4088 587 4141 iufra
605 4089 639 4142 (3¹
653 4092 693 4155 a';
711 4090 748 4143 Ν6
761 4090 789 4142 lr'
805 4093 830 4142 ο7
848 4106 924 4157 seqq.
944 4088 989 4143 hic
1009 4095 1134 4157 pertinet,
1157 4089 1232 4144 iufra
1249 4096 1363 4159 respa-u.
1395 4087 1456 4142 De:

235 4175 269 4227 G*
289 4184 313 4227 et
332 4184 427 4243 quarela
446 4185 483 4226 eut
501 4178 645 4241 ineffabilis.

302 4263 323 4324 ἦ)
342 4258 382 4310 Ex
401 4256 486 4312 G¹.N⁶
503 4257 548 4311 hic
566 4260 726 4311 revocatum
744 4261 863 4328 estquis
880 4265 945 4313 ulios
962 4265 1080 4313 incusare
1099 4280 1147 4315 non
1166 4264 1257 4327 debeo,
1276 4267 1320 4330 qui
1334 4277 1422 4329 ροιω

235 4355 330 4396 ‚nemer
353 4346 458 4399 absolui.
483 4343 558 4410 quod
581 4344 679 4398 decrat
701 4343 728 4395 in
751 4343 805 4396 alio
823 4343 913 4397 Vatis.
955 4344 1020 4397 Mox
1038 4344 1072 4399 G¹
1096 4350 1156 4414 quia
1177 4350 1239 4400 licet
1259 4367 1317 4413 pro.
1336 4375 1366 4384 -
1386 4339 1456 4397 Bfin

237 4428 355 4480 Misenus
373 4445 483 4481 omnem
502 4428 673 4482 excusandae
697 4429 794 4497 culpae
818 4446 912 4489 curam
935 4428 1075 4483 (innitterc
1094 4445 1123 4482 sc
1140 4430 1302 4498 profitetur,
1325 4446 1385 4483 mox
1401 4430 1456 4482 uc

235 4531 263 4565 sc
283 4512 499 4566 circumventum
521 4530 573 4582 per
594 4511 764 4582 imperitiam
782 4529 924 4583 peccasse,
946 4513 1065 4582 ideoque
1083 4513 1157 4568 socio
1176 4514 1287 4569 sublato
1304 4512 1395 4568 veniae
1408 4520 1456 4566 m

236 4599 331 4650 valum
350 4615 409 4651 csse
427 4615 483 4651 non
500 4600 582 4652 tacet.
832 4586 836 4593 ⁸

302 4684 323 4747 ⁷)
342 4680 376 4734 G*
390 4685 415 4735 a'
435 4693 468 4744 nt,
479 4704 615 4751 supernum
633 4690 832 4738 misericordiam
849 4688 1040 4753 subsequentes,
1060 4704 1137 4754 perne,
1156 4701 1213 4738 non
1231 4684 1286 4738 alio
1303 4701 1388 4739 sensu,

304 4769 323 4833 Β)
343 4767 387 4819 lta
403 4767 448 4820 N⁶.
473 4768 506 4822 G'
521 4771 547 4822 a*
572 4775 596 4821 in
618 4790 754 4838 personum
778 4791 855 4821 interim
877 4780 950 4838 pcata
972 4777 1023 4822 sini
1105 4773 1277 4824 deliberanda
1297 4773 1404 4823 viatim
1420 4779 1456 4822 se

236 4857 395 4918 aspritudine
417 4863 443 4905 et
465 4864 584 4907 continuo
607 4861 777 4908 rrerreeralione
795 4865 954 4922 conaunpto,
979 4875 1009 4908 ne
1031 4860 1086 4908 aine
1104 4859 1277 4925 ecclesiastico
1293 4872 1391 4907 mnam
1405 4865 1456 4921 rep

236 4939 265 4988 ut
282 4952 347 4988 mox
362 4941 522 5002 fortitudinia
544 4919 670 4992 intuentes
688 4937 735 4992 ubi
758 4939 805 4992 ulii
825 4944 971 5006 sorinidinis
989 4945 1097 4996 inurens.
1131 4938 1252 4994 Missum
1268 4953 1323 4993 non
1341 4936 1422 4995 milii
1439 4950 1456 4990 1
