3204 5506
679 348 848 397 nrrsuonn
872 359 900 396 .›.
1360 336 1421 401 631

151 526 238 589 quae
259 526 318 568 nos
339 503 543 568 vehementer
566 501 747 584 offendunt,
776 504 810 566 in
832 504 1044 568 translatione
1073 505 1225 589 epistolae
1248 507 1308 570 sibi
1331 508 1422 572 satis·
1435 515 1552 583 (alst.)

152 607 279 672 factum
300 606 398 670 luisse
421 630 440 669 a
462 605 644 688 supradicto
666 605 812 688 praesule
828 606 993 670 Romanae
1009 607 1171 690 ecclesiae,
1195 607 1278 692 quod
1300 608 1424 674 sedicet

151 709 188 773 in
211 708 367 792 epistolae
388 707 600 772 translatione
628 707 911 791 comprobarentur
939 730 1076 792 errores,
1111 710 1213 791 ipsam
1241 731 1315 774 vero
1337 709 1422 775 Lati·

152 833 232 874 nam
259 809 426 893 epistolam
451 809 545 892 juxta
573 810 667 872 fidem
695 812 911 874 trecentorum
944 810 1052 874 decem
1080 815 1112 874 et
1139 814 1212 874 octo
1239 815 1422 876 sanctorum

149 915 284 997 patrum
306 911 424 976 editam
447 911 643 974 constitisse:
667 911 798 994 insuper
819 911 974 995 quaedam
996 912 1107 976 retulit
1129 933 1167 976 cx
1187 934 1324 997 persona
1340 914 1421 997 ejus·

150 1014 229 1079 dem
250 1013 406 1078 antistitis
427 1013 526 1076 fuisse
549 1016 695 1094 narrata,
726 1033 805 1095 quac
834 1014 874 1076 ad
896 1013 1164 1098 vituperationem
1187 1036 1312 1098 eorum,
1341 1037 1421 1099 quae

149 1116 187 1180 in
210 1115 423 1180 translatione
451 1118 527 1178 suut
549 1115 667 1196 indita,
699 1114 916 1197 pertinerent,
947 1119 979 1179 et
1006 1117 1045 1180 ad
1073 1116 1144 1180 illos
1167 1116 1278 1203 *et¹¹)
1307 1119 1362 1203 qui
1384 1106 1472 1182 ea*f·
1487 1113 1538 1160 Μ’·

149 1217 360 1304 confringere
381 1220 603 1299 tentaverunt,
632 1217 671 1280 ad
693 1216 946 1281 satisfactionem
967 1239 1042 1281 vero
1065 1239 1189 1301 eorum,
1218 1221 1272 1302 qui
1300 1224 1420 1284 rectam
1431 1181 1529 1243 mmm

146 1321 251 1384 fidem
272 1318 571 1403 immaculatamque
594 1317 751 1382 custodire
775 1339 839 1382 non
861 1319 1042 1403 negligunt.

239 1423 270 1486 5.
316 1420 436 1496 Quibus
466 1419 591 1484 abunde
625 1420 793 1506 sanati¹²),
833 1421 1059 1506 cupientesque
1086 1422 1256 1505 pristinam
1283 1423 1420 1489 redinte-

143 1525 241 1609 grari
266 1523 482 1604 concordiam,
512 1521 680 1585 maluimus
703 1521 800 1585 ctiam
823 1522 968 1603 evehis,
999 1524 1026 1586 si
1049 1545 1123 1587 vera
1146 1528 1223 1588 sunt
1244 1524 1314 1607 illa,
1338 1548 1419 1610 quac

142 1624 313 1689 Photinus
335 1623 503 1709 religiosus
526 1624 677 1687 diaconus
701 1623 792 1687 nobis
815 1624 978 1706 retulerat,
1003 1625 1136 1707 edoceri,
1160 1630 1345 1710 vestraeque
1368 1628 1419 1691 de·

143 1727 363 1791 siderarimus
385 1747 550 1791 occurrere
566 1725 730 1789 sanctitati
755 1730 787 1788 ct
802 1725 841 1789 de
856 1724 905 1789 his
921 1727 1068 1791 omnibus
1084 1726 1201 1791 habere
1217 1728 1417 1812 colloquium.

142 1828 275 1892 Verum
302 1829 458 1892 sanctitas
486 1830 592 1890 vestra
619 1848 684 1890 non
713 1827 809 1890 semel
838 1827 892 1890 sed
922 1828 1032 1892 crebro
1060 1851 1118 1892 nos
1146 1829 1258 1894 docere
1285 1831 1419 1915 dignata

143 1935 225 2013 ests
236 1932 271 1993 in
293 1930 445 2012 epistolae
468 1929 733 2012 interpretatione
749 1950 870 1992 errores
886 1929 1049 1993 intersitos
1065 1952 1130 1993 non
1148 1930 1181 1992 in
1197 1930 1313 1995 Latino
1327 1936 1418 1996 textu

140 2033 253 2096 fuisse
275 2035 454 2115 conceptos.
500 2031 700 2114 Quapropter
722 2029 969 2113 supplicavimus
993 2031 1097 2109 vobis,
1128 2035 1164 2094 ut
1187 2033 1418 2098 confessionem

142 2137 282 2198 nostrae
304 2132 376 2196 fidei
399 2133 582 2212 sumeretis,
612 2154 669 2215 pro
697 2153 760 2214 qua
789 2132 977 2195 venerabilis
1001 2133 1153 2196 eeclesiae
1174 2137 1309 2198 ‘nostrae
1331 2134 1417 2219 lega-

143 2238 241 2300 tione
267 2235 504 2319 perfungimur:
541 2256 635 2318 quarn
662 2233 756 2296 fidem
786 2233 882 2296 etiarn
911 2233 1026 2317 ubique
1054 2235 1274 2299 sanctissimus
1297 2235 1417 2300 archie-

144 2338 348 2423 piscopusw)
371 2336 548 2417 intimavit,
573 2339 606 2399 et
628 2335 873 2418 approbantium
896 2335 1021 2419 accepit
1042 2337 1196 2418 rescripta
1218 2340 1414 2401 cunctorum.

144 2439 242 2516 Quod
265 2440 292 2502 si
315 2438 411 2503 etiarn
434 2440 573 2501 vestram
601 2436 674 2500 huic
703 2437 774 2498 tidei
804 2440 949 2500 sanctam
978 2437 1145 2501 ecclesiam
1173 2438 1315 2503 videritis
1344 2461 1416 2503 con-

145 2560 282 2627 gruere,
312 2539 403 2603 nobis
432 2539 579 2602 satisfieri
605 2538 761 2621 jubeatis,
792 2542 828 2601 ut
849 2538 983 2602 sublatis
1006 2561 1023 2602 e
1045 2539 1149 2602 medio
1171 2540 1346 2623 scandalis,
1376 2542 1415 2605 ad

144 2643 322 2728 pristinam
352 2645 418 2704 tam
440 2640 586 2704 Romana
613 2662 706 2724 quam
731 2639 950 2704 Alexandrina
974 2641 1171 2705 venerabiles
1194 2642 1346 2706 eeclesiae
1369 2665 1415 2707 re·

146 2745 251 2809 deant
271 2743 437 2808 unitatem.

235 2847 266 2909 6.
304 2844 398 2909 Hanc
426 2848 533 2909 autem
561 2844 633 2908 fidei
663 2843 944 2929 confessionem¹⁴l
979 2845 1068 2907 vobis
1101 2845 1273 2909 obtulimus
1307 2847 1416 2911 taliter

146 2949 371 3014 continentem
409 2969 448 3010 ex
481 2945 673 3031 evangelicis
709 2944 953 3029 apostolicisque
992 2947 1170 3029 praeconiis
1204 2947 1414 3031 inspiratione

146 3051 260 3114 divina
283 3049 381 3111 solam
405 3069 511 3111 veram
534 3052 716 3131 rectamque
739 3047 847 3128 fidem,
881 3070 976 3130 quam
998 3048 1133 3112 trecenti
1157 3048 1267 3110 decem
1289 3052 1322 3111 et
1343 3054 1414 3114 octo

146 3149 348 3216 venerabiles
363 3153 482 3233 patres,
499 3149 601 3233 quiin
618 3149 648 3211 N
650 3150 761 3212 icaena
778 3149 897 3230 synodo
914 3150 1101 3232 congregati
1121 3152 1205 3230 sunt,
1231 3149 1413 3215 ediderunt:

144 3276 246 3340 quarn
268 3254 301 3316 et
323 3252 421 3316 secuti
444 3254 520 3314 sunt
536 3254 662 3314 centum
678 3250 923 3334 quinquaginta,
948 3250 1001 3333 qui
1017 3250 1056 3312 ad
1077 3250 1187 3312 urbem
1203 3251 1325 3334 regiam
1341 3274 1413 3316 con-

144 3357 308 3420 venerunt
331 3374 428 3438 aeque
451 3353 624 3417 venerandi
651 3352 829 3436 pontifices,
875 3349 969 3414 Hanc
992 3351 1088 3414 ctiam
1112 3355 1334 3435 exsequentes,
1359 3358 1413 3438 qui

143 3457 271 3542 Ephesi
300 3454 424 3519 collecti
452 3460 528 3519 sunt
554 3458 679 3539 patres,
717 3453 926 3533 annuentem
957 3474 1079 3537 quoquc
1109 3453 1192 3519 sedis
1219 3455 1412 3538 apostolicae

140 3581 233 3646 papa
256 3557 458 3621 sanctissimo
481 3556 671 3638 Caelestino,
695 3555 885 3640 sacrilegum
909 3555 1099 3618 damnavere
1122 3553 1315 3638 Nestorium,
1339 3580 1411 3641 poe·
1499 3562 1502 3568 '

138 3684 223 3727 nam
247 3660 282 3723 in
305 3681 367 3742 ees,
391 3659 444 3742 qui
459 3659 657 3722 tentaverint
671 3658 765 3721 fidem
781 3657 876 3720 aliam
892 3660 1042 3738 statuere,
1067 3657 1295 3741 praefigentes:
1318 3682 1411 3743 quern

137 3761 333 3830 Nestorium
364 3783 422 3823 nos
456 3782 579 3844 quoque
614 3760 706 3823 sirnul
742 3781 812 3822 eum
842 3757 1021 3841 Eutychete
1055 3758 1216 3821 contraria
1246 3758 1296 3823 his
1330 3784 1411 3845 quae

216 3967 250 4031 Η)
268 3965 313 4018 Ita
333 3965 436 4017 textum
451 3962 483 4015 G¹
498 3961 676 4025 reddidimus,
694 3960 741 4014 ubi
756 3960 779 4014 ei
791 3961 851 4015 loco
865 3974 889 4014 et
907 3961 1017 4029 leuatur
1028 3967 1163 4028 err’pendoe
1181 3961 1225 4014 vel
1237 3962 1302 4029 quid
1315 3963 1411 4031 simile,

128 4051 210 4109 nihil
232 4049 270 4104 ad
288 4047 478 4114 integritatem
497 4047 582 4101 deest
613 4045 686 4099 Editi
707 4045 839 4099 omittunt
857 4058 881 4099 ct
899 4050 927 4099 et
945 4067 1013 4107 nero,
1033 4063 1065 4098 ac
1084 4053 1226 4112 ‹rorrfinpere
1244 4047 1374 4101 scribunt.

211 4136 245 4202 ¹²)
264 4134 310 4187 lta
328 4133 370 4187 θ’.
407 4132 481 4185 Edlti
499 4138 603 4184 vizantis.

211 4222 245 4285 ¹³)
264 4218 337 4272 Puta
354 4216 533 4281 Athanasius,
558 4219 588 4268 ut
613 4216 798 4285 Theophanes
820 4235 886 4285 pag,
903 4221 951 4269 ‘207
975 4218 1065 4279 notat,
1091 4218 1275 4284 cognomento
1300 4217 1408 4272 tj'elites.

106 4310 225 4366 ‘Hunc
236 4302 314 4357 Petri
326 4302 422 4371 Moneri
439 4318 630 4364 successorem,
650 4309 735 4355 uteos
754 4302 800 4369 qui
819 4301 890 4354 inter
909 4319 937 4354 se
956 4300 1127 4354 dissidebant
1144 4300 1344 4365 reconciliaret,
1363 4303 1410 4356 diu

122 4393 319 4455 multumque
337 4388 386 4441 sed
404 4387 432 4440 in
450 4406 557 4440 cassum
575 4388 723 4447 laborasse,
743 4404 775 4439 ac
793 4384 945 4439 decessoris
965 4385 1007 4437 sui
1019 4385 1105 4439 instar
1118 4386 1334 4440 Calchedonensi
1347 4404 1409 4441 con·

122 4479 203 4536 cilio
225 4472 379 4528 anathema
396 4472 496 4526 ‹lixisse
514 4472 648 4541 Euagrius
668 4472 728 4524 libr.
743 4472 781 4524 ΙΙΙ
801 4478 907 4540 ca1>.·23
926 4469 1015 4523 docet.

211 4561 244 4628 ¹¹)
264 4557 335 4611 Eam
351 4557 487 4621 videlicet,
506 4574 576 4624 quac.
594 4556 622 4608 in
641 4554 756 4608 Zenonis
774 4554 902 4608 henot-ico
922 4555 1086 4624 explicatur,
1109 4557 1140 4608 ut
1157 4556 1306 4625 ipsummet
1324 4557 1409 4610 heno-

120 4651 229 4706 ficum
248 4642 287 4697 ab
305 4641 425 4711 Evagrio
443 4641 490 4694 lib.
505 4642 542 4693 ΙΙΙ
562 4658 583 4694 e.
600 4648 629 4693 14
648 4641 677 4692 ct
688 4640 819 4693 Liberata
838 4660 859 4692 e.
875 4647 905 4692 18
925 4638 1041 4692 relatum
1060 4657 1122 4692 eum
1141 4640 1238 4693 tradem
1256 4641 1408 4695 conferenti

168 4729 264 4788 tebit.

120 4752 169 4808 pa
212 4816 244 4881 ¹⁵)
264 4811 337 4865 Illud
355 4823 479 4865 aunuente
498 4828 584 4878 usque
604 4815 753 4868 Goeleseino,
773 4809 846 4876 quod
865 4809 892 4861 in
911 4808 1039 4863 henotico
1053 4827 1107 4863 non
1120 4811 1218 4876 exstat,
1237 4808 1407 4867 hauddubie

121 4901 196 4977 gad
216 4897 322 4953 ratiam
341 4895 599 4964 sedisapostolicae
618 4893 784 4965 captandam
802 4893 927 4948 additum
945 4896 994 4947 est.
