3204 5506
82 539 107 576 a.
119 529 176 578 498.

98 1612 177 1667 llom.

102 1686 176 1745 a1a

191 344 252 407 636
618 360 844 408 s.auasrasu
871 360 892 405 u
918 358 1030 405 aaran

189 521 354 594 prudentia
375 521 480 578 carau‘s
501 536 580 577 creora
602 527 661 592 cst,
689 520 853 592 prudentia
877 526 973 576 orclem
995 519 1120 592 maritas
1143 518 1205 577 aito
1225 525 1254 576 et
1269 535 1337 593 poa·
1356 534 1403 591 auo

192 623 273 679 iriam
295 623 445 696 sapientia
467 622 570 679 caruis
591 622 713 679 inimica
734 628 778 679 cst
800 624 829 679 in
849 621 918 691 Dea,
942 622 1003 693 lapi
1023 623 1102 678 enim
1125 620 1183 678 Dei
1203 637 1261 679 aaa
1281 621 1407 694 adjiciat,

192 741 246 783 nec
267 725 345 781 enim
366 729 478 797 potest:
514 725 568 796 qai
593 730 691 781 orclem
713 724 743 780 ia
766 738 861 781 carne
881 730 966 797 sant,
996 722 1057 782 Deo
1080 723 1208 798 placere
1234 739 1289 781 aaa
1314 729 1413 797 ponuat.

192 819 389 903 Intellegant
410 819 510 904 igitur
532 841 602 882 curn
625 818 681 881 tuli
697 819 868 901 prudentia
883 841 950 901 sua,
974 842 1037 903 qua
1053 840 1160 902 carue,
1184 841 1265 904 quae
1280 817 1421 883 secundun

192 922 489 985 condemnationem
511 920 669 1005 peecatit)
693 920 726 983 in
742 920 847 984 Adam
869 921 972 1005 primo
995 920 1092 985 semel
1113 923 1314 1004 mortuaest,
1335 922 1429 1005 putant

190 1023 291 1088 vitam
312 1023 477 1086 homiuum
501 1021 674 1085 contineri:
701 1044 734 1085 se
757 1045 822 1087 non
845 1027 1008 1107 tamquam
1030 1023 1174 1087 viventes
1198 1022 1260 1087 hoe
1281 1022 1377 1107 loqui,
1403 1021 1435 1085 si-

191 1125 318 1208 quidem
340 1126 408 1207 ipse
431 1123 592 1207 apostolus
615 1145 668 1187 eos
691 1122 812 1206 doc-eat,
837 1126 919 1208 quod
942 1125 976 1188 in
998 1125 1277 1208 praevaricatione
1300 1124 1397 1209 adque
1414 1124 1445 1186 in

191 1226 306 1291 delicto
329 1249 386 1290 suo
408 1227 448 1288 ab
471 1225 564 1289 initio
591 1248 655 1289 nou
685 1225 786 1289 solum
814 1228 882 1311 ipse
904 1231 1047 1291 mortuus
1064 1227 1123 1309 sit,
1159 1226 1217 1290 sed
1245 1227 1353 1290 omnis
1380 1248 1451 1311 quae

191 1330 232 1392 ab
255 1351 291 1392 eo
313 1328 477 1392 deseendit
498 1328 605 1392 futura
627 1329 806 1412 progenies,
831 1350 926 1413 quam
948 1331 1066 1412 putant
1087 1328 1142 1391 isti
1164 1328 1268 1392 vitam
1286 1327 1372 1413 proli
1387 1350 1459 1391 suae

191 1431 385 1512 ministrare,
410 1433 446 1493 ut
468 1452 563 1514 quam
585 1431 647 1513 ipsi
670 1430 705 1493 in
728 1430 833 1493 Adam
856 1430 1073 1513 perdiderunt,
1097 1431 1199 1494 vitam
1223 1431 1358 1514 possint
1379 1452 1463 1514 prae

192 1535 277 1595 stare
299 1554 394 1616 quam
417 1554 481 1594 uon
504 1532 634 1595 habent.
680 1531 824 1595 Audiant
851 1533 952 1616 igitur
978 1532 1038 1596 hoc
1068 1532 1206 1596 eundem
1236 1532 1376 1596 beatum
1398 1554 1470 1617 apo

192 1633 308 1697 stolum
336 1634 510 1697 dicentem:
543 1641 620 1698 sicat
643 1657 701 1712 per
730 1655 819 1697 terram
848 1641 995 1698 lromr'ncm
1023 1642 1053 1698 ia
1082 1640 1139 1698 hoc
1168 1640 1289 1698 miratio
1307 1647 1472 1715 peccatam

191 1742 316 1799 intravit
338 1749 366 1799 ct
384 1758 442 1815 per
461 1748 617 1814 peccatam
640 1758 729 1813 mors,
753 1749 782 1799 ct
802 1744 845 1799 ito
868 1744 898 1800 ia
915 1758 1014 1800 ornnes
1036 1758 1116 1800 raors
1134 1733 1343 1815 pertransiit,
1369 1745 1402 1801 in
1419 1759 1477 1816 quo

191 1859 291 1901 omnes
309 1851 523 1917 peccauerunt.
568 1835 650 1911 Quid
673 1838 712 1900 ad
735 1839 794 1901 hoc
822 1839 939 1902 mortui
961 1837 1105 1901 homines
1128 1838 1218 1921 loqui
1240 1843 1408 1922 possunt,
1445 1844 1479 1903 ut

190 1939 426 2003 rationabiliter
448 1939 552 2003 dicere
574 1940 744 2003 videantur
766 1940 920 2004 transisse
943 1941 981 2003 de
1004 1940 1193 2023 parentibus
1216 1940 1351 2024 vitam,
1383 1963 1480 2026 quarn

191 2042 345 2127 magister
368 2042 513 2127 gentium
536 2041 628 2105 docet
650 2041 824 2105 amissam?

719 2194 880 2260 Oar,IV.

276 2298 305 2360 7.
344 2296 458 2360 Restat
479 2298 598 2381 itaque,
622 2302 659 2361 ut
680 2302 814 2360 mortem
837 2297 937 2361 solam
959 2298 1041 2382 proli
1067 2319 1162 2361 exse
1186 2299 1357 2380 venienti,
1391 2304 1480 2363 ante

192 2421 288 2482 quam
310 2402 498 2462 renascatur
525 2400 559 2461 in
582 2399 726 2481 Christo,
755 2400 925 2484 progenies
953 2400 1057 2463 omnis
1084 2398 1280 2464 ministrare
1311 2401 1479 2481 videatur3

193 2505 226 2564 et
247 2500 364 2563 idcirco
380 2501 485 2564 Adam
507 2501 664 2564 secundus
687 2526 705 2563 a
727 2501 820 2565 nobis
843 2501 875 2564 iu
893 2501 1087 2565 renascendo
1103 2501 1298 2585 suscipitur,
1325 2506 1365 2567 ut
1381 2525 1478 2586 mors,

192 2623 273 2684 quae
295 2623 352 2684 per
376 2602 501 2685 culpam
523 2603 557 2666 i11
580 2603 683 2687 primo
707 2604 811 2667 Adam
839 2607 987 2688 suscepta
1015 2601 1377 2685 fuerat,'excludatur.
1429 2605 1478 2670 ln·

191 2703 349 2787 tellegant
371 2703 471 2787 igitur
492 2705 608 2768 mortui
631 2704 791 2787 homineS,
823 2705 850 2768 si
872 2705 943 2789 quis
972 2727 1083 2769 sensus
1111 2704 1161 2768 vel
1190 2698 1348 2771 modicus
1379 2706 1475 2787 inest,

191 2808 337 2889 oportere
365 2827 398 2868 se
422 2807 546 2869 renasci
574 2828 631 2891 per
659 2807 869 2891 baptismum,
899 2810 935 2869 ut
962 2806 1076 2888 vitam,
1111 2828 1209 2891 quam
1240 2809 1396 2891 perdidit
1421 2832 1477 2894 per

193 2907 296 2971 Adam
319 2908 471 2992 primum,
501 2912 667 2991 recuperet
688 2930 745 2992 per
767 2909 950 2971 secundum.
996 2907 1080 2971 Nam
1102 2911 1135 2971 et
1157 2907 1198 2970 ab
1222 2909 1327 2975 initio
1351 2933 1393 2976 ex
1416 2912 1475 2976 Ge·

192 3031 303 3074 neseos
331 3009 467 3073 lectione
498 3013 710 3093 cognoscant,
745 3016 840 3093 qu'am
870 3011 950 3074 bene
981 3012 1014 3074 et
1040 3030 1136 3093 quam
1170 3009 1360 3076 elementer
1389 3013 1475 3077 Deus

193 3113 341 3176 universa
364 3110 557 3192 condiderit,
589 3118 624 3174 ut
647 3113 711 3195 eti)
741 3112 868 3175 vivente
891 3134 1015 3196 semper
1037 3111 1250 3175 nascentibus
1280 3113 1355 3177 vita
1379 3115 1474 3179 dona-

191 3217 288 3277 retur.
334 3213 378 3276 Et
406 3237 468 3297 qua
495 3217 613 3296 putant
640 3216 775 3277 fortasse
804 3214 856 3298 pie
884 3236 921 3277 ae
944 3215 1025 3277 bene
1048 3234 1081 3276 se
1104 3212 1229 3296 dicere,
1271 3219 1311 3278 ut
1349 3218 1475 3281 animas

191 3317 304 3379 merito
327 3316 437 3378 dicant
460 3339 477 3378 a
501 3315 689 3399 parentibus
712 3316 805 3397 tradi,
831 3338 902 3379 cum
925 3316 991 3378 siut
1012 3314 1153 3398 peccatis
1175 3314 1385 3401 implicitae,
1416 3319 1476 3384 hac

191 3417 232 3480 ab
260 3418 338 3500 ipsis
366 3419 504 3501 sapienti
533 3417 651 3481 debent
685 3418 885 3500 separatione
919 3416 1070 3480 discerni:
1101 3415 1186 3499 quod
1216 3417 1261 3480 ab
1289 3419 1364 3484 illis
1396 3421 1477 3486 nihil

191 3519 278 3582 aliud
299 3521 407 3603 potest
428 3519 522 3600 tradi,
547 3542 641 3602 quarn
657 3520 740 3603 quod
763 3519 803 3581 ala
825 3520 967 3602 ipsorum
989 3517 1074 3581 ruala
1093 3520 1371 3603 praesumptione
1394 3547 1477 3589 com·

191 3621 322 3683 missum
346 3623 409 3703 est,
441 3622 472 3684 id
502 3624 565 3703 ost,
600 3620 693 3705 culpa
720 3642 886 3705 poenaque
915 3620 1055 3704 peccati,
1090 3640 1186 3703 quam
1216 3643 1279 3705 per
1303 3625 1477 3691 traducem

191 3729 300 3786 secuta
327 3723 496 3806 progenies
526 3722 689 3786 evidenter
718 3722 858 3786 ostendit
865 3726 887 3804 ,'
907 3725 943 3784 ut
974 3722 1064 3805 pravi
1092 3720 1243 3786 homines
1275 3725 1479 3815 distortique

191 3828 375 3888 nascantur.
421 3824 459 3888 lu
482 3847 543 3909 quo
565 3825 632 3887 solo
659 3825 769 3908 utique
792 3823 878 3887 Deus
906 3824 1028 3886 nullam
1054 3825 1325 3893 communionem
1359 3828 1479 3896 habere

191 3927 357 4010 perspicue
380 3926 537 4007 cernitur,
567 3927 620 4010 qui
648 3928 723 4009 nel)
752 3926 785 3989 in
809 3925 893 3988 hauc
915 3926 1140 3989 necessitatem
1164 3924 1378 3997 calamitatis
1402 3933 1479 3999 inci·

191 4028 313 4110 derent,
339 4028 459 4112 gemito
481 4028 592 4091 mortis
615 4032 735 4092 terrore
758 4027 920 4111 prohibuit
943 4027 1046 4111 adque
1068 4027 1241 4111 praedixit
1275 4030 1404 4119 Itaque
1425 4058 1481 4121 per

191 4130 355 4194 traducem
387 4129 470 4213 quod
505 4152 523 4191 a
551 4129 738 4212 parentibus
771 4129 910 4192 traditur
940 4129 1104 4193 evidenter
1131 4135 1294 4216 apparet,
1335 4140 1372 4201 et
1406 4136 1480 4224 quid

192 4232 232 4295 ab
253 4232 348 4295 initio
369 4254 467 4315 usque
490 4231 529 4294 ad
552 4232 648 4294 finem
677 4231 727 4295 vel
749 4234 899 4314 operatus
927 4231 969 4294 sit
991 4228 1078 4295 Deus
1110 4229 1160 4294 vel
1182 4239 1354 4317 operetur
1375 4243 1481 4305 osten·

192 4332 287 4397 ditur.

259 4574 279 4636 ⁴)
297 4571 348 4625 Ms.
369 4571 431 4625 add.
453 4591 525 4640 qaae,
546 4587 578 4623 ex
596 4570 696 4623 vitiosa
713 4569 869 4624 iteratione.

259 4661 279 4721 5)
298 4656 396 4709 Toaius
415 4655 535 4710 correxit
552 4661 592 4712 dc.
611 4673 695 4723 quum
714 4655 798 4708 ctiam
818 4665 891 4709 nasci
907 4663 992 4726 aliquo
1011 4654 1127 4708 dicatur.
1158 4655 1232 4711 Mox
1250 4657 1292 4716 id.
1309 4671 1376 4734 qula
1391 4676 1482 4735 putent

248 4745 311 4793 daec
328 4745 359 4793 nt
378 4747 449 4809 ipsis.
853 4763 858 4773 ·

259 4828 280 4892 ⁸)
297 4825 348 4878 Ma.
368 4845 421 4879 nec.
456 4825 521 4878 Mox
540 4825 603 4879 Tos.
624 4841 727 4879 correx.
745 4831 842 4893 petrino
862 4839 920 4890 (ms.
940 4830 1043 4895 peralto)
1061 4832 1149 4880 martir
1172 4830 1206 4881 et
1223 4850 1319 4899 pam
1337 4838 1404 4903 (m,
1419 4836 1479 4907 μ)

191 4911 267 4962 aare.
