3204 5506
269 346 332 416 832
709 362 737 412 s.
754 361 962 412 aoanrsnun
984 362 1104 433 aaran·

163 547 188 584 a.
199 535 255 584 618.
269 519 461 604 magistrum
489 516 631 602 scriniil)
659 517 829 581 memoriae
853 515 1040 598 direximus,
1071 514 1161 598 cujus
1190 513 1383 598 praeclaram
1406 514 1496 598 opinio

269 643 343 684 nem
366 619 475 684 multis
498 622 594 682 antea
617 621 728 683 notam
749 618 903 683 habemus
925 617 1133 702 temporibus.
1187 616 1273 680 Data
1297 615 1358 681 Vll
1376 614 1443 679 ida
1459 614 1497 680 Se

269 722 424 807 ptembris
447 721 738 806 Constantinopoli,
762 721 884 805 Magno
905 720 973 785 viro
997 717 1336 822 clarissimoflconsule.

768 903 950 1011 Epistola
975 908 1024 991 43

879 1059 929 1097 sen

130 1159 154 1197 a·
166 1148 215 1197 516
228 1141 253 1197 d·
288 1156 491 1224 Exemplum
512 1155 688 1212 relationis
709 1155 876 1211 Johannis
897 1154 1051 1223 episcopi
1066 1151 1423 1222 constantinopolitani
1439 1164 1487 1220 per

136 1209 252 1332 {effipia
529 1259 673 1314 Gratum
694 1257 817 1314 masao
840 1258 885 1312 ad
905 1256 1123 1312 Hormisdam
1143 1270 1278 1324 papam.

119 1346 188 1400 Mo
219 1363 257 1400 ω’
304 1389 339 1439 Se
356 1397 443 1439 rectae
463 1391 526 1452 fidei
543 1405 598 1439 esse
620 1391 757 1439 studiosum
775 1395 800 1438 el
818 1396 928 1453 quatuor
948 1391 1061 1453 aduodes
1082 1389 1213 1451 suscipere
1230 1389 1371 1452 profiterer.
1404 1386 1481 1435 [ἰθύ
1509 1405 1550 1471 pn

304 1484 379 1539 atque
397 1475 478 1538 ipsius
495 1474 650 1524 Ilormisdae
670 1489 756 1524 nomen
778 1475 804 1522 in
823 1474 949 1537 diptychis
967 1474 1115 1537 inscriptam
1132 1474 1221 1530 docet,
1244 1479 1320 1537 neque
1337 1472 1410 1536 lepori
1422 1472 1481 1535 pacis

714 1565 827 1608 amantes
844 1560 987 1616 mittantur,
1006 1563 1089 1622 rapat,

422 1691 584 1755 Domino
606 1712 688 1754 meo
710 1696 748 1754 et
770 1712 838 1775 per
854 1691 984 1754 omnia
999 1689 1071 1753 Dei
1092 1689 1264 1754 amatori
1279 1687 1506 1753 sanctissimo

513 1792 637 1856 fratri
660 1796 697 1855 et
720 1792 994 1856 comministro
1010 1791 1245 1856 Hormisdae
1267 1791 1459 1855 Johannes
1476 1789 1506 1851 in

515 1893 680 1958 Domino
703 1894 883 1958 salutem.

357 2015 385 2077 1.
420 2012 529 2077 Saluto
552 2016 692 2077 vestram
714 2012 938 2095 sanctitatem,
971 2013 1132 2088 carissime
1155 2013 1190 2077 in
1213 2011 1341 2079 Christo
1362 2012 1464 2092 frater,
1482 2012 1506 2072 et

271 2116 414 2179 salutans
437 2115 601 2199 praedico,
625 2115 775 2199 quoniam
798 2118 886 2179 recta
909 2114 986 2178 fides
1009 2115 1098 2179 salva
1120 2118 1170 2178 est
1192 2119 1225 2178 et
1248 2115 1365 2179 caritas
1386 2110 1507 2176 fraterni·

269 2218 347 2281 tatis
368 2218 495 2281 firmata
518 2222 575 2282 est.
607 2217 678 2281 Hoc
692 2215 778 2280 Dens
801 2217 885 2280 solus
907 2220 1022 2301 potens
1044 2237 1102 2300 per
1124 2216 1265 2281 studium
1282 2214 1507 2282 Christianorum

271 2322 303 2383 et
325 2320 539 2403 piissimorum
562 2319 789 2402 imperatorum
817 2319 885 2381 fieri
914 2318 1024 2382 voluit.
1070 2317 1216 2383 Scribere
1239 2318 1340 2403 igitur
1362 2313 1508 2401 apostoliae

271 2424 303 2485 et
324 2421 512 2506 rescripta¹)
541 2421 701 2506 suscipere
728 2420 871 2484 fraterne
893 2419 953 2484 Dei
981 2442 1087 2484 amore
1115 2419 1306 2504 dignemini.
1349 2417 1417 2503 Ego
1442 2415 1509 2480 enin

269 2522 447 2605 inquisibili
474 2523 599 2587 ratione
621 2523 800 2586 doctrinam
823 2523 1096 2587 sanctissimorum
1124 2523 1341 2606 apostolorum
1362 2518 1509 2584 secundum

269 2623 475 2687 traditionem
498 2629 682 2689 sanctorum
704 2629 833 2709 patrum
847 2627 972 2708 tenens,
997 2623 1145 2688 similiter
1159 2623 1313 2688 honorem
1329 2621 1510 2687 consubstan-

270 2725 342 2788 tiali
364 2731 397 2789 et
418 2747 476 2810 per
498 2726 604 2790 omnia
626 2732 757 2790 sanctae
780 2726 933 2790 Trinitati
955 2726 1067 2806 odera,
1102 2725 1185 2789 sicut
1213 2725 1249 2789 in
1271 2724 1391 2789 Nicaea
1410 2726 1511 2786 hecen-

270 2830 375 2890 torum
397 2827 573 2891 octodecim
601 2831 707 2892 coetus
730 2828 960 2913 promulgavit,
994 2832 1026 2891 et
1048 2828 1083 2890 in
1106 2826 1385 2912 Constantinopoli
1406 2828 1513 2890 centurn

270 2929 505 3014 quinquaginta
528 2934 703 2994 conventus
725 2930 874 3012 firmavit,
899 2933 930 2993 et
950 2929 982 2992 iu
1005 2929 1170 3013 Ephesius
1191 2922 1396 3014 concursds²)
1417 2926 1513 2991 dueen-

269 3034 375 3095 torum
396 3032 559 3114 firmavit,
598 3035 630 3094 et
656 3032 692 3095 in
721 3030 921 3096 Calchedona
951 3035 1125 3095 conventus
1154 3034 1376 3096 sexcentorum
1397 3026 1515 3113 triginta

270 3136 397 3216 patrum
430 3134 578 3198 firmavit.
624 3133 719 3197 Hanc
753 3155 829 3218 ergo
862 3133 957 3197 fidem
990 3154 1087 3217 usque
1116 3133 1155 3196 ad
1182 3132 1331 3196 ultimum
1359 3129 1515 3195 anhelitum

270 3257 326 3318 per
349 3236 488 3320 gratiam
510 3235 570 3299 Dei
600 3235 796 3318 custodiens,
834 3234 1053 3318 spiritualibus
1082 3234 1280 3319 amplexibus
1308 3239 1376 3298 tam
1396 3234 1516 3296 vestram

271 3338 477 3401 sanctitatem
504 3359 600 3421 quam
629 3338 726 3401 etiam
755 3336 946 3400 orthodoxas
974 3336 1124 3401 ecclesias
1152 3358 1191 3400 ex
1219 3336 1327 3399 animo
1350 3333 1514 3418 amplector,

270 3460 334 3501 una
355 3443 461 3503 tecum
482 3440 517 3502 in
540 3440 674 3502 veritate
703 3439 861 3521 sentiens,
896 3443 928 3502 et
955 3461 1020 3503 una
1047 3442 1154 3502 tecum
1183 3459 1318 3522 sperans
1345 3437 1380 3500 in
1406 3434 1458 3499 illo
1475 3432 1516 3496 die

269 3562 326 3623 per
354 3540 438 3604 hanc
466 3541 561 3604 fidem
590 3541 706 3604 salvari
735 3541 819 3605 bona
846 3542 1010 3604 voluntate
1039 3539 1145 3604 Patris
1178 3543 1211 3603 et
1237 3539 1312 3604 Filii
1340 3541 1373 3602 et
1399 3536 1515 3621 Spiritu

270 3643 385 3706 sancti.
431 3642 706 3709 Consubstantiali
730 3644 815 3707 enim
837 3642 990 3707 Trinitati
1018 3642 1121 3706 omnis
1154 3642 1259 3726 gloria
1288 3641 1419 3706 debetur
1444 3656 1513 3703 nunc

270 3746 302 3807 et
323 3745 358 3807 in
380 3745 507 3808 saecula
528 3745 740 3809 saeculorum!
810 3788 812 3792 ι

354 3845 384 3908 2.
419 3846 555 3911 Omnem
575 3847 612 3933 in
635 3846 762 3912 Christo
784 3847 1039 3930 fraternitatem,
1068 3868 1242 3931 quaecum
1264 3849 1372 3910 vestra
1393 3849 1439 3910 est
1456 3862 1513 3906 sun·

270 3947 399 4031 ct‘tate,
424 3970 484 4033 ego
507 3951 539 4012 et
561 3948 615 4032 qui
637 3971 779 4032 mecum,
809 3950 980 4033 plurimum
1002 3949 1037 4013 in
1059 3949 1198 4014 Domino
1220 3949 1406 4013 salutamus.
1446 3943 1511 4008 'lan-

336 4173 356 4238 ⁴)
374 4170 419 4224 Ita
437 4169 471 4225 G¹
484 4171 520 4223 a'.
552 4169 619 4224 bec
636 4177 726 4224 scr-inii
743 4182 767 4225 et
785 4177 930 4233 memoriae,
950 4170 1047 4225 addita
1064 4168 1259 4240 conjunctione
1277 4181 1315 4237 er,
1340 4184 1420 4236 quam
1433 4167 1509 4220 m

268 4254 340 4309 infra
363 4254 441 4324 epist.
460 4261 493 4309 46
516 4255 656 4309 omittunt.
699 4253 844 4320 Quodnam
867 4254 904 4309 sit
924 4254 1052 4324 magistri
1075 4253 1226 4309 memoriae
1248 4271 1359 4320 munus,
1380 4249 1509 4322 explicstu

268 4339 310 4391 his
328 4338 345 4392 l.
367 4346 397 4392 11
416 4339 475 4393 cod.
496 4341 601 4394 Theod.
620 4340 672 4405 XI,
693 4347 736 4394 lo:
765 4346 831 4400 Eos.
851 4347 894 4411 qui
910 4362 964 4395 cum
980 4346 1076 4396 honore
1098 4346 1225 4402 cornicata,
1245 4345 1343 4394 nomine
1359 4342 1508 4407 κηρίων·

267 4431 414 4489 increpitae,
436 4430 599 4494 praefuerint
618 4434 657 4480 acl
674 4433 788 4495 epistolis
805 4433 844 4479 ael
861 4429 958 4484 libellis.
994 4429 1096 4479 Scrinia
1114 4445 1191 4478 saera
1213 4426 1308 4478 autem
1328 4417 1506 4491 dish'nguebss·

268 4509 313 4561 tur
331 4517 463 4563 memoriae
487 4518 649 4579 epistolarum
667 4529 699 4565 ac
718 4516 854 4566 libellorum
878 4512 958 4576 (conf.
978 4510 1037 4563 cod.
1057 4507 1411 4575 Thead.V1‚aoi1,4‚t,
1429 4506 1505 4569 ra-

266 4593 402 4647 llumdem
422 4596 538 4649 Gratum
561 4597 633 4650 infra
651 4597 775 4650 lustinus
794 4595 873 4665 epist.
895 4603 942 4648 129
960 4613 986 4648 n.
1007 4602 1020 4647 1
1040 4601 1118 4649 airum
1135 4598 1261 4648 sablonem
1277 4598 1414 4661 napum
1428 4586 1503 4643 aid

267 4683 295 4731 ct
312 4678 452 4733 lohannes
476 4679 798 4750 Constantinopolitanus
821 4680 900 4751 epist.
921 4686 951 4733 ol
971 4699 997 4734 n.
1019 4688 1031 4732 l
1051 4684 1214 4734 clarissimum
1238 4684 1347 4733 comitem
1368 4667 1502 4743 simplidis

267 4765 374 4817 vocant.

265 4853 300 4901 13
337 4852 355 4915 ¹)
374 4849 522 4916 ltan¹a13
541 4852 559 4904 b
577 4858 683 4919 scripta.

334 4935 354 5001 ²)
373 4933 416 4987 Ita
434 4936 477 4988 θ’.
513 4936 579 4988 beo
598 4936 687 4990 omitt.
706 4956 850 4995 concursus.
