3204 5506
624 354 821 406 nrrsronnn
843 346 873 406 3.
898 347 929 406 4.
1368 350 1429 414 183

140 531 264 593 capere
288 509 516 594 nequiverim,
539 509 581 573 ab
602 508 735 573 humani
759 513 934 576 conventus
957 513 1096 578 abducta
1119 516 1272 600 pernicie,
1295 518 1329 582 in
1347 518 1428 584 viru·
1442 535 1534 585 atta

141 610 270 676 lentiae
292 632 372 676 suae
396 632 538 697 congrua
553 611 725 678 solitudine
742 613 983 679 contabescant.
1015 615 1083 691 Quo
1098 618 1203 701 magis
1220 642 1258 682 ac
1268 619 1306 701 ί5)
1322 620 1427 705 magis

141 714 308 798 pietatem
335 715 425 778 biam
452 714 538 778 beati
566 713 656 779 Petri
690 715 826 799 apostoli
853 737 946 798 voce,
981 716 1209 804 qualiscunque
1244 721 1328 785 sedis
1359 722 1427 806 ejus

142 815 312 899 minister,
336 816 490 898 obtestor,
513 819 551 881 ut
564 816 712 883 ininrims
730 817 881 901 antiquae
897 818 971 882 fidei
992 840 1059 883 non
1074 820 1161 885 sinas
1185 821 1315 906 impune
1337 844 1426 907 gras·

141 917 224 1001 sari,
254 917 312 1002 qni
340 921 464 984 rosbes
491 919 612 1003 optatis
639 918 748 984 hostes
768 918 887 985 habere
914 920 1091 1004 subjectos:
1119 927 1156 987 ut
1182 946 1276 988 verae
1304 926 1426 990 confes-

142 1020 252 1086 sionis
274 1041 390 1105 pacem
413 1023 545 1085 cunetas
559 1020 691 1086 Domini
713 1042 840 1087 servare
862 1023 1042 1088 decernatis
1063 1025 1224 1109 ecclesias,
1248 1027 1302 1110 qui
1317 1027 1427 1093 orbem

142 1122 249 1187 rostri
278 1121 408 1207 imperii
435 1121 622 1188 desideratis
644 1128 754 1188 tenere
776 1128 938 1209 pacatum,
968 1130 1001 1190 et
1027 1126 1155 1192 unicam
1183 1149 1273 1211 spem
1301 1129 1425 1214 salutis,

142 1246 231 1309 quae
260 1245 368 1309 genus
395 1223 561 1290 hominum
589 1225 629 1289 ad
656 1247 759 1310 regna
787 1228 938 1293 coelestia
965 1228 1127 1313 vitamque
1149 1229 1296 1313 perducit
1325 1235 1425 1296 aeter-

140 1348 234 1409 nam,
266 1325 360 1390 nulla
386 1326 556 1411 patiamini
583 1331 676 1412 parte
704 1328 827 1411 violari,
862 1329 916 1413 qui
938 1329 1101 1413 placatum
1122 1330 1226 1395 Deum
1251 1333 1302 1396 vel
1324 1354 1426 1418 regno

138 1431 255 1493 restro
290 1428 410 1513 cupitis
441 1428 493 1493 vel
530 1429 637 1494 saluti.
687 1428 773 1494 Data
810 1433 924 1515 quarto
957 1429 1033 1496 Idus
1059 1431 1232 1497 ianuarias
1269 1432 1426 1499 Basilisco

136 1530 350 1616 Auau⁸n¹⁶l
374 1530 513 1596 mmun.
826 1613 834 1622 .

665 1718 848 1822 Epistola
872 1721 907 1803 4.

273 1864 459 1954 Simplicii
482 1886 593 1955 papae
615 1871 658 1936 ad
682 1871 913 1956 presbyteros
934 1874 972 1939 et
993 1872 1299 1940 archimandritas
1436 1855 1559 1977 {ffl-

574 1972 1000 2057 constantinopolitanos.

72 2117 115 2164 ata.
163 2114 328 2166 ilionnclioe
346 2112 567 2178 Constantinopoli
583 2116 732 2164 constitutos
750 2116 896 2164 consolatur
914 2111 1058 2179 Simplicius
1080 2131 1111 2164 oc
1133 2116 1220 2178 docet,
1243 2117 1319 2178 fidem
1341 2124 1391 2166 tarn

157 2202 286 2265 fimiter
306 2213 366 2248 esse
383 2198 530 2255 stabilitum,
558 2205 585 2246 nt
602 2196 724 2248 adversas
746 2197 867 2249 Timothei
889 2201 1029 2249 molitiones
1047 2200 1190 2251 scrutantis
1208 2216 1272 2263 opzn
1289 2203 1323 2250 sit
1341 2218 1391 2250 non

159 2285 355 2341 contentione,
374 2283 481 2348 ideoque
498 2287 596 2348 tepotos
614 2299 631 2331 a
647 2298 675 2333 se
694 2291 720 2332 nt
737 2283 873 2347 cupiebant
896 2300 945 2333 non
967 2285 1038 2334 mitti.
1082 2284 1232 2335 Grutrtlntur
1254 2287 1298 2343 iis,
1323 2288 1393 2351 qnod

159 2375 292 2437 ipsorum
313 2383 397 2433 opero
415 2369 511 2418 Acturo
535 2368 665 2418 eeclesiam
688 2369 796 2417 introire
820 2384 870 2420 non
892 2369 962 2418 licuit
988 2369 1095 2435 itincqne
1115 2371 1224 2433 factam,
1249 2375 1275 2418 nt
1293 2371 1335 2420 ille
1351 2374 1392 2420 sni
1503 2359 1506 2365 ¹

190 2457 302 2507 anites
322 2453 534 2517 concionem
550 2456 659 2503 latentes
677 2453 824 2517 publicarit.
861 2453 954 2503 Aeacii
971 2455 1079 2521 deniqne
1096 2457 1223 2506 silentium
1241 2463 1357 2530 commui.

300 2585 539 2671 Simplicius
581 2586 791 2671 episcopus
833 2586 1088 2670 presbyteris
1126 2591 1163 2652 et
1199 2588 1423 2654 archimen.-

398 2687 550 2774 dritis')
573 2687 674 2772 apud
698 2688 1101 2773 Constantinopolim
1125 2691 1374 2755 constitutis.

222 2812 257 2875 l.
311 2805 375 2871 Per
396 2806 497 2871 filium
517 2810 664 2871 nostrum
684 2806 879 2871 laudabilem
901 2807 1005 2870 virum
1028 2807 1248 2891 Epiphaniam
1271 2809 1388 2874 litteris
1396 2811 1423 2895 ²)

118 2918 270 2980 vestrae
295 2907 481 2973 dilectionis
503 2907 603 2973 serius
625 2930 721 3007 quam
743 2909 888 2973 voluistis
911 2909 1062 2994 acceptis,
1092 2931 1212 2995 magno
1240 2933 1348 2975 sumus
1371 2911 1423 2975 do-

201 3120 241 3184 ¹⁵)
263 3116 315 3169 Ira
332 3111 367 3167 G¹
380 3112 424 3167 (ll.
460 3110 534 3165 iiiiii
552 3110 686 3166 omittunt
703 3133 734 3166 oc
752 3118 831 3182 mopis
847 3119 967 3182 pietatem
986 3125 1051 3166 tuam
1070 3114 1098 3167 et
1116 3128 1180 3166 mox
1197 3117 1291 3167 hoster.

202 3205 242 3269 ¹⁸)
261 3196 366 3254 Binius
382 3198 446 3267 post
463 3195 614 3252 Beronium
632 3197 686 3252 huc
703 3197 834 3252 mendosa
857 3196 1000 3268 irrepsisse
1019 3196 1161 3252 existimat
1174 3202 1288 3268 Anpnmo
1306 3214 1357 3266 pro
1371 3203 1422 3252 Ar·

117 3302 217 3350 anto:
239 3285 297 3342 sed
315 3282 393 3338 nulla
410 3298 522 3354 prorsus
539 3280 656 3348 rationo,
674 3299 759 3350 quum
773 3299 806 3336 ex
817 3280 971 3337 Marcellini
985 3282 1114 3336 chronico
1127 3283 1243 3348 constet,
1261 3282 1423 3337 Basiliscum

119 3393 209 3434 anno
232 3376 289 3426 475
309 3368 502 3424 renunciatum
519 3366 718 3438 imperatorem
736 3366 829 3422 fuisso.
862 3366 912 3421 Cui
935 3367 1065 3422 chronico
1083 3384 1139 3421 non
1157 3367 1246 3421 solum
1263 3367 1308 3421 hic
1327 3367 1424 3422 suffra·

120 3464 224 3535 gatus·
251 3454 429 3527 Simplicius,
452 3453 501 3508 scd
524 3453 553 3507 ot
573 3451 602 3506 in
621 3451 769 3521 epistolati
788 3452 867 3505 initio
886 3451 1015 3506 Octobris
1033 3452 1097 3506 cinni
1114 3457 1164 3506 trr
1182 3452 1300 3522 scripta,
1322 3451 1370 3506 ubi
1388 3453 1422 3508 de

121 3547 280 3604 Basilisco
307 3542 339 3596 ut
356 3540 417 3608 jam
443 3538 556 3608 expulso
583 3537 713 3606 loquitur.
756 3536 864 3607 Quippe
887 3536 1023 3606 Euagrius
1040 3537 1066 3590 h.
1081 3554 1105 3590 e.
1127 3537 1203 3603 nis
1227 3554 1290 3591 eum
1312 3537 1422 3607 pulsum

123 3632 245 3696 tundit,
266 3645 357 3698 quum
371 3625 432 3693 jam
449 3622 561 3678 biennio
580 3626 731 3691 regnasset.
768 3621 866 3689 Neque
888 3637 955 3676 vero
978 3638 1080 3675 norum
1102 3623 1131 3676 et
1153 3622 1292 3676 insuetum
1315 3623 1371 3687 cst,
1393 3622 1422 3677 in

124 3712 301 3790 pontificiis
319 3709 443 3781 epistolis
461 3708 575 3764 alberita
595 3708 712 3762 considis
730 3723 832 3761 nomen
850 3706 956 3773 omitti;
974 3706 1124 3776 imperanti
1142 3710 1235 3761 autern
1254 3708 1359 3761 consuli
1369 3713 1422 3761 An-

124 3808 206 3873 gues·
231 3797 353 3854 titulum
375 3794 459 3864 adjici
477 3792 647 3848 consuetudo
665 3791 805 3861 exigebat.
846 3791 887 3845 De
906 3791 988 3860 hujrn
1006 3791 1161 3861 tyrannidis
1179 3793 1305 3862 tempore
1324 3795 1421 3862 utpote

127 3889 169 3943 ab
191 3899 276 3940 anno
297 3887 349 3936 trs
371 3896 456 3948 usque
474 3877 511 3933 ad
529 3879 691 3947 vergentem
710 3895 812 3932 annum
827 3882 876 3931 476
893 3877 1023 3946 ponendo
1042 3876 1220 3930 conferantur
1238 3877 1331 3944 etiarm
1350 3895 1421 3946 quae

129 3967 320 4028 clarismus
336 3964 450 4020 Rossius
470 3963 550 4017 inser.
571 3961 663 4017 christ.
683 3962 743 4016 urb.
762 3963 869 4016 Rornae
887 3963 953 4015 tom.
968 3962 980 4015 Ι
998 3978 1063 4031 pag.
1078 3965 1127 4016 382
1140 3978 1197 4029 seq.
1223 3960 1259 4015 nd
1276 3960 1358 4016 inser.
1371 3967 1421 4016 863

129 4053 296 4112 scitissime
317 4050 450 4120 disputat.
488 4049 639 4104 Ptaeterca
656 4047 684 4100 in
707 4046 836 4100 chronica
858 4047 938 4112 nota,
966 4047 1070 4116 etjam
1088 4046 1239 4102 Bollandus
1257 4047 1420 4116 suspicatus,

131 4139 214 4210 Pagi
233 4137 275 4192 ad
293 4152 319 4191 a.
331 4140 382 4189 tro
398 4151 425 4188 n.
436 4139 468 4188 14
486 4132 637 4202 legendum
648 4131 737 4185 voluit
749 4135 797 4185 IV
807 4135 1005 4195 acuminatas,
1025 4131 1096 4185 sicut
1112 4131 1141 4183 in
1155 4130 1300 4200 epistelai
1321 4136 1348 4182 V
1358 4136 1422 4186 Irlns

130 4231 236 4280 isaias
255 4223 288 4277 ct
304 4220 335 4274 in
354 4218 462 4288 epistt
480 4222 530 4272 111
548 4222 613 4272 Irini
629 4220 728 4273 Junina.
765 4216 823 4270 Nec
841 4218 936 4270 tamen
958 4217 989 4269 nt
1012 4215 1137 4270 codicum
1160 4215 1243 4269 fidem
1261 4215 1421 4271 deseramus

131 4306 320 4382 persuadere
338 4303 438 4375 potnit.

212 4396 234 4462 ¹)
253 4391 295 4446 Iis
312 4387 452 4462 nimirum,
471 4388 506 4444 de
525 4387 626 4455 quibus
645 4386 802 4457 Simplicius
820 4385 848 4440 in
867 4385 1000 4457 epistolae
1018 4391 1033 4439 2
1057 4383 1170 4440 exordio
1193 4383 1274 4438 dixit:
1299 4388 1421 4450 Quantum

129 4481 359 4553 presbyterorum
381 4485 408 4527 et
429 4493 465 4527 erc
487 4479 596 4528 diversis
617 4478 777 4527 morrarteriis
796 4477 902 4527 Domino
919 4476 1078 4526 servientium
1099 4474 1274 4524 monachornm
1295 4477 1420 4526 relatione

132 4567 305 4636 patefactam
324 4571 373 4621 est,
392 4560 420 4613 et
436 4557 465 4612 in
483 4558 594 4628 epistt}
612 4575 638 4612 n.
654 4565 682 4612 2:
699 4563 765 4611 sicat
783 4564 808 4610 in
826 4577 903 4610 rnenm
922 4562 1035 4610 notitiam
1045 4562 1194 4623 ferventium
1210 4561 1321 4623 profirie
1334 4561 1420 4613 cntio-

132 4660 189 4706 tim
209 4652 362 4703 detulerunt
377 4650 477 4713 scripta
493 4646 675 4699 monachornm.
706 4642 787 4697 Unde
804 4642 883 4710 sequi
903 4641 1020 4708 videtur,
1040 4642 1141 4695 utnon
1163 4640 1324 4696 elericorum
1338 4641 1420 4697 simul

135 4740 167 4790 et
186 4730 400 4788 monachorum
416 4729 521 4799 scripta
537 4729 594 4783 sint
610 4728 703 4793 musa,
725 4727 775 4781 sed
793 4743 910 4781 unorum
928 4726 1134 4792 monachorum,
1159 4742 1275 4794 quorum
1296 4728 1420 4782 nonnulli

135 4816 306 4892 presbyteri
325 4815 356 4869 et
372 4813 606 4869 archimandritas
624 4812 734 4879 inerint,
752 4814 781 4866 et
799 4812 899 4879 quibus
917 4829 988 4865 nuuc
1007 4810 1164 4881 Simplicius
1181 4811 1316 4866 rescribit.
1348 4812 1419 4876 Quo·

135 4906 216 4961 enee
234 4902 261 4957 si
280 4898 378 4955 clerici
396 4916 412 4954 a
429 4898 570 4954 monachis
587 4897 807 4967 distinguantur,
833 4895 923 4950 minus
940 4896 1033 4964 placet
1055 4895 1125 4951 haec
1147 4913 1255 4952 summa
1276 4896 1340 4950 huic
1363 4896 1418 4965 epi-
