3204 5506
189 171 248 236 116
519 185 653 251 uomra
675 185 828 233 eeanvm
852 142 887 233 an
909 185 1116 244 noaursnnn

185 348 287 404 scilicet
301 349 371 403 doto
387 349 556 420 supradicto
572 349 690 404 consule
705 349 913 422 consignantur,
934 347 1060 404 chronica
1081 354 1161 411 nota,
1182 362 1252 420 quae
1271 347 1299 404 in
1315 348 1454 422 superiori

184 441 226 489 est
241 449 375 508 expressa,
401 441 518 506 quatuor
531 430 585 488 iilis
600 431 723 506 epistolis
738 433 889 488 conamunis
906 430 1049 502 judicanda
1071 439 1123 488 est.
1157 429 1190 486 lit
1204 447 1269 488 sero
1282 431 1366 489 ideis
1381 447 1456 489 cont·

185 536 265 574 aarune
280 526 329 581 est.
347 526 376 573 ut
392 520 419 574 in
435 520 623 593 episcoporum
639 517 756 573 Tlronme
772 534 802 573 ac
818 516 961 572 Nicostrati
977 518 1089 590 gratiam
1105 517 1273 591 conscriptae
1288 517 1354 574 sint.
1381 517 1456 574 Aliae

184 604 291 676 quidem
307 605 427 677 quinque
443 611 548 659 exstant
564 619 659 676 nempe
676 600 724 665 99,
737 601 786 664 93,
799 601 848 666 91,
866 602 905 660 95
922 611 950 658 et
961 601 1001 660 96
1017 603 1117 675 pariter
1131 604 1157 657 in
1173 601 1332 659 eorumdem
1348 603 1457 677 episco-

185 705 280 762 porum
297 690 409 762 gratiam
425 686 591 765 Septembris
608 686 626 742 2
647 687 689 743 die
712 686 743 741 ab
760 686 900 743 llormisda
917 688 1026 751 missae:
1056 685 1104 742 sed
1124 686 1280 750 cavendnm.
1305 704 1341 744 ne
1360 687 1458 744 decem

183 774 243 830 illae
265 773 395 848 epistolae
416 774 448 828 ad
469 773 540 828 idem
562 781 667 847 ternpus
691 773 805 828 attinere
826 773 1022 828 existimentur.
1068 771 1125 828 lloc
1149 780 1223 828 certe
1250 788 1305 829 non
1326 780 1459 829 caverunt

184 876 274 914 carum
290 858 417 921 editores,
440 875 523 932 quum
538 858 597 913 illas
614 858 742 913 hactenns
757 856 836 912 simul
858 859 936 913 etiarn
957 865 1133 930 praepostero
1155 856 1249 913 ordine
1270 853 1456 915 exhibuerint.

82 954 92 966 “
184 943 322 1000 Manifesta
337 952 424 999 tannen
440 945 467 998 in
484 944 522 998 eis
538 950 667 1017 apparent
683 941 786 1003 indicia,
804 941 900 1016 quibus
916 951 943 997 ct
959 943 1078 1015 quinque
1094 944 1199 1017 priores
1216 958 1270 998 uno
1285 950 1415 1023 tempore
1425 950 1458 1003 et

183 1032 302 1102 quinque
318 1030 484 1103 posteriores
499 1027 551 1084 alio
567 1029 681 1101 scriptae
697 1043 756 1083 esse
771 1028 973 1083 convincantur.
1009 1026 1097 1082 Primo
1114 1027 1222 1101 quidem
1237 1028 1265 1083 in
1280 1027 1401 1103 epistola
1416 1026 1456 1086 92

183 1123 210 1170 ct
226 1122 342 1188 quatuor
356 1111 530 1186 sequentibus
538 1112 655 1167 'llromae
671 1121 698 1169 et
710 1112 861 1168 Nicostrato
869 1111 938 1167 Elias
954 1120 1110 1168 constanter
1122 1111 1293 1186 adjungitur;
1316 1120 1344 1168 at
1356 1113 1386 1169 in
1396 1112 1455 1171 103

182 1209 209 1255 et
225 1208 341 1271 quatuor
356 1197 492 1260 subnexis,
509 1197 581 1253 nulla
591 1195 660 1252 Eliac
674 1199 809 1252 urcutionc
825 1195 900 1258 iacta.
918 1205 1021 1252 tantum
1037 1197 1152 1253 'ihomas
1167 1213 1198 1252 ac
1213 1196 1384 1254 Nicostratus
1400 1214 1455 1254 me·

183 1292 332 1340 morantur.
362 1281 461 1338 Deinde
476 1284 502 1338 in
520 1283 639 1356 quinque
650 1281 785 1354 prioribus
796 1283 834 1338 sic
846 1281 1124 1355 loquiturllormisda,
1141 1289 1171 1337 ut
1183 1281 1318 1355 qniEliae.
1333 1282 1453 1339 Thomas

182 1378 263 1442 atque
279 1368 420 1424 Nicostrati
442 1384 547 1422 causam
568 1376 595 1422 et
610 1368 786 1441 patrocinium
808 1369 895 1442 primo
916 1369 1057 1441 suscipiat;
1085 1368 1112 1422 in
1133 1366 1332 1441 posterioribus
1353 1376 1452 1433 autem,

87 1504 95 1508 .
182 1462 213 1510 ιιι
229 1456 274 1527 qui
289 1470 395 1509 musam
407 1451 461 1522 jam
477 1460 538 1509 ante
553 1460 704 1525 susceptam
720 1460 906 1526 persequatur.
930 1452 1058 1508 Nimirum
1073 1453 1112 1508 sic
1123 1450 1216 1508 scribit
1227 1453 1254 1507 in
1266 1451 1452 1527 epistola103

183 1557 209 1594 n.
225 1540 252 1602 2,
269 1547 299 1594 ut
315 1539 359 1612 qui
373 1537 427 1608 jam
443 1555 497 1611 quo
513 1546 590 1611 pacto
606 1539 675 1593 circa
690 1537 751 1592 iilos
767 1538 900 1612 agendum
916 1539 951 1593 sit
967 1539 1183 1611 praescripserit;
1214 1538 1241 1593 in
1259 1536 1320 1595 lot
1336 1546 1365 1595 et
1383 1538 1452 1601 105,

182 1635 211 1681 ut
228 1640 307 1697 quem
322 1623 479 1679 eorumdem
494 1627 692 1695 episcoporum
705 1624 792 1696 longo
808 1623 968 1680 observatio
983 1641 1012 1678 ac
1028 1639 1103 1679 mora
1117 1623 1274 1685 contristet:
1295 1623 1324 1679 iu
1335 1623 1407 1686 loo,
1424 1631 1453 1679 ιιι

182 1711 228 1783 qui
244 1726 290 1765 eos
306 1707 392 1764 arcilruc
407 1709 635 1764 observationum
651 1710 795 1765 molestias
810 1712 953 1764 sustinere
968 1706 1072 1770 doleat:
1094 1707 1212 1780 denique
1227 1709 1255 1763 in
1271 1707 1342 1770 lot.
1359 1718 1391 1764 ut
1407 1710 1453 1783 qni

181 1794 310 1857 artadierit,
330 1796 445 1850 litteras
460 1809 525 1866 quas
540 1792 583 1848 die
599 1792 617 1848 2
634 1791 799 1866 Septembris
820 1794 847 1848 in
862 1793 971 1849 illorum
987 1794 1099 1867 gratiani
1114 1793 1259 1867 scripserat
1278 1811 1337 1850 non
1354 1793 1454 1866 faisse

181 1888 342 1952 susceptas.
373 1878 472 1935 Deinde
487 1880 514 1934 in
531 1878 643 1952 epistola
660 1876 699 1934 92
715 1877 746 1932 ad
763 1876 853 1941 liliam,
876 1878 1003 1934 Thomam
1024 1896 1055 1933 ac
1070 1876 1249 1934 Nicostratum
1270 1877 1331 1933 data
1345 1877 1453 1936 litteras

182 1983 279 2023 eorum
294 1967 462 2037 specialiter
476 1968 616 2038 negotium
632 1967 816 2024 continentes,
833 1980 898 2036 quas
914 1973 971 2019 tmn
987 1963 1139 2024 destinavit,
1156 1979 1249 2019 recens
1264 1962 1452 2028 adiustinurn.

181 2051 213 2105 ad
229 2049 409 2124 Euphemiam,
425 2049 457 2104 ad
473 2049 652 2105 lastinianum
667 2055 747 2121 atque
763 2047 932 2109 Germanmn,
951 2065 1005 2103 non
1020 2048 1052 2103 ad
1068 2048 1225 2104 dioscorum
1240 2055 1286 2103 aut
1300 2048 1454 2107 iohannem

181 2137 345 2210 episcopum,
368 2134 509 2207 scripsisse
529 2151 559 2188 sc
575 2134 708 2195 meminit3
734 2140 828 2188 contra
844 2134 923 2206 epist.
941 2133 1011 2195 107,
1027 2132 1156 2189 'thomam
1172 2141 1199 2189 et
1214 2132 1398 2192 Nicostratum
1419 2134 1454 2191 de

182 2221 277 2276 litteris
292 2238 307 2275 a
322 2237 351 2275 sc
367 2218 458 2274 eadem
474 2218 506 2273 de
522 2235 600 2274 causa
616 2219 647 2273 ad
663 2217 820 2274 dioscorum
836 2236 865 2273 ac
880 2219 1205 2300 iohann'cmepiscopum
1221 2218 1454 2294 Constantinopo-

181 2305 292 2361 litanum
307 2306 414 2378 scriptis
431 2320 551 2366 monens,
574 2303 607 2358 de
628 2302 686 2359 aliis
703 2311 782 2359 tacet.
819 2302 968 2366 Postremo,
993 2312 1022 2358 ιιι
1036 2303 1086 2358 alia
1107 2304 1270 2366 omittamus,
1292 2302 1358 2359 iliud
1376 2305 1453 2379 quod

181 2389 324 2465 probamus
345 2391 451 2452 evincit,
479 2387 551 2462 qnod
575 2390 694 2462 quinque
715 2389 819 2462 priores
840 2405 888 2462 per
904 2388 1047 2462 Eulogium
1064 2388 1265 2462 magistrianum
1286 2397 1314 2444 et
1329 2390 1454 2464 quinque

181 2476 346 2549 posteriores
362 2491 411 2548 per
425 2473 563 2535 Paulinum
579 2472 749 2529 defensorem
765 2473 910 2529 destinams
928 2474 1010 2530 tuisse
1025 2490 1057 2529 ex
1073 2473 1196 2549 epistolis
1213 2473 1252 2530 92
1269 2482 1296 2529 et
1306 2473 1369 2530 105
1386 2492 1454 2532 con·

182 2559 279 2616 dcitur.
309 2559 384 2615 Unde
399 2560 477 2614 etiam
493 2558 622 2632 colligere
639 2567 688 2621 cst,
710 2557 832 2614 carradam
849 2558 988 2614 Paruiinum
1005 2557 1217 2616 1111111519
1240 2567 1281 2614 ter
1296 2558 1454 2616 Constanti·

181 2645 300 2719 nopolim
321 2645 476 2719 repetiisse:
504 2645 618 2716 primum
638 2643 745 2716 «paridem
768 2644 865 2717 Aprilis
882 2644 921 2700 99
943 2643 986 2698 die
1007 2660 1067 2699 cum
1089 2642 1202 2717 epistola
1224 2641 1384 2701 llormisdae
1402 2645 1453 2709 73.

180 2747 287 2785 rursum
302 2729 365 2784 tatii
382 2729 399 2786 9
416 2728 459 2784 die
475 2745 534 2784 cum
551 2727 670 2799 ejusdem
686 2729 800 2802 epistola
817 2728 856 2785 79
872 2747 901 2784 ac
916 2727 1101 2802 sequentibus,
1124 2728 1231 2783 domurn
1246 2745 1307 2784 curn
1322 2729 1385 2785 istis
1400 2729 1452 2786 lte-

180 2814 293 2871 cembris
310 2814 328 2871 3
345 2814 387 2869 die
403 2814 471 2869 datis
486 2812 608 2887 epistolis
623 2813 798 2871 103-107.
830 2812 876 2869 ille
891 2815 1006 2887 primum
1023 2814 1119 2868 missus
1135 2812 1194 2876 tuit,
1211 2829 1293 2886 quum
1307 2812 1453 2871 Hormisda

180 2900 244 2974 quid
260 2901 380 2973 egissent
396 2898 478 2973 legati
494 2897 625 2954 nibildmn
641 2899 776 2968 audiisset,
798 2915 905 2954 rursurn
926 2915 1008 2972 quum
1024 2915 1171 2971 prosperos
1193 2914 1287 2953 eorum
1303 2914 1452 2956 successus

179 2985 292 3040 edoctus
307 2986 347 3047 iis,
364 3003 378 3040 a
395 2984 492 3057 quibus
508 2983 622 3039 luissent
634 2983 726 3055 acljuti,
743 2985 840 3057 gratias
854 2983 970 3057 agendas
982 2983 1113 3045 (luxisset,
1129 2990 1268 3057 postremo
1280 3000 1365 3056 quum
1378 2984 1454 3042 idem

179 3071 299 3144 pontiler
315 3071 484 3143 imperatoris
499 3077 621 3132 conatus,
639 3077 667 3124 ut
681 3059 836 3125 noseorum
854 3085 934 3124 unum
952 3067 1077 3142 elegatis
1093 3069 1149 3123 suis
1160 3069 1344 3124 Antiochenae
1361 3068 1453 3127 eccle-

179 3157 232 3210 siae
248 3153 414 3230 praeficeret,
431 3154 577 3210 didicisset.

391 3313 430 3374 In
450 3311 635 3372 Hormisdao
656 3327 756 3389 papae
779 3312 941 3389 epistolam
961 3313 1021 3373 108
1043 3308 1235 3394 (.,Quanto··).
1266 3350 1271 3357 ·
1361 3380 1364 3383 ,

264 3434 358 3490 Sacrae
373 3435 436 3490 huic
452 3435 618 3489 occasionem
635 3432 781 3507 praebuere
797 3450 891 3506 proces
906 3433 938 3488 ab
953 3433 1014 3489 Eois
1031 3434 1159 3508 partibus,
1183 3435 1235 3490 hoc
1250 3442 1291 3490 est
1307 3451 1321 3489 a
1336 3433 1454 3494 Jeroso·

143 3571 148 3576 .
179 3519 327 3592 lymitanis,
355 3519 529 3574 Antioclrenis
544 3527 572 3574 et
586 3517 720 3573 secundae
736 3518 827 3592 Syriae
847 3518 951 3574 clericis
973 3529 1000 3574 et
1021 3519 1173 3581 abbatibus.
1200 3519 1308 3575 lustina
1330 3519 1452 3579 oblatae.

179 3603 308 3672 Quocirca
324 3604 366 3659 laic
382 3603 591 3677 praemittendae
606 3611 698 3658 csscnt
712 3602 772 3659 illae
788 3620 890 3676 preces,
907 3605 958 3659 nisi
974 3606 1057 3659 satius
1074 3605 1158 3660 visum
1174 3612 1256 3666 esset,
1272 3620 1317 3659 eas
1332 3604 1367 3659 ad
1380 3606 1453 3663 ἰΙΙιιιΙ

178 3706 285 3744 servare
307 3697 421 3762 tempus,
443 3705 497 3761 quo
518 3687 549 3742 ad
567 3687 733 3743 llormisdam
749 3686 896 3744 ‹testinatae
912 3698 984 3751 sunt,
1010 3689 1061 3745 boc
1082 3696 1124 3744 est
1139 3688 1171 3744 ad
1188 3688 1268 3759 hujus
1283 3690 1369 3763 ipsius
1386 3694 1453 3748 anni

179 3790 280 3830 nonum
296 3771 461 3848 Septembris
477 3772 547 3829 diem
563 3771 652 3846 (epist.
672 3772 751 3844 129).

204 3933 243 3993 In
263 3932 450 3993 llormisdao
470 3947 571 4009 papas
593 3930 742 4008 epistolas
757 3931 809 3992 ue
824 3935 856 3993 st
869 3873 923 3993 113
946 3928 1064 4013 („Qu0d
1077 3938 1233 3993 celsitudo·
1249 3943 1277 3992 et
1292 3932 1420 4018 „liio··).

264 4055 292 4112 1.
322 4053 360 4109 Ex
381 4054 517 4128 epistolis,
543 4069 608 4127 quas
629 4053 795 4109 lastinianus
821 4054 853 4108 ad
876 4053 1043 4110 llormisdam
1070 4055 1200 4111 hactenns
1220 4056 1343 4130 scripsit,
1373 4059 1454 4116 nulla

177 4148 260 4196 restat
274 4141 318 4201 cui
333 4139 402 4195 idem
419 4156 486 4213 papa
501 4155 556 4194 non
572 4139 749 4212 rescripserit.
771 4140 821 4195 nisi
837 4140 944 4196 11199
961 4156 1010 4213 per
1025 4138 1168 4214 Eulogium
1190 4142 1287 4196 iterato
1303 4142 1331 4196 in
1346 4139 1453 4201 Urbem

177 4224 296 4299 legatum
312 4226 475 4281 transmissa.
506 4223 545 4279 nd
561 4239 590 4280 ea
606 4232 704 4287 autem,
727 4240 794 4297 qnae
816 4230 879 4280 tunc
895 4226 1046 4298 quaesierat
1061 4224 1237 4289 lastinianus,
1258 4226 1324 4281 satis
1340 4242 1453 4286 accona-

180 4309 285 4365 modata
300 4310 433 4374 videntur,
450 4325 519 4383 quae
535 4325 607 4364 riano
619 4307 760 4364 llormisda
775 4311 853 4382 epist.
865 4309 923 4365 112
940 4310 1096 4384 respondet.
1118 4309 1170 4366 llle
1189 4311 1261 4367 laune
1276 4327 1374 4386 papam
1391 4312 1454 4372 lan·

176 4394 259 4456 darat.
274 4394 346 4468 quod
358 4394 530 4451 decessorum
543 4410 654 4449 suornm
664 4394 818 4450 memoriam
830 4403 857 4450 et
867 4394 1076 4468 amplecteretur
1087 4405 1114 4452 et
1126 4403 1242 4458 ornaret,
1259 4405 1454 4474 quantumque

177 4480 235 4553 ipse
252 4478 309 4550 ejus
331 4479 460 4536 decisioni
481 4479 613 4542 deterret,
641 4485 755 4535 testatus
776 4488 833 4535 erat
856 4480 895 4535 his
916 4479 1016 4536 vorbis:
1044 4482 1099 4538 boc
1120 4485 1193 4538 enim
1214 4483 1361 4539 eredimus
1383 4500 1454 4543 esse

174 4565 359 4627 catholicum.
380 4567 457 4639 qaod
476 4573 568 4622 oestro
589 4567 721 4638 religioso
742 4580 880 4638 responso
894 4567 975 4624 nobis
987 4566 1081 4638 fuerit
1095 4571 1262 4624 intimatum.
1302 4565 1454 4630 Hormisda

178 4667 241 4705 acro
256 4650 398 4707 iustiniani
414 4650 505 4707 landes
520 4659 598 4725 grato
612 4651 733 4724 suscipit,
750 4660 882 4724 quatenus
898 4651 929 4707 ad
945 4651 1167 4716 culturaliomini
1183 4651 1214 4707 ad
1231 4651 1453 4716 emolumentum

178 4736 261 4809 ipsius
279 4735 380 4792 Domini
402 4744 429 4793 et
449 4735 481 4791 ad
502 4736 674 4793 ecclesiarum
691 4737 819 4793 unitatem
834 4735 984 4811 proficiant.
1022 4737 1177 4805 Quaestioni
1198 4754 1309 4812 quoque
1329 4755 1452 4817 praepo·
