3204 5506
656 355 827 405 sersaoni
850 347 879 404 3.
923 409 926 418 ‚
1346 344 1408 407 313

116 514 175 578 ret
200 534 269 578 nos
292 509 345 577 rel
365 509 590 598 aliquempiam
613 510 781 596 potiorem,
813 533 895 596 quae
923 514 999 578 sunt
1021 515 1114 598 gesta
1141 512 1329 596 referentes,
1360 513 1542 595 de-(a.4sa.)

116 614 243 682 tuisse
266 637 423 700 responsa
444 616 668 703 promereri⁴):
691 617 767 701 quia
787 616 884 681 nimis
903 615 1104 700 judicaretur
1126 636 1294 701 arrogans,
1323 616 1351 691 si
1373 615 1411 681 de

119 718 241 804 prima
264 718 341 784 sede
362 716 471 783 taliter
492 718 716 785 existimasset.
754 716 884 802 Quodsi,
919 721 956 783 ut
977 718 1081 804 magis
1103 718 1284 803 opinamur,
1318 718 1412 804 quasi

121 821 243 906 semis,
273 820 391 907 quibus
416 841 562 906 praeesse
590 819 709 888 Christi
736 842 875 887 munere·
896 820 1079 907 delegatal)
1107 823 1171 902 est,
1201 820 1411 906 apostolicam

123 923 244 992 aedem
266 922 453 989 institutum
474 923 536 987 sibi
558 924 684 990 noviter
705 924 903 991 sacerdotem
917 923 1145 1008 praeeuntibus
1165 924 1343 1008 oportuisse
1365 923 1411 990 di·
1433 977 1435 981 ,

123 1027 212 1094 xisti
234 1025 356 1092 litteris
376 1025 534 1091 indicare:
562 1025 627 1092 fuit
653 1026 814 1111 quondam
842 1026 1059 1091 ecclesiastica
1083 1027 1175 1091 vetus
1197 1024 1277 1091 haee
1299 1026 1410 1112 regula

125 1129 223 1216 apud
243 1131 356 1214 patres
382 1130 520 1213 nostros,
549 1129 664 1214 quibus
687 1137 757 1195 una‘
779 1128 937 1194 catholica
966 1127 1202 1214 apostolicaque
1230 1129 1410 1197 communio

126 1232 172 1297 ab
196 1231 291 1297 omni
312 1231 605 1316 praevaricatorum
632 1231 734 1296 libera
756 1230 932 1316 pollutione
956 1231 1134 1296 constabat.
1180 1230 1275 1296 Nunc
1304 1235 1411 1298 autem

127 1357 236 1421 quum
258 1334 445 1400 societatem
466 1333 629 1419 praeferre
651 1332 772 1398 malitis
794 1337 996 1415 extraneam,
1025 1356 1121 1418 quam
1144 1334 1184 1397 ad
1206 1334 1292 1398 beati
1321 1333 1409 1400 Petri

128 1459 256 1523 purum
276 1437 381 1503 redire
403 1435 624 1522 illibatumque
647 1436 858 1520 consortium,
882 1442 1031 1518 quomodo
1046 1443 1234 1502 cantabimus
1256 1444 1559 1517 conticumPs.1as,4.

130 1544 263 1608 nomas
289 1547 321 1604 ia
343 1551 426 1604 terro
454 1546 578 1604 aliena?
621 1537 783 1616 Quomodo
811 1539 1028 1624 dispositionis
1057 1540 1251 1623 apostolicae
1277 1541 1410 1625 antiqua

130 1642 269 1709 foedera
297 1642 506 1727 praebeamus
538 1640 721 1707 hominibus
755 1642 987 1707 communionis
1016 1641 1212 1706 extraneae?
1254 1641 1409 1718 Quemad-

131 1744 269 1811 modum
290 1744 380 1809 vobis
402 1744 637 1809 ordinationem
659 1743 884 1809 renuntiatura
906 1747 965 1827 est,
995 1746 1046 1810 cui
1070 1748 1174 1809 vestro
1203 1745 1299 1810 etiarn
1322 1744 1410 1810 testi·

133 1847 246 1913 monio
268 1845 446 1911 haereticos
469 1847 636 1912 damnatos
644 1847 669 1932 ⁶)
692 1845 915 1932 praeponitis?

224 1949 255 2014 2.
299 1948 395 2014 Dicet
415 1949 552 2014 forsitan
574 1951 631 2014 tua
653 1948 797 2015 dilectio:
826 1972 884 2014 cur
910 1954 938 2013 si
959 1952 1014 2025 fas
1038 1971 1097 2015 non
1125 1962 1169 2016 cst
1185 1957 1407 2031 praesepibus,

135 2058 244 2117 saltem
266 2058 374 2117 litteras
395 2058 625 2132 colloquamur?
646 2051 728 2128 Quia
751 2051 844 2116 aliter
867 2051 1064 2136 appellamus
1088 2053 1265 2118 dominicae
1280 2074 1410 2119 mensae

134 2153 323 2239 participes,
346 2153 441 2219 aliter
462 2155 517 2238 qui
539 2155 574 2219 in
597 2155 665 2239 ejus
688 2154 855 2219 nobiscum
878 2155 1030 2219 societate
1053 2155 1263 2220 dissentiunt:
1287 2155 1361 2241 quia
1378 2159 1412 2222 et

136 2258 210 2341 ipse
232 2254 389 2322 Dominus
411 2257 473 2320 alio
495 2258 589 2321 modo
611 2257 709 2322 verba
730 2257 906 2323 faciebata
928 2280 985 2322 sua
1001 2257 1238 2342 praedicatione
1253 2258 1409 2342 discretis,

136 2357 204 2423 olio
233 2358 396 2443 discipulis
424 2359 517 2445 regni
545 2359 690 2425 coelestis
718 2363 841 2425 secreta
869 2359 1047 2444 pandebat,
1079 2363 1310 2446 consequenter
1336 2384 1410 2445 quo-

140 2480 204 2545 qne
227 2464 259 2525 et
273 2454 408 2546 apostoli
430 2484 496 2526 nou
518 2462 566 2527 ita
587 2484 679 2527 asuo
702 2462 837 2549 collegio
860 2463 1026 2548 separatis,
1051 2463 1315 2547 quemadmodum
1337 2464 1410 2530 fidei

141 2560 321 2628 domesticis
344 2564 607 2650 consortibusque
628 2565 852 2650 loquebantur.

229 2665 259 2731 3.
300 2664 361 2753 Sed
385 2665 432 2730 ait
453 2665 582 2732 dilectio
603 2670 670 2751 tua,
695 2678 811 2734 tontum
833 2675 920 2736 circa
948 2690 993 2732 me
1014 2690 1076 2735 sese
1098 2676 1240 2735 cantatis
1261 2676 1408 2749 tabuisse,

78 2758 86 2829 .'
149 2778 180 2831 at
206 2789 263 2833 aas
286 2774 379 2834 edum
407 2775 451 2834 od
476 2776 668 2836 scribendam
690 2775 793 2849 sueres
821 2782 988 2849 contentus,
1024 2778 1079 2836 sed
1105 2773 1255 2858 affetusl)
1290 2778 1408 2839 sarcire.

85 2918 114 2937 .-
153 2864 267 2955 laffl'sti
286 2872 495 2936 sententiam:
524 2878 626 2960 Fides,
643 2895 684 2939 ex
706 2879 822 2952 ondita,
848 2881 969 2939 auditus
992 2886 1091 2938 eutem
1109 2895 1166 2954 per
1195 2880 1314 2940 verbum
1343 2881 1407 2956 Dei,
1422 2849 1503 2972 {iffi

157 2967 228 3034 illud
245 2972 362 3039 scilieet
383 2974 525 3057 verbum,
549 2976 632 3060 quod
655 2976 849 3041 confessioni
872 2976 957 3041 beati
982 2976 1118 3060 apostoli
1141 2977 1229 3041 Petri
1238 2989 1349 3057 portos
1366 2960 1523 3041 an-uiai.

161 3072 235 3143 fera
250 3097 399 3157 umquam
417 3085 649 3157 praezralituros
672 3099 740 3143 esse
762 3077 918 3162 promisit.
953 3077 1061 3162 Atque
1083 3079 1154 3141 ideo
1176 3079 1412 3143 rationabiliter
1431 3058 1517 3119 ¹⁶¹¹&

169 3171 340 3261 exist'maafi,
357 3179 435 3264 quia
448 3179 551 3244 fidelis
566 3180 653 3244 Deus
668 3181 704 3245 in
719 3180 824 3245 verbis
839 3180 906 3244 suis
921 3202 998 3260 non,
1023 3180 1085 3243 nisi
1109 3179 1228 3263 aliquid
1250 3180 1315 3245 tale
1338 3202 1409 3264 pro·

174 3272 296 3363 mussa,
317 3281 554 3367 institueret⁸),
577 3281 662 3346 unde
685 3282 867 3366 sponsionis
888 3304 964 3346 suae
987 3281 1229 3365 promissionem
1251 3281 1408 3366 impleret.

183 3409 283 3430 ,κ-

227 3479 421 3554 leprosae,
438 3485 487 3540 alii
505 3502 568 3540 oum
584 3503 648 3547 mss.
667 3492 811 3554 proniorem·
816 3508 822 3540 :
841 3487 867 3540 h.
883 3504 906 3541 e.
926 3504 1011 3556 quum
1029 3487 1171 3544 Romanus
1189 3487 1316 3557 pontifex
1333 3506 1411 3557 prae-

184 3557 322 3625 Qualis
340 3570 546 3626 ordinationem
569 3587 648 3627 suam
672 3573 700 3626 et
723 3588 794 3640 quae
818 3572 846 3625 in
870 3589 903 3626 ea
925 3572 1005 3642 gesta
1028 3573 1092 3627 suut
1114 3574 1213 3638 refert,
1238 3572 1309 3626 sicut
1327 3590 1411 3640 quum

186 3641 281 3716 ΜΝ
295 3656 388 3727 potior
405 3643 532 3713 subditos
555 3657 589 3712 de
613 3656 715 3712 collata
732 3656 785 3711 sibi
804 3656 941 3727 dignitate
961 3657 1094 3711 certiores
1112 3658 1192 3722 facit,
1213 3655 1244 3710 ‘id
1266 3663 1411 3726 praestare

187 3733 408 3823 lul{deputandus
425 3743 468 3797 eat
490 3741 577 3812 quasi.
591 3742 718 3810 inferior,
742 3743 789 3812 qui
813 3742 836 3796 si
858 3741 924 3796 huic
947 3741 1080 3798 defuisset
1102 3742 1206 3809 officio,
1229 3759 1280 3796 neo
1301 3741 1411 3799 illorum

189 3822 257 3884 “Db
269 3827 389 3882 aurave
402 3826 495 3882 officia
510 3828 727 3897 promereretur.
747 3826 843 3882 'Moris
859 3826 956 3896 hujus,
975 3843 1030 3894 quo
1048 3843 1144 3882 recens
1159 3828 1268 3881 creatus
1287 3828 1411 3897 pontifex

78 3944 98 3976 3,
190 3889 285 3990 ⁸Qum
300 3913 406 3966 ceteros
425 3912 571 3982 episcopos
590 3912 624 3966 de
643 3911 818 3969 ordinatione
836 3929 887 3967 sua
905 3911 1037 3967 certiores
1050 3914 1141 3968 facere
1154 3911 1237 3978 solet,
1252 3913 1313 3982 jam
1326 3931 1345 3967 s.
1361 3912 1411 3982 Cy·

81 4018 97 4052 ,³-
191 3990 389 4074 Quaestum
406 3996 444 4051 ad
461 3996 621 4052 Cornelium
639 3995 757 4065 (cornel.
778 3996 859 4068 epist.
878 4004 893 4051 2
910 4016 936 4051 n.
956 4000 982 4068 3)
1000 3997 1135 4052 meminit.
1172 3997 1244 4050 Eum
1267 3997 1410 4067 inductum

79 4107 85 4137 .·
97 4094 107 4110 ·¹
192 4073 298 4146 bonnm,
312 4081 344 4136 ut
361 4080 478 4152 quisque
498 4082 532 4137 de
551 4082 616 4138 nori
632 4081 770 4153 pontificis
789 4081 930 4139 creatione
945 4081 1028 4151 hujus
1039 4081 1126 4152 ipsius
1137 4081 1297 4137 testimonio
1310 4082 1412 4137 certior

78 4208 82 4215 .
193 4142 248 4209 W
262 4177 304 4218 neo
319 4165 463 4222 falleretur
480 4167 587 4223 incerto
605 4184 728 4237 rumore,
752 4185 803 4223 nec
820 4166 924 4222 diutius
942 4167 976 4222 de
995 4167 1086 4222 dubiis
1104 4166 1235 4222 vacillare
1255 4167 1409 4236 cogeretur.

91 4260 96 4271 ’
234 4239 248 4305 'l
260 4244 295 4302 lta
307 4268 370 4306 mss.
390 4253 420 4307 et
438 4254 472 4319 c',
492 4253 597 4310 scilicet
613 4260 689 4310 sedes
707 4258 857 4324 apostoliea
888 4251 945 4306 bc⁴
957 4268 1014 4322 seq.
1034 4258 1175 4322 delegatum
1193 4262 1240 4306 est.

230 4323 583 4411 “ibt-0²daunaeosque.
620 4340 657 4393 N‘
681 4339 830 4408 ereglone
853 4338 953 4392 horum
977 4337 1013 4393 ad
1037 4354 1125 4407 marg.
1150 4337 1242 4391 notet:
1269 4343 1411 4393 tuereliooa

86 4424 105 4459 ··''·
195 4400 281 4470 ⁴⁰⁴¹oe
294 4425 351 4477 aas
361 4427 466 4478 Petrum
482 4435 508 4478 et
516 4430 645 4481 Acacium.
677 4423 783 4490 Quaea
799 4424 833 4491 El
844 4424 884 4477 ΡΝ
898 4426 970 4491 (diei)
988 4425 1016 4477 et
1031 4421 1233 4493 posterioribus
1250 4421 1411 4492 editoribus,

196 4491 350 4645 Quinc
362 4509 488 4580 excepto,
509 4508 538 4564 in
555 4510 663 4564 textum
680 4510 745 4580 post
757 4521 800 4563 tua
819 4515 919 4564 dilectio
937 4509 1042 4563 inserta
1059 4525 1172 4578 prorsus
1190 4507 1410 4564 inextricabilem

85 4594 91 4623 ³
268 4584 273 4595 '
327 4593 486 4650 effecerunt.
567 4597 571 4607 “
1338 4607 1342 4614 ’

78 4680 92 4695 ”“
237 4662 415 4733 lubossa
425 4677 478 4745 ita;
496 4679 562 4735 K¹c¹
576 4686 682 4750 affeetu,
701 4682 761 4735 a¹c²
773 4686 867 4750 affatus,
886 4679 922 4733 Ι(8
935 4677 1039 4732 omittit
1057 4692 1178 4746 prorsus.
1209 4679 1278 4734 Post
1294 4679 1410 4734 verbum

197 4741 255 4801 ψῃ
266 4767 341 4817 aare
352 4762 539 4834 supplendum
550 4771 688 4820 desideret.
724 4765 757 4818 Γᾶ
769 4765 810 4819 Fm
829 4777 855 4819 ut
870 4771 948 4819 solum
966 4769 1001 4817 ud
1011 4783 1032 4817 a.
1042 4766 1064 4828 s.
1079 4782 1100 4817 c.
1113 4768 1207 4831 offecto
1220 4770 1320 4819 erudire.
1342 4771 1411 4836 Lepe

206 4907 219 4939 u
239 4832 296 4899 ille
309 4846 392 4903 11⁸0*
405 4850 444 4916 0¹,
462 4847 529 4904 editi
547 4856 691 4914 instituere,
711 4850 744 4903 Ι1Ίά
757 4850 797 4904 pm
810 4850 844 4904 Κι
863 4854 979 4903 instituit.
1009 4845 1116 4907 Deinde
1135 4850 1157 4907 0¹
1173 4849 1199 4906 ο*
1212 4871 1295 4913 aurem,
1313 4851 1340 4907 α’
1353 4850 1372 4905 b
1386 4854 1411 4908 c'

197 4917 205 4956 t
230 4931 296 4994 Μθ’.
311 4930 360 4989 ubi
375 4930 412 4991 F*
424 4931 466 4989 l'*
479 4933 513 4990 ί(Ι
525 4933 562 4991 K·
574 4935 609 4994 0²
621 4938 647 4994 o⁰
659 4941 733 4995 uode.
