3204 5506
287 358 350 420 240
748 369 775 415 s.
794 367 961 443 s1irr1neu
986 365 1098 412 incra

190 528 453 591 a-scsdinareuu
488 525 639 605 antistes3
670 521 753 606 quod
782 522 815 585 in
844 521 912 603 ejus
947 518 1170 583 tautummodo
1198 539 1337 600 persona
1369 517 1417 581 sic¹
1445 538 1550 581 memo

185 598 274 662 ΗΜ)
288 631 383 694 rastis
406 631 615 710 assumptum,
641 629 676 689 ut
698 624 849 707 deinceps
872 623 1046 686 secundum
1069 619 1272 685 definitiones
1293 622 1427 703 patrum
1449 618 1553 684 Orien·

288 732 346 795 tali
370 730 492 814 synodo
516 729 634 792 creatio
658 725 851 789 Antiocheni
877 724 1038 808 pontificis
1061 727 1248 805 reservetur,
1272 743 1333 786 nec
1356 720 1471 785 haberi
1492 722 1555 786 loco

288 833 385 897 inrltis
408 832 556 914 injuriae,
580 829 662 913 quod
679 827 886 891 dissensionis
902 827 1008 910 gratia
1024 826 1146 889 factum
1168 827 1217 888 est
1237 823 1451 888 auferendae:
1473 826 1558 889 teum

287 936 371 999 hanc
394 933 524 1018 pietatis
555 936 677 995 vestrae
706 930 819 993 beatus
841 928 955 991 Petrus.
983 927 1145 1010 apostolus
1168 926 1386 1010 sponsionem,
1418 928 1452 989 et
1474 924 1560 991 Chri·

286 1037 472 1101 stianissimi
501 1033 739 1115 fidelissimique
774 1030 929 1113 principis
956 1033 1097 1092 mentem
1126 1027 1160 1091 in
1187 1027 1268 1091 haec
1296 1028 1398 1092 verba
1424 1028 1561 1112 jurasse,

286 1140 368 1224 quod
396 1138 529 1222 posthae
558 1137 591 1198 in
615 1128 819 1197 Antiocheno
847 1132 925 1197 urbe
953 1130 1053 1194 veteri
1079 1152 1166 1194 rnore
1189 1130 1351 1215 servatoss)
1374 1153 1396 1193 a
1421 1151 1563 1214 compro·

284 1240 475 1305 vineialibus
499 1238 564 1300 suis
587 1237 755 1319 episcopus
783 1235 958 1315 ordinetur,
992 1255 1033 1296 ne
1055 1233 1139 1316 quod
1161 1254 1248 1296 nunc
1275 1232 1380 1296 frater
1404 1236 1440 1296 et
1462 1230 1566 1317 coepi-

286 1364 400 1426 scopus
423 1362 512 1404 meus
536 1339 672 1402 Aeacius
696 1337 784 1399 robis
800 1339 849 1398 est
867 1335 1056 1418 jubentibus
1080 1338 1257 1416 exsecutus,
1281 1334 1316 1398 in
1339 1356 1438 1398 usum
1461 1338 1568 1419 poste·

287 1444 393 1507 ritatis
416 1443 535 1523 veniat,
566 1445 598 1503 ct
621 1442 742 1502 statuta
765 1442 911 1521 patrum,
942 1458 1022 1520 (lirae.
1045 1436 1216 1520 praecipue
1238 1436 1418 1520 praestatis
1441 1436 1569 1521 illaesa,

288 1544 474 1609 confundat.
525 1541 618 1605 Unde
651 1563 732 1624 quae
766 1564 784 1603 a
813 1540 902 1601 robis
931 1560 1037 1601 amore
1066 1538 1181 1621 aurietis
1210 1541 1321 1602 sancte
1349 1542 1385 1602 et
1415 1537 1572 1624 religiose

288 1649 363 1711 sunt
385 1646 542 1725 ordinata,
566 1643 737 1726 reprobare
760 1664 825 1706 non
842 1662 1018 1725 possumus,
1043 1662 1083 1703 ne
1100 1643 1203 1703 status
1220 1638 1453 1704 Antiochense
1468 1640 1571 1707 eecle-

288 1750 354 1811 siae
382 1748 442 1810 sub
469 1749 582 1810 nostra
608 1744 809 1807 dubitatione
838 1742 984 1806 videatur
1006 1741 1191 1826 ambiguus,
1215 1741 1393 1827 praecipue
1418 1743 1572 1827 quomis

275 1852 341 1935 ,qui
364 1851 484 1935 legitur
511 1846 721 1929 ordinatum),
750 1845 935 1908 testimonio
965 1845 1152 1908 elementiae
1180 1847 1319 1934 vestrae·
1335 1847 1369 1907 et
1400 1848 1502 1910 tauta
1528 1845 1572 1911 sit

288 1951 525 2037 praedieatione
549 1949 713 2029 subnixae,
738 1949 806 2029 up,
828 1947 863 2009 in
887 1968 923 2009 eo
946 1950 1074 2029 praeter
1096 1945 1209 2009 horum
1231 1945 1408 2010 vulnemm
1425 1945 1568 2013 dolorem

287 2056 391 2139 posito
415 2053 571 2137 possimus
595 2055 627 2114 et
650 2048 813 2131 eeclesiae,
838 2071 919 2132 quae
942 2047 1032 2110 illum
1055 2048 1180 2130 meruit,
1204 2047 1348 2131 gloriari.

371 2156 402 2218 4.
443 2155 532 2218 Haec
555 2153 697 2236 repensis
721 2150 920 2214 sermonibus
943 2153 975 2212 et
999 2149 1214 2213 venerationis
1236 2148 1345 2213 officio
1368 2151 1570 2236 respondere

288 2259 408 2339 curavi,
437 2262 473 2320 ut
495 2260 603 2319 tantas
626 2253 859 2317 haeretieorum
882 2251 1011 2315 fraudes
1034 2254 1067 2314 et
1087 2250 1233 2314 facinora
1255 2251 1376 2315 divinis
1401 2256 1437 2316 et
1459 2274 1567 2319 saecu
1594 2254 1598 2345 l

289 2360 409 2423 laribus
438 2358 563 2442 legibus
585 2355 815 2439 persequenda,
844 2376 925 2437 qnae
954 2354 1081 2436 saepius
1103 2353 1246 2435 probatis
1268 2374 1339 2417 esse
1362 2357 1436 2418 tam
1459 2355 1566 2439 noxis,
1596 2358 1598 2375 '

288 2462 326 2525 de
349 2462 501 2524 memoria
524 2463 555 2523 et
579 2458 819 2522 conversatione
843 2456 1006 2519 hominum
1026 2455 1167 2537 jubeatis
1190 2454 1321 2538 auferri,
1346 2478 1491 2540 quorum
1511 2458 1567 2523 im·

288 2563 424 2646 pietast)
448 2561 546 2635 nulla,
575 2563 730 2644 qnantum
759 2559 882 2640 videtis,
913 2561 1018 2642 potest
1044 2556 1235 2641 auctoritate
1258 2559 1435 2642 compesci.
1483 2558 1567 2627 Dua

288 2664 318 2728 X
341 2662 498 2729 Calendas
520 2662 623 2725 Julias
646 2665 718 2746 post
741 2659 941 2724 consulatum
964 2660 1009 2723 ill.
1034 2659 1093 2722 viri
1117 2658 1296 2722 clarissimi.

357 2888 377 2950 ᾗ,)
396 2884 485 2936 Antea
499 2884 560 2950 jam
578 2882 689 2936 Maximi
709 2881 873 2935 Autioebcni
892 2880 1128 2935 consecrationem
1146 2878 1291 2934 Anatolius
1310 2879 1366 2934 sibi
1385 2881 1567 2953 attribuerat,

288 2969 335 3023 sed
355 2981 445 3023 carrera
463 2975 607 3022 eanonicam
631 2974 754 3035 rapulam,
783 2967 821 3020 ait
841 2967 896 3019 Leo
916 2966 994 3035 epist.
1011 2972 1059 3019 loo
1077 2983 1102 3018 n.
1117 2972 1140 3028 ’2,
1163 2964 1236 3018 unde
1255 2965 1336 3034 epist.
1352 2973 1404 3020 104
1423 2976 1483 3023 rat>
1505 2984 1565 3023 eun
1592 2971 1593 2978 ’

288 3070 321 3107 eo
347 3053 516 3123 expostulat.
544 3059 612 3122 qrrod
630 3057 804 3106 Antiocheam
823 3059 946 3105 ecelesiae
964 3062 1054 3106 eontra
1071 3060 1167 3103 recitata
1184 3069 1307 3103 cononum
1325 3057 1479 3122 episcopua
1496 3058 1565 3109 ordl-

289 3160 351 3192 uare
369 3144 548 3208 praesumpsit.
579 3137 653 3190 lnfra
671 3136 754 3189 risrrri
773 3154 873 3200 sunnis,
891 3136 1054 3188 Dioscoron]
1067 3133 1232 3187 Hormisdae
1250 3151 1343 3211 papae
1362 3134 1565 3210 legat-ultripw

284 3225 402 3291 jubente
421 3222 550 3292 pontifico
569 3221 764 3285 intercessisse,
784 3237 818 3272 ne
832 3219 1018 3273 Antiochenus
1033 3219 1178 3288 episeopus
1190 3217 1438 3291 Constantinopoli
1457 3222 1565 3279 ordim-

289 3309 365 3362 retur
384 3308 488 3371 ellorm.
508 3307 587 3374 epist.
603 3313 634 3358 7:¹1
653 3325 678 3358 n.
696 3311 727 3358 li.
770 3304 817 3357 Sin
836 3321 901 3358 vero
920 3303 996 3357 aliird
1014 3303 1137 3370 exigeret
1157 3303 1295 3357 Ecclesiae
1313 3304 1481 3375 necessitas,
1506 3308 1564 3363 tun

285 3392 332 3459 jus
354 3390 473 3453 nullum,
503 3390 550 3458 qui
575 3389 728 3453 ordinaret,
758 3389 785 3442 in
809 3389 966 3442 ordinatum
995 3388 1138 3457 acquirere
1161 3405 1254 3458 posse,
1284 3387 1369 3444 docet
1400 3390 1564 3463 Pelagiml

288 3477 415 3544 fragant
433 3493 458 3528 n.
474 3481 496 3526 ’3.

356 3563 376 3626 ⁷)
396 3558 527 3613 Calendio
546 3557 685 3617 videlieet,
710 3562 740 3612 ut
762 3559 843 3613 fidem
868 3558 935 3613 facit
952 3562 1019 3613 uota
1036 3559 1064 3611 in
1084 3558 1117 3612 G¹
1142 3559 1277 3630 epistolae
1301 3561 1449 3628 sequentis
1472 3562 1564 3621 insui—

288 3644 378 3714 pt-ioni
397 3644 537 3712 adjuncta.
571 3643 658 3706 Quam
678 3644 790 3711 quidem
809 3646 971 3697 continuant
992 3660 1075 3711 qiurrn
1093 3656 1166 3712 perra
1184 3650 1215 3697 de
1233 3664 1296 3698 nom.
1311 3649 1413 3709 Aeacii,
1432 3648 1488 3703 sub
1501 3662 1564 3718 quo·
1595 3643 1596 3646 Ἴ

288 3747 349 3780 rum
368 3730 449 3782 linem
463 3727 594 3780 Calendio
614 3728 649 3780 ab
663 3728 763 3781 Aeacio
782 3728 925 3781 ordinatus
944 3727 1052 3793 dicitur,
1071 3731 1129 3781 turn
1144 3728 1279 3797 Euagrius
1293 3729 1326 3782 H.
1340 3729 1374 3783 E.
1394 3732 1446 3797 Ill,
1460 3741 1502 3797 10,
1518 3732 1565 3805 qm
1596 3771 1598 3774 ι

289 3812 486 3866 Calendioncru
507 3812 648 3881 Stephano
668 3812 783 3880 martyri
802 3813 963 3866 sruccssisse
982 3813 1076 3875 tradit,
1096 3831 1127 3865 ae
1146 3813 1265 3879 denique
1283 3813 1339 3867 alii.
1378 3810 1483 3887 Neque
1501 3832 1564 3873 reto
1597 3807 1598 3812 ¹

288 3897 399 3951 admitti
422 3897 477 3949 ullo
501 3896 584 3949 ruodo
607 3898 699 3965 potest
716 3897 819 3951 Valesii
844 3897 949 3965 opinio.
979 3896 1025 3964 qui
1050 3895 1222 3966 Stephanum
1245 3897 1386 3952 seniorem
1409 3917 1427 3955 a
1451 3900 1565 3973 perlld'n

289 3999 398 4036 caesum
416 3998 530 4051 ponens,
555 3998 625 4049 quae
644 3981 689 4034 liic
707 3984 855 4035 narrantur
872 3982 900 4034 in
919 3982 1053 4050 Stephani
1073 3981 1192 4050 junioris
1214 3982 1393 4038 ordinatione
1412 3986 1567 4058 configis

288 4067 441 4132 existimat,
472 4084 504 4120 ae
526 4066 702 4119 nihilominus
726 4067 922 4120 Calendionem
946 4065 1187 4135 Constantinopoli
1214 4067 1250 4120 ab
1272 4066 1378 4122 Aeaeio
1402 4070 1565 4128 ordimem
1591 4115 1594 4118 ,

288 4168 347 4205 esse
367 4152 501 4205 concedit.
539 4152 611 4205 Sane
636 4169 718 4218 quiam
737 4152 833 4233 procul
853 4151 1008 4220 Simplicius
1031 4152 1067 4205 ab
1090 4150 1246 4206 excusanda
1267 4151 1434 4221 hujusmodi
1456 4150 1565 4213 ordiris·
1588 4214 1591 4219 ¹

288 4238 363 4289 tione
383 4236 528 4301 abluisset,
551 4237 573 4289 si
596 4237 667 4290 hunc
691 4236 742 4288 sibi
767 4254 860 4288 rursus
879 4235 994 4289 Aeacius
1021 4238 1180 4303 arrogasset
1201 4236 1302 4305 spretis
1324 4240 1517 4297 sacramentis
1532 4258 1567 4299 u

288 4321 349 4386 lide,
368 4339 451 4388 quani
470 4324 531 4390 post
546 4322 680 4390 Stephani
695 4320 814 4388 junioris
833 4322 1068 4375 corner-rationem
1088 4321 1222 4374 dedisset!
1248 4320 1289 4375 Eo
1307 4321 1474 4394 intervallo,
1492 4324 1566 4397 quod

288 4413 355 4459 aso
367 4405 469 4475 Aprilis
487 4406 522 4459 ud
541 4414 573 4459 22
586 4406 660 4459 Junii
679 4406 751 4459 diem
771 4406 903 4465 excurrit,
931 4406 1127 4459 tolerationem
1152 4405 1311 4459 ordinatum
1333 4424 1397 4461 esse
1420 4427 1513 4479 qnam
1532 4427 1566 4467 ex
1594 4414 1601 4461 '.

288 4490 339 4543 hae
359 4490 473 4559 epistola
494 4493 552 4544 turu
572 4507 604 4543 ex
618 4492 818 4559 Martyrologio
831 4492 965 4558 Romano,
985 4491 1059 4558 quod
1077 4492 1114 4545 ad
1130 4489 1304 4560 prraedictum
1317 4492 1426 4562 Aprilis
1445 4494 1523 4551 diem
1533 4502 1567 4551 {t

289 4593 309 4627 s.
324 4573 457 4643 Stephani
477 4575 599 4644 episcopi
618 4576 783 4628 Antioelieni
802 4576 936 4640 meminit,
956 4576 1102 4645 colligitur.

355 4662 375 4725 ⁶)
395 4660 428 4711 u*
449 4664 579 4730 corrupte
598 4673 623 4713 ut
642 4668 666 4715 tn
686 4682 715 4715 eo
734 4674 759 4715 e!
775 4674 882 4730 procur
900 4667 985 4715 torum
1004 4670 1129 4715 uulnerum
1148 4666 1221 4715 dolor
1236 4667 1325 4728 posito
1343 4669 1425 4730 primi
1439 4662 1525 4735 (pai)
1541 4676 1567 4723 et

287 4751 423 4806 scalenum
442 4745 502 4797 turn
520 4747 538 4799 b
556 4752 690 4814 protecturi,
710 4747 814 4814 rejecto
833 4746 868 4800 ad
887 4746 1042 4815 marginem
1060 4752 1175 4814 autumari.

355 4832 375 4895 ⁹)
395 4831 428 4882 tl¹
442 4837 557 4898 impietus
577 4831 654 4897 aediti
673 4835 828 4899 inpietatis).
849 4836 877 4884 et.
895 4848 957 4884 mox
980 4838 1046 4885 [lora
1060 4836 1085 4884 Χ
1100 4832 1153 4885 Ab
1171 4832 1216 4898 aa
1228 4844 1289 4902 past
1307 4843 1385 4890 coast
1403 4842 1475 4901 illuc,
1493 4836 1567 4893 unde

288 4913 394 4983 vulgati
420 4920 487 4969 Dum
507 4920 531 4967 X
552 4920 603 4972 Cal.
622 4921 673 4972 dul.
693 4928 752 4986 port
776 4924 930 4971 eonculutuur
955 4920 998 4970 Illi
1020 4923 1069 4972 uiri
1091 4922 1233 4972 clarissimi.
1273 4917 1448 4978 Mendaeum
1471 4928 1568 4981 auten
