3204 5506
245 350 307 415 «532
669 356 696 402 s.
717 352 899 402 asasrssn
923 352 948 398 n
970 348 1083 396 enine

115 534 150 598 (a.
167 518 389 602 lsaisaperius
413 515 594 578 dictasunt
618 508 794 573 sentientes
818 505 1034 568 anathematis
1057 503 1178 567 ultione
1196 505 1417 584 damnamus,
1440 506 1533 568 susei-

245 622 369 707 pientes
392 613 636 680 duodecimilia
659 610 816 693 capitula,
850 629 932 692 quae
961 606 1160 671 venerandae
1184 607 1374 671 memoriae
1399 606 1534 691 cyrillus

246 718 485 786 Alexandrinae
508 713 659 779 ecclesiae
683 712 843 796 quondam
866 708 1123 793 archiepiscopus
1138 707 1289 792 scripsit.
1332 707 1534 774 Confitemur

246 827 353 888 autem
382 818 586 903 unigenitum
609 815 667 878 Dei
692 813 808 876 Filium
836 815 868 875 et
897 811 1014 892 Deum,
1052 811 1106 894 qui
1139 810 1326 875 secundum
1362 810 1534 876 veritatem

246 926 350 989 factas
374 924 423 985 est
445 921 554 989 homo,
588 916 750 980 dominum
773 917 917 978 nostrum
939 913 1049 977 Jesam
1074 911 1240 977 Christum
1265 914 1535 979 consubstantia-

245 1028 308 1091 lem
332 1024 419 1088 Patri
443 1021 616 1085 secandum
639 1017 850 1098 divinitatem,
875 1019 907 1079 et
930 1015 1240 1079 consubstantialem
1265 1016 1370 1080 nobis
1390 1018 1536 1083 eumdem

245 1131 349 1213 ipsum
373 1122 546 1189 seeundum
569 1120 818 1184 humanitatem:
849 1117 903 1201 qui
931 1115 1096 1179 descendit
1123 1120 1155 1180 et
1183 1117 1392 1183 incarnatus
1422 1123 1474 1184 est
1500 1120 1537 1184 de

248 1230 369 1314 Spiritu
397 1229 509 1289 sain-to
538 1245 576 1286 ex
600 1222 702 1285 illaria
731 1221 855 1302 virgine
885 1218 1050 1300 theotoco,
1080 1216 1140 1281 hoc
1163 1220 1229 1299 est,
1263 1217 1330 1283 Dei
1361 1222 1536 1305 genitrice,

249 1354 346 1395 urium
372 1328 484 1392 lilium
508 1347 571 1390 non
596 1324 673 1387 duos
696 1323 858 1387 exsistere.
904 1319 1007 1384 Unius
1035 1340 1172 1403 namque
1200 1319 1348 1385 dicimus
1373 1323 1538 1409 unigeniti

250 1433 321 1496 Filii
346 1431 404 1494 llei
428 1429 493 1491 sive
516 1424 670 1490 miracula
694 1423 759 1486 sive
782 1423 880 1487 etiam
903 1422 1077 1506 passiones,
1104 1443 1184 1506 quas
1206 1428 1335 1506 sponte
1360 1446 1425 1509 pro
1447 1425 1539 1489 nobis

249 1555 345 1599 carne
369 1529 530 1594 sustinuit.
570 1525 634 1590 Eos
657 1528 773 1607 autern,
798 1525 849 1609 qai
874 1524 1020 1588 dividunt
1042 1525 1091 1586 vel
1114 1522 1329 1589 confundunt
1353 1530 1417 1590 aut
1439 1528 1539 1612 phan-

248 1636 365 1700 tasiam
388 1633 527 1717 aliquam
550 1626 768 1709 introducunt,
792 1648 995 1710 nequaquam
1016 1624 1146 1689 omnino
1161 1625 1366 1709 recipimus:
1392 1628 1473 1712 quia
1494 1630 1539 1694 in·

250 1735 394 1801 carrnatio
416 1733 487 1813 illa,
519 1752 615 1814 quam
638 1727 697 1791 Dei
727 1728 868 1813 genitrix
891 1727 1064 1791 secundum
1093 1726 1266 1790 veritatem
1296 1750 1341 1792 ex
1368 1751 1406 1795 se
1429 1730 1537 1813 edidit,

250 1839 457 1923 augmentum
483 1832 554 1896 Filii
577 1854 643 1894 non
665 1830 835 1915 enaiim:
864 1829 983 1892 mansit
1006 1829 1091 1892 enim
1111 1828 1277 1911 Trinitas,
1303 1831 1416 1896 etiam
1437 1833 1538 1897 incar·

250 1943 336 2021 nato,
360 1937 443 2023 quod
465 1957 563 1998 unum
587 1955 624 1996 ex
637 1932 796 1995 Trinitate
820 1935 879 2012 est,
904 1930 1010 1994 Verbo
1034 1930 1103 1994 Dei.
1149 1929 1243 1995 Haec
1266 1931 1391 2017 itaque
1414 1934 1539 2020 scripsi-

249 2064 335 2122 muS,
370 2060 435 2102 non
463 2037 558 2101 fidem
586 2038 759 2109 amantes,
795 2032 849 2096 scd
880 2032 968 2095 vobis
999 2053 1093 2096 cause
1122 2032 1322 2098 concordiae
1347 2036 1539 2102 satisfacere

250 2142 425 2227 cupientes.
464 2141 601 2203 Omnem
624 2139 740 2207 autem,
765 2135 818 2218 qui
842 2134 936 2198 aliter
958 2134 1057 2197 sentit
1079 2133 1257 2198 senseritve
1281 2156 1346 2201 seu
1370 2158 1466 2204 nune
1487 2160 1538 2204 seu

251 2242 421 2328 aliquando
444 2242 477 2303 in
500 2259 687 2323 (quocunque
714 2236 784 2300 loco
811 2237 860 2299 vel
891 2236 925 2300 in
948 2235 1090 2319 quolibet
1112 2235 1269 2315 coneilio,
1312 2238 1539 2305 anathematis

252 2368 355 2430 poena
377 2342 595 2426 percellimus,
620 2339 790 2423 praecipue
813 2359 887 2401 vero
903 2336 1087 2401 Nestorium
1109 2340 1141 2401 et
1156 2335 1390 2421 Eutychetem
1413 2342 1539 2407 univer·

252 2468 376 2529 sosque,
401 2444 453 2528 qni
477 2443 540 2505 illis
563 2442 754 2504 assentirmt.

338 2548 367 2610 l.
404 2546 521 2609 Vestra
544 2545 644 2628 igitur
666 2543 845 2605 reverentia
874 2540 1050 2625 suscipiens
1072 2540 1166 2604 fidem
1187 2545 1364 2627 nostram,
1394 2543 1486 2610 hanc
1506 2568 1538 2609 se

252 2647 389 2734 praesuli
414 2647 578 2709 llonianae
606 2644 758 2708 ecclesiae
781 2643 955 2707 Anastasio
985 2642 1120 2706 asseruit
1146 2643 1349 2710 relaturam:
1380 2668 1481 2730 quem
1507 2652 1537 2711 et

252 2752 398 2835 paratum
422 2747 572 2811 exsistere
595 2746 793 2813 memorabat
821 2745 1060 2809 satisfacturum
1090 2743 1169 2825 illis,
1203 2745 1317 2831 quw)
1347 2748 1536 2813 fuissente

252 2853 345 2917 nobis
367 2873 425 2934 pro
448 2849 507 2912 hac
532 2871 626 2911 (arrasa
649 2847 840 2910 transmissi.
879 2845 961 2909 Illud
984 2846 1081 2909 etiam
1103 2845 1281 2929 asserebat,
1309 2852 1433 2914 eontra
1455 2850 1534 2915 haue

252 2956 347 3019 tidem
369 2953 566 3031 Dioscoram,
591 2949 792 3013 Timotheum
817 2947 1007 3031 Petramque
1030 2946 1177 3030 sensisse,
1208 2952 1349 3014 nostrae
1370 2951 1534 3036 quondam

324 3211 353 3275 ¹¹³)
371 3208 397 3260 h.
414 3228 447 3267 c,
466 3222 520 3258 non
539 3206 639 3269 etti-cit,
658 3206 688 3257 ut
707 3205 797 3256 essent
815 3203 869 3255 duo
889 3203 943 3256 lilii.
974 3204 1017 3255 Aa
1035 3201 1185 3255 tollendam
1199 3206 1300 3257 autem
1313 3206 1534 3277 ambiguitatem

252 3293 378 3347 Valesius
396 3291 470 3359 apud
489 3291 637 3358 livugriuru
657 3288 741 3342 latine
761 3287 905 3345 convertit.
923 3293 1090 3341 acresa'oncm
1108 3294 1214 3340 allerias
1222 3293 1276 3354 filia·
1287 3309 1341 3344 non
1352 3296 1457 3360 effecit.
1474 3291 1536 3346 lieet

253 3395 307 3432 vox
326 3383 431 3431 allerias·
450 3394 539 3442 neque
558 3375 585 3427 in
603 3390 705 3440 grareco
724 3375 826 3431 exstat.
854 3388 943 3438 neque
961 3371 1035 3440 apud
1052 3370 1213 3425 Liberorum
1235 3370 1266 3425 in
1286 3372 1384 3429 latina
1402 3374 1535 3447 interpre-

253 3464 337 3517 tione.
375 3462 452 3514 llane
471 3459 550 3512 unius
568 3474 705 3528 personae
724 3457 751 3510 iu
765 3456 873 3510 Christo
892 3456 972 3509 tidem
987 3453 1154 3525 Augustinus
1173 3455 1535 3527 epist.140(ol.ltb)u.12

254 3549 295 3601 ita
312 3546 443 3599 illustrat:
469 3548 540 3596 Sient
558 3550 620 3596 caira
640 3563 703 3595 ariano
723 3562 770 3595 raon
789 3554 895 3610 acciperat
913 3561 1029 3593 arenaeraa
1048 3560 1228 3608 personarum,
1252 3563 1330 3611 qaam
1350 3552 1461 3600 aceedit
1476 3564 1536 3599 rm

254 3638 360 3687 onisirae.
378 3636 416 3682 sie
434 3650 483 3682 aon
501 3640 607 3695 carpetas·
626 3648 740 3680 nazarenns
757 3646 930 3695 personarum,
955 3647 1026 3694 qaum
1043 3630 1141 3679 accedit
1159 3629 1230 3679 homo
1248 3630 1351 3688 Verbo,
1376 3641 1407 3684 ut
1423 3637 1461 3685 21⁰1
1477 3650 1536 3685 um

257 3721 379 3768 caracae.
415 3713 510 3779 anue
529 3730 637 3765 rursum
656 3712 763 3765 ratione
785 3713 888 3782 probat
911 3728 993 3764 unam
1012 3709 1112 3763 Christi
1136 3710 1329 3765 confitendam
1354 3731 1421 3769 ene
1445 3732 1537 3787 pem

256 3817 330 3859 nam.
350 3821 380 3852 ae
400 3820 448 3850 aeva
466 3804 576 3857 blattas,
596 3803 642 3850 sert
660 3801 818 3865 quarto-nina
836 3801 980 3848 inducatur.

325 3886 355 3952 ¹²)
375 3884 417 3936 lta
433 3882 525 3935 locmn
543 3898 576 3934 ex
595 3881 628 3934 G·
643 3880 709 3934 ‹³1²1›
728 3880 906 3946 restituimus,
924 3879 976 3932 uisi
995 3879 1069 3947 quod
1082 3878 1116 3932 G*
1129 3886 1172 3949 qai
1188 3884 1349 3947 alliciunt.
1380 3887 1423 3939 0¹⁰
1434 3887 1536 3941 omittit

254 3990 304 4039 pro
323 3970 350 4020 ct
369 3978 467 4026 contra,
487 3982 604 4032 moxque
622 3964 720 4018 scribit
731 3977 835 4018 norbae
853 3969 950 4034 occidens
968 3970 1085 4017 civitatis.
1116 3962 1204 4017 Valde
1222 3967 1325 4020 autem
1345 3970 1482 4041 captiosa
1498 3976 1536 4025 eat

255 4056 325 4108 haec
343 4051 583 4122 apocrisiariorum
602 4049 725 4103 assertio.
761 4049 806 4102 Sic
826 4049 898 4103 enirn
919 4048 1081 4115 loquuntur,
1105 4047 1184 4115 quasi
1206 4048 1296 4104 fidem
1318 4050 1456 4123 ipsorum
1478 4074 1537 4127 pm·

256 4139 357 4192 barent
374 4135 543 4205 apostolicae
562 4135 634 4188 sedis
652 4134 747 4217 legati.
771 4136 854 4202 atque
873 4132 901 4185 id
919 4134 1028 4187 tanturn
1046 4132 1190 4202 exigerent
1207 4134 1245 4188 ab
1265 4134 1320 4203 eis,
1347 4141 1383 4193 ut
1401 4138 1537 4210 siquidem

257 4224 292 4275 ab
311 4221 359 4274 illa
377 4220 430 4273 tide
450 4219 645 4273 discordabant
664 4219 818 4274 llioscorus.
837 4217 998 4271 Timotheus
1017 4235 1049 4271 ac
1067 4218 1172 4277 Petrus,
1190 4234 1292 4273 eorum
1311 4222 1409 4279 etiam
1428 4226 1537 4280 nomina
1574 4216 1581 4229 ’

257 4324 272 4359 e
290 4306 374 4359 sacris
392 4304 530 4373 diptychis
549 4303 716 4372 dispungere
734 4320 789 4355 non
808 4302 975 4356 dubitarent⁴
1008 4303 1044 4355 At
1062 4302 1151 4367 fidem,
1168 4301 1197 4356 in
1215 4320 1277 4372 qua
1295 4322 1359 4361 non
1371 4310 1463 4364 modo
1474 4310 1537 4365 Lea

257 4391 298 4444 nis
316 4392 407 4443 tomus
426 4389 474 4442 sed
492 4388 722 4442 t¹alelaedonensis
741 4387 825 4441 etiarn
844 4386 964 4454 synodus
983 4386 1085 4446 siletur.
1108 4389 1144 4449 et,
1166 4389 1198 4440 ut
1213 4388 1306 4443 verbo
1327 4391 1440 4453 diem
1457 4394 1536 4449 liena

257 4475 303 4528 tici
322 4475 432 4544 saepias
451 4491 467 4527 a
486 4473 626 4527 catholicis
645 4472 787 4541 reprobati
806 4475 932 4541 apertam
955 4489 987 4525 ac
1005 4489 1110 4525 meram
1128 4471 1338 4541 professionem
1358 4494 1379 4532 a
1397 4478 1537 4550 prudenti-

256 4558 308 4611 bus
327 4557 497 4627 apostolieae
516 4558 588 4611 sedis
606 4557 707 4625 legatis
726 4555 873 4609 admissam
893 4574 958 4610 esse.
977 4556 1037 4625 qun
1050 4555 1102 4609 sibi
1114 4555 1306 4625 persuadeat?
1341 4560 1405 4617 Sed
1421 4566 1454 4620 et
1469 4565 1536 4619 hane

258 4643 475 4711 qualemcunque
495 4643 557 4696 lirici
576 4643 730 4701 sonandam,
754 4658 824 4708 qnae
843 4640 975 4695 Dioscoro
995 4644 1079 4710 atque
1097 4640 1247 4695 Timotheo
1266 4642 1331 4699 vita
1350 4647 1461 4704 functis
1477 4664 1536 4704 con

257 4727 368 4783 cinnatu
387 4731 436 4791 est,
455 4728 552 4780 horum
571 4728 773 4781 laaereticorum
797 4725 860 4779 fidei
886 4729 1097 4780 ramesensem
1121 4724 1204 4779 ruisse
1221 4742 1311 4781 nemo
1332 4730 1422 4787 facile
1439 4733 1536 4805 proh-

257 4811 336 4865 verit.
372 4814 518 4880 Nunquam
537 4811 608 4864 enim
623 4812 767 4866 Dioscorus
787 4813 821 4863 ab
835 4809 995 4878 lhrtyehetis
1014 4809 1183 4869 defensione,
1205 4811 1318 4867 nedum
1339 4814 1369 4871 ei
1388 4818 1536 4873 amthem

258 4894 369 4955 diceret,
390 4896 506 4950 abstitit.
