3224 5506
140 364 204 430 364
616 380 643 428 s
660 379 800 428 aanasn
823 379 938 425 rainu
985 408 988 413 .

31 548 125 596 aeae.
138 536 310 599 testatione
333 533 488 597 bellorum
511 534 561 596 vel
583 534 672 597 nulla
694 534 823 617 penitus
846 528 895 596 iel
918 533 1035 617 exigua
1056 534 1281 597 remanserunt
1266 478 1464 615 turs1¹¹

139 637 236 700 steria
259 638 468 700 renoventur:
499 639 657 719 qnatenus
680 634 730 698 his
754 635 821 699 Deo
844 635 982 718 propitio
1004 636 1174 717 restitutis,
1203 634 1239 698 in
1261 571 1464 723 ecclesii

138 739 227 802 sticis
250 738 404 822 gradibus
431 738 644 822 subrogandis
672 760 832 802 curionum
860 740 1068 821 paternorum
1101 759 1139 801 ve
1141 740 1193 802 tus
1141 736 1324 802 tiorma
1341 668 1458 800 §dte
1355 740 1464 901 ff)

138 844 247 924 vetur,
282 861 342 904 neo
366 843 439 904 cont
441 862 478 903 ra
500 862 553 904 oos
576 839 642 904 ulla
664 839 788 903 ratione
816 839 1017 923 praevaleat,
1045 839 1129 954 quod
1152 860 1212 923 pro
1234 806 1415 903 accidenff

137 942 243 1007 defect
228 946 281 1007 tus
304 941 442 1005 remedio
464 941 659 1026 providetur,
685 964 752 1006 non
774 942 924 1007 adversus
947 942 1029 1006 scita
1051 937 1210 1026 majorum
1232 963 1316 1006 nova
1332 861 1464 1079 leffl

136 1043 392 1131 proponiu1r⁴⁰):
421 1045 534 1108 ceteris
563 1044 706 1109 ecclesiis
735 1045 776 1108 ab
803 1044 864 1109 hac
887 1043 1053 1108 occasione
1077 1043 1296 1127 cessantibus,
1328 990 1464 1156 quael}

137 1170 201 1212 non
225 1146 322 1211 simili
345 1145 433 1210 clade
455 1150 597 1210 vastatas
619 1147 800 1231 pristinam
810 1147 967 1211 faciendis
985 1145 1244 1210 ordinationibus
1260 1098 1464 1211 conveni&

137 1252 247 1314 tenere
269 1248 474 1312 sententiam.
513 1247 581 1324 Quo
603 1249 707 1334 magis
729 1248 791 1314 hac
813 1249 1056 1334 opportunitate
1079 1249 1281 1330 commoniti,
1305 1242 1464 1313 obser-

137 1351 280 1416 vantiam
297 1351 565 1443 ‘venerandorum
594 1373 753 1416 canonum
775 1352 964 1436 propensius
987 1351 1236 1437 ‹lelegum1n¹¹),
1269 1349 1407 1435 sirrgulo
1462 1353 1464 1358 ’

136 1476 207 1519 rum
230 1452 388 1537 graduum
417 1453 629 1518 conscientias
658 1454 882 1536 admonentes,
911 1476 952 1518 ηε
980 1455 1014 1518 in
1042 1453 1174 1523 illicitos
1201 1474 1411 1538 prorumpere

136 1557 311 1620 moliantur
344 1577 505 1638 excessus,
542 1555 650 1641 nee⁴²)
682 1555 733 1620 fas
766 1578 834 1620 esse
869 1557 1009 1620 confidat
1041 1556 1174 1640 quisque
1207 1555 1413 1641 pontificum,

137 1659 297 1744 bigamos,
334 1661 391 1721 aut
419 1658 569 1742 conjugia
596 1658 767 1722 sortientes
795 1659 836 1723 ab
859 1658 930 1722 aliis
953 1658 1121 1736 derelicta,
1155 1658 1224 1723 sive
1253 1658 1417 1743 quoslibet

136 1760 257 1846 post⁴³)
280 1759 523 1844 poenitentiam,
547 1758 596 1823 vel
619 1760 688 1823 sine
711 1759 838 1841 litteris,
869 1760 918 1824 νε]
942 1782 1074 1846 corpore
1094 1761 1239 1844 vitiedos,
1264 1760 1318 1826 vel
1343 1782 1418 1826 con-

137 1863 334 1944 ditionarios,
358 1864 415 1925 aut
431 1861 543 1925 euriae
566 1862 828 1946 publicarumque
851 1883 958 1927 rennn
977 1863 1112 1927 nexibus
1134 1862 1338 1947 implicatos,
1363 1866 1421 1927 aut

136 1965 256 2050 passini
279 1963 367 2028 nulla
388 1964 541 2047 temporis
565 1965 773 2051 congruentis
790 1965 1077 2051 exspectatione)
1096 1966 1273 2047 discussos,
1299 1965 1420 2030 divinis

135 2067 308 2132 servituros
331 2066 493 2150 applicare
516 2067 691 2150 mysteriis3
726 2068 877 2153 neque⁴⁵)
899 2089 958 2151 pro
980 2089 1037 2132 suo
1059 2067 1153 2131 libitu
1164 2068 1245 2150 jura
1261 2068 1422 2133 studeant

135 2169 241 2234 aliena
255 2168 439 2253 pervadere,
457 2168 575 2252 absque
588 2169 670 2232 sedis
683 2169 875 2254 apostolicae
887 2170 977 2254 justa
992 2170 1204 2253 dispositione
1219 2170 1419 2236 mandante.

64 2274 123 2343 IV.
219 2272 251 2335 4.
282 2269 438 2334 Basilicas
460 2271 586 2334 noviter
607 2270 774 2335 institutas
796 2293 861 2336 non
884 2273 995 2356 petitis
1017 2295 1055 2337 ex
1069 2294 1158 2337 more
1174 2273 1422 2359 praeceptioni-

134 2373 241 2460 bus⁴⁶)
264 2372 410 2437 dedicare
432 2394 499 2437 non
521 2373 669 2437 audeant.
714 2372 789 2438 Non
812 2374 957 2440 ambiant
978 2375 1108 2440 sibimet
1128 2374 1304 2441 vindicare
1328 2375 1422 2443 cleri·

136 2497 189 2542 cos
210 2474 380 2560 potestatis
403 2474 537 2539 alienae.

78 2581 119 2646 V.
217 2577 247 2642 5.
264 2576 474 2660 Baptizandis
488 2578 779 2662 consignandisque
790 2579 936 2643 fidelibus
943 2580 984 2664 ⁴⁷)
990 2579 1095 2665 pretia
1108 2578 1200 2643 nulla
1212 2582 1419 2667 praeligant,

135 2703 196 2745 nec
217 2679 416 2743 illationibus
439 2679 633 2763 quibuslibet
655 2681 814 2765 impositis
837 2682 1001 2767 exagitare
1025 2681 1158 2766 cupiant
1183 2688 1419 2749 renascentes.

20 2769 119 2904 lllstlg·
133 2782 285 2867 quonium
307 2780 391 2864 quod
418 2781 520 2867 gratis
549 2783 745 2867 accepimus,
780 2783 883 2869 gratis
914 2784 989 2849 dure
1017 2783 1221 2849 mandamur.
1271 2784 1320 2850 Et
1349 2786 1421 2852 ideo

133 2884 216 2948 nihil
246 2906 264 2948 a
293 2883 465 2967 praedictis
499 2906 628 2968 prorsus
659 2886 787 2971 exigere
815 2885 1006 2969 moliantur,
1045 2908 1107 2970 quo
1134 2885 1187 2950 vel
1215 2891 1420 2973 paupertate

136 2988 272 3072 cogente
294 2985 449 3069 deterriti,
473 2983 523 3049 νε]
544 2987 769 3071 indignatione
791 2988 930 3053 revocati
953 2938 1184 3072 redemptionis
1199 3013 1285 3056 suae
1301 3013 1420 3056 causas

136 3089 223 3152 adire
245 3088 440 3171 despiciant:
475 3092 596 3152 eertum
624 3088 795 3173 habentes,
830 3090 914 3173 quod
941 3091 995 3175 qui
1022 3090 1188 3175 prohibita
1215 3092 1419 3176 deprehensi

135 3191 258 3255 fuerint
280 3190 460 3274 admisisse,
492 3191 543 3255 vel
566 3191 734 3255 commissa
756 3213 822 3256 non
844 3194 951 3276 potius
978 3216 1037 3257 sua
1058 3196 1175 3278 sponte
1198 3194 1419 3279 correxerint,

136 3292 312 3377 periculum
335 3293 469 3358 subituri
494 3293 614 3377 proprii
636 3295 703 3358 sint
724 3293 864 3359 honoria.
1089 3276 1095 3287 ⁸

203 3500 236 3566 ⁴⁰)
254 3496 334 3551 Solus
354 3496 380 3550 d¹
400 3507 590 3565 proponuntur,
609 3498 815 3568 refragantibus
828 3516 890 3554 mss.
905 3500 935 3553 et
951 3497 1041 3554 editis.
1071 3497 1180 3554 Deinde
1192 3498 1233 3553 Ι)ο
1247 3500 1362 3556 omittit
1373 3506 1421 3561 ab:

136 3599 254 3650 moxque
276 3587 409 3652 pristinam
429 3586 583 3649 facientibus
604 3589 789 3638 ordinationem
806 3590 921 3639 convena
942 3589 1034 3638 detrude
1056 3590 1261 3641 reverendorum
1281 3607 1418 3643 canonem.

136 3670 297 3735 (sarientibus
315 3666 399 3722 etiam
417 3667 461 3735 D',
474 3667 501 3721 dr
519 3672 598 3734 sactis
614 3667 697 3737 legit,
716 3667 745 3721 dr
757 3668 837 3723 addit
848 3675 1001 3738 comerrien
1017 3670 1082 3738 post
1093 3672 1232 3740 valolas).
1265 3671 1420 3743 Sequimur

136 3753 168 3807 Β1
182 3753 216 3806 E*
228 3751 262 3805 Fd
274 3751 314 3805 Fe
327 3752 353 3806 H
365 3753 381 3805 J
388 3753 410 3807 Ο
429 3754 457 3807 et
475 3753 545 3807 alios
564 3752 660 3807 editos.

204 3838 236 3906 ⁴¹)
254 3837 289 3890 Dl
302 3837 337 3890 Β]
349 3837 385 3890 D⁹
397 3837 432 3890 Fd
443 3837 484 3890 ΡΜ
497 3837 525 3902 d¹
539 3837 569 3891 d²
581 3843 720 3908 ddipamae.
748 3838 873 3894 Aliorum
889 3838 1016 3893 codicum
1028 3839 1124 3907 (etiam
1136 3839 1170 3893 Β1
1184 3840 1224 3894 H·
1237 3840 1303 3911 11¹³)
1320 3842 1420 3901 lectio·

135 3940 200 3978 nem
217 3923 310 3977 firmat
325 3922 394 3975 illud
413 3939 472 3992 cap.
488 3929 519 3978 13
537 3928 605 3993 qnod
622 3944 668 3978 nec
685 3931 826 3978 auctoritas
843 3930 928 3978 diuina
945 3931 1054 3994 derepere.

203 4010 236 4076 ⁴²)
254 4007 288 4061 Ι)1
308 4007 399 4076 prima
420 4024 515 4062 manu:
538 4029 569 4063 ne
590 4013 703 4075 forsitan
726 4028 782 4063 esre
804 4014 917 4076 confidat
938 4017 1043 4080 quisquae
1063 4016 1211 4080 pontificum
1235 4014 1358 4083 bigamas
1374 4027 1419 4069 aar

134 4098 255 4161 conjapr'a
272 4098 394 4155 sarriens,
413 4093 486 4147 unde
502 4093 575 4147 forte
588 4093 616 4147 d¹
630 4114 661 4149 ae
675 4099 789 4161 [oraim
800 4099 851 4149 sint
868 4100 959 4164 quique
970 4100 1114 4164 pontificum
1125 4099 1221 4165 tigoni
1231 4109 1280 4152 auc
1292 4106 1419 4169 conjunta

134 4185 285 4234 sortientes:
314 4176 402 4244 male,
420 4194 505 4245 quum
522 4194 578 4232 non
597 4178 631 4232 de
648 4178 825 4248 pontificibus
843 4179 892 4233 sed
911 4179 945 4233 de
964 4179 1041 4234 laicis
1058 4179 1223 4237 ordinandis
1241 4182 1291 4239 hic
1310 4184 1417 4257 agitur.
1440 4180 1450 4193 ⁹

202 4266 234 4329 ⁴³)
254 4264 292 4317 0¹⁰
308 4266 501 4331 poenitentiam,
518 4263 724 4333 refragantibus
741 4282 803 4318 uras.
824 4265 853 4319 et
869 4264 931 4319 aliis
949 4263 1039 4320 editis.

202 4349 236 4413 ⁴⁴)
254 4347 291 4400 Η0
309 4346 431 4402 secunda
447 4364 532 4402 manu
550 4348 600 4403 sed
618 4346 735 4417 antiqua
752 4355 949 4407 examinatione.

143 4438 148 4445 '
202 4432 236 4493 ⁴⁵)
254 4431 283 4485 d²
296 4436 448 4502 Nequiete.
462 4432 564 4502 etjam
580 4428 670 4488 totndr
683 4434 719 4488 ad
735 4452 811 4503 sequ.
826 4452 885 4506 cap.
900 4435 939 4490 IV
951 4435 1047 4507 (ipsius
1059 4436 1108 4504 III)
1121 4436 1225 4505 refert,
1242 4454 1333 4495 sensu
1349 4457 1418 4497 sane

136 4518 165 4571 ot
175 4516 210 4570 E'
228 4516 408 4587 suffragante.
436 4516 543 4572 Deinde
555 4517 592 4571 D⁶
607 4525 781 4589 praeoedere,
800 4537 920 4588 moxque
937 4521 975 4575 Η]
990 4521 1084 4592 prima
1101 4537 1187 4576 manu
1205 4526 1417 4593 dumnulina.

202 4600 235 4667 4θ)
254 4599 316 4655 Scil.
334 4607 403 4656 sedis
420 4608 592 4671 apostolicae,
615 4605 646 4658 ut
662 4604 735 4660 infra
753 4611 972 4676 capturaque
989 4612 1223 4676 praeceptumde
1239 4618 1415 4679 apostolicae.

135 4682 255 4763 Moxque
273 4702 315 4739 oe
332 4685 439 4741 addunt
455 4693 571 4757 episcopi
588 4691 664 4759 (post
681 4692 813 4759 ambiant),
833 4690 892 4744 sine
910 4690 1077 4747 auctoritate
1094 4708 1158 4747 mss

203 4769 236 4829 “l
255 4784 289 4822 ce
307 4754 414 4825 addunt
423 4777 581 4840 presbyteri,
600 4774 808 4844 refragantibus
821 4794 883 4830 mss.
908 4775 1023 4832 Deinde
1027 4776 1064 4830 Ι)9
1075 4783 1196 4845 cariam,
1215 4796 1346 4851 moxque
1357 4782 1418 4854 plu-

135 4865 180 4904 res
195 4867 259 4904 mas.
278 4851 304 4905 H
317 4854 361 4919 (ΗΙ
374 4856 411 4909 H*
423 4857 471 4925 Hl)
489 4864 641 4912 mandamaes.
666 4859 696 4914 (1²
708 4861 803 4915 autem
821 4866 1418 4939 aeci1›ineun...niu‘rprorm.aedaniqne

135 4933 170 4990 ΒΙ
189 4955 280 4991 causas
297 4941 427 4994 ηάὴίῠενε.
