3204 5506
492 382 694 430 raacrsrus
717 383 768 430 111.
1069 371 1071 374 ⁴
1211 364 1275 432 545

100 537 147 604 riis
165 537 305 603 motibus
328 538 557 618 demonstrare,
582 537 655 620 quia
678 558 744 600 non
765 535 970 620 phantastice
986 537 1018 598 et
1039 536 1195 620 putative,
1219 537 1275 602 sed

106 641 233 706 veritate
260 643 364 704 totum
392 638 554 702 hominem
577 638 707 703 indutus
736 643 785 703 est
811 637 899 703 Dens
927 638 1070 723 perfecte
1092 639 1273 704 adsumens,

100 749 129 809 [ιι
149 746 283 808 eosdem:
317 739 472 816 Quocirca
501 741 588 804 aliud
610 741 737 826 quidem
765 741 826 806 erit
853 740 1003 824 mortale,
1033 741 1120 805 aliud
1148 739 1275 826 quidem

100 867 134 909 er
159 844 221 909 hoc
248 843 439 908 immortale.
485 844 725 928 Consequenter
753 847 861 908 autem
888 847 922 908 et
948 843 1116 908 Timotheo
1132 844 1276 908 eamdem

100 969 148 1012 ens
163 946 343 1030 epistolam,
366 945 564 1030 prospiciens
579 944 736 1010 deiferum
758 945 930 1029 hominem,
953 945 1189 1031 proclamabat:
1217 967 1274 1010 me-

100 1061 164 1127 esto,
194 1053 298 1113 Iesum
322 1054 469 1112 Christum
492 1055 697 1113 resurrexisse
722 1071 741 1113 a
762 1055 888 1113 mortuis
909 1055 1081 1114 exsemine
1102 1053 1205 1114 Dauid
1232 1071 1275 1114 se-

100 1173 137 1215 rm
155 1157 343 1230 eounqetium
365 1171 472 1215 meum.

100 1257 129 1318 et
149 1261 221 1335 post
242 1273 355 1333 pauca:
377 1251 482 1316 Homo
505 1255 612 1316 autern
627 1253 730 1317 Deum
752 1253 870 1336 ferens,
894 1253 948 1336 qui
963 1254 1074 1317 mortis
1095 1253 1278 1336 passionem

100 1376 122 1418 e
150 1355 276 1419 constrit
298 1355 456 1418 sustinere
481 1359 612 1439 propter
640 1355 806 1420 hominum
827 1355 1017 1439 utilitatem,
1046 1355 1188 1439 palmam
1210 1355 1277 1440 qni-

104 1461 134 1521 et
157 1455 355 1539 certaminis,
379 1460 416 1520 ut
437 1457 483 1520 ita
507 1458 676 1522 dicendum
699 1459 752 1541 sit,
775 1458 930 1522 honorem
953 1462 985 1522 et
999 1460 1192 1543 potestatem
1207 1480 1277 1542 per·

105 1609 113 1642 ,
146 1562 179 1623 et
202 1559 257 1623 ubi
278 1558 433 1643 recipitur
454 1559 568 1644 gloria,
603 1583 699 1646 quarn
721 1582 924 1644 nequaquam
945 1560 1034 1644 prius
1056 1560 1222 1625 habuerat.

100 1662 144 1725 19.
189 1664 351 1743 Hippolyti
374 1663 558 1747 episcopi³⁶)
581 1673 613 1727 et
634 1666 781 1742 martyris
802 1666 940 1727 Arabum
960 1668 1140 1745 metropolis
1161 1668 1196 1727 in
1217 1683 1279 1729 rne-

100 1785 110 1828 ι
128 1767 305 1829 haeresum:
327 1761 391 1827 Hic
412 1763 588 1847 procedens
610 1765 645 1828 in
668 1765 822 1828 mundum
844 1764 930 1829 Deus
954 1768 986 1828 et
1000 1764 1095 1829 homo
1118 1766 1278 1851 apparuit.

102 1866 236 1929 ominem
259 1864 386 1949 quidem
409 1887 480 1929 eum
503 1864 598 1930 facile
621 1870 670 1930 est
691 1867 884 1951 intelligere,
908 1888 1006 1951 quum
1029 1867 1128 1931 esurit
1150 1871 1183 1931 et
1203 1867 1279 1931 fati-

100 1969 162 2030 ret
182 1967 309 2030 laborat
331 1969 363 2031 et
385 1968 455 2032 sitit
477 1971 510 2032 et
531 1969 682 2033 formidat
711 1973 744 2032 et
765 1967 866 2054 fugit,
896 1973 983 2052 orat,
1013 1969 1225 2033 contristatur
1246 1972 1279 2033 ct
1326 1965 1328 1967 ’

100 2090 110 2130 r
129 2068 276 2132 cervicali
298 2069 425 2153 dormit,
450 2092 467 2133 e
505 2071 636 2135 calicem
660 2072 781 2154 respuit
802 2071 971 2154 passionis,
996 2073 1029 2134 et
1043 2072 1158 2135 anxius
1173 2072 1277 2155 sudat,

100 2171 251 2256 sangelo
280 2173 539 2257 confortatore),
571 2177 604 2237 et
632 2197 651 2237 a
684 2172 769 2237 Juda
796 2173 948 2255 traditur,
984 2177 1017 2236 et
1051 2172 1277 2237 contumeliam

100 2271 143 2357 ur,
167 2296 185 2336 a
209 2271 332 2357 Caipha
355 2277 387 2338 et
402 2275 443 2338 ab
458 2273 585 2338 Herode
608 2275 792 2359 despicitur,
816 2273 956 2338 aPilato
971 2274 1165 2359 flagellatur,
1188 2275 1279 2359 eique

100 2373 214 2439 ibtibus
242 2375 398 2460 illuditur,
429 2381 460 2440 et
490 2375 661 2440 aJudaeis
689 2377 780 2462 ligno
809 2377 996 2461 configitur,
1030 2380 1062 2440 et
1088 2376 1129 2441 ad
1151 2376 1281 2440 Patrem

100 2497 156 2541 rans
183 2462 386 2542 commendat
412 2478 576 2562 spiritum,
611 2482 644 2542 et
672 2479 828 2544 inclinato
862 2479 966 2563 capite
994 2479 1142 2564 spiritum
1169 2479 1279 2561 tradit,

100 2580 231 2643 rlancea
253 2579 444 2663 perforatur,
474 2580 636 2644 involutus
664 2582 699 2646 in
727 2582 869 2666 syndone
891 2581 1022 2665 ponitur
1043 2581 1079 2645 in
1100 2580 1279 2666 sepulchro,

113 2679 203 2746 Patre
226 2682 278 2746 die
301 2684 397 2746 tertia
419 2682 601 2746 suscitatur.
625 2682 836 2748 Divinitatem
859 2705 933 2747 vero
955 2684 1023 2767 ejus
1044 2684 1152 2748 videre
1174 2706 1282 2748 rursus

100 2803 136 2847 1m
156 2789 215 2867 cst,
240 2784 367 2869 quando
389 2785 537 2849 laudatur
560 2785 600 2848 ab
623 2786 758 2871 angelis,
786 2789 818 2849 et
831 2784 928 2850 hoca
949 2784 1131 2869 pastoribus
1153 2786 1283 2871 inspici-

112 2888 141 2948 et
161 2888 365 2971 exspectatur
393 2910 411 2950 a
434 2885 581 2951 Simeone
605 2892 637 2951 et
660 2888 699 2951 ab
722 2888 820 2952 Anna
842 2887 1061 2951 testimonium
1082 2886 1280 2974 perhibetur,

1288 924 1381 978 arim.

1310 999 1364 1058 aa.

1295 2151 1360 2205 Luc.

1292 2225 1380 2283 22,43.

100 3070 119 3136 ⁸)
135 3070 218 3141 Cujus
238 3070 368 3127 ecclesiae
386 3072 409 3125 is
428 3072 573 3143 episcopus
591 3074 682 3140 merit,
700 3074 813 3127 minime
832 3071 985 3142 comperire
1003 3088 1031 3126 se
1049 3072 1172 3142 potuisse
1188 3072 1284 3126 Hiero-

100 3168 118 3206 ιι
135 3156 180 3210 lib.
202 3156 380 3226 descriptor.
402 3158 467 3212 eccl.
488 3158 620 3213 declarat.
655 3159 786 3213 Nonnulli
809 3160 904 3212 tamen
926 3158 1005 3210 illum
1028 3157 1173 3212 aGelasio
1191 3169 1285 3212 metro-

103 3246 212 3295 Arabum
230 3248 375 3310 episcopum
393 3259 448 3297 non
466 3243 523 3297 alia
540 3244 647 3297 ratione
666 3243 771 3297 dictum
789 3241 977 3312 suspicantur,
1000 3241 1052 3296 nisi
1073 3241 1149 3311 quod
1168 3243 1203 3295 ab
1221 3242 1285 3295 Hie·

100 3339 133 3381 no
153 3326 183 3379 in
206 3325 291 3380 citato
316 3342 399 3395 opere
426 3327 460 3380 de
482 3327 609 3397 scriptor.
634 3329 699 3382 cccl.
717 3327 829 3396 Beryllo
854 3327 984 3397 episcopo
1007 3326 1183 3393 Bostrorum,
1213 3344 1285 3395 quae

100 3424 140 3464 um
156 3411 319 3480 metropolis
337 3414 391 3478 est,
413 3412 539 3481 proxime
557 3411 711 3480 subjicitur.
747 3411 827 3476 Quod
849 3410 961 3480 quidem
980 3411 1134 3481 aegerrime
1153 3413 1285 3468 conceda-

121 3495 158 3549 Ut
175 3496 249 3550 errirn
267 3498 422 3563 taceamus,
444 3497 525 3551 valde
545 3497 650 3551 sutilem
670 3514 728 3552 esse
745 3497 905 3568 hujusmodi
923 3496 1072 3564 rationem,
1100 3499 1175 3552 certe
1192 3497 1216 3551 si
1234 3498 1286 3552 Ge·

100 3611 101 3622 .
120 3580 295 3651 episcopatus
311 3581 457 3651 Hippolyti
475 3582 604 3636 notitiam
627 3600 660 3635 cx
678 3598 732 3635 uno
751 3581 914 3651 Hieronymi
931 3588 963 3636 de
981 3587 1150 3650 scriptoribus
1167 3590 1287 3637 ecetesia-

105 3664 275 3734 snmpsisset,
293 3666 366 3720 hunc
385 3667 462 3735 cujus
481 3667 611 3722 ecclesiae
631 3668 703 3721 esset
721 3666 867 3737 episcopus
888 3685 918 3722 se
934 3683 991 3721 non
1009 3666 1087 3735 scire,
1107 3684 1169 3722 curn
1187 3668 1286 3722 eodem

100 3763 113 3800 s
130 3749 249 3804 dixisset.
292 3750 445 3806 Cotelerius
464 3752 576 3806 monim.
595 3752 660 3805 eccl.
681 3752 778 3807 Gracc.
798 3753 865 3805 torn.
878 3753 903 3805 ΙΙ
922 3752 973 3807 col.
986 3759 1048 3819 639,
1072 3771 1135 3807 eum
1158 3770 1191 3807 ex
1214 3754 1286 3808 male

100 3837 159 3889 ectr)
178 3835 289 3889 Eusebii
307 3836 340 3889 H.
353 3836 384 3889 H.
404 3836 450 3903 VI,
463 3843 496 3890 20
513 3837 574 3891 loco
594 3837 692 3891 salsum
714 3855 773 3891 esse
796 3838 933 3892 observat.
971 3837 1163 3892 Theodoretus
1184 3838 1214 3890 in
1232 3855 1287 3892 mc—

100 3917 135 3973 tis
151 3918 269 3990 dialogis
287 3938 350 3974 enm
369 3921 531 3991 simphciter
549 3921 708 3991 episcopum
728 3923 756 3976 et
773 3924 926 3990 martyrem
944 3922 1080 3992 appellat;
1098 3922 1147 3977 sed
1160 3924 1189 3975 et
1201 3941 1287 3992 quarn

100 4019 130 4059 Ra
146 4006 214 4059 citat
232 4005 291 4073 ejus
310 4021 408 4075 opera,
430 4006 536 4059 nullum
560 4013 591 4060 de
609 4013 726 4061 ruenroriu
744 4011 875 4061 haeresum
898 4007 1002 4061 laudat.
1039 4007 1098 4061 Hoc
1116 4009 1207 4077 ipsum
1224 4024 1288 4077 pro-

100 4086 152 4144 iter
168 4089 314 4159 Hippolyti
332 4108 401 4160 opus
420 4094 469 4156 est,
488 4091 563 4161 quod
581 4091 715 4146 Eusebius
733 4092 811 4146 HE.
830 4092 877 4157 VI,
891 4099 924 4146 ‘22
948 4094 977 4146 et
993 4092 1179 4162 Hieronymus
1197 4105 1289 4146 eontra

100 4189 106 4221 t
122 4179 240 4230 teneres
257 4182 366 4229 vocant.
405 4175 467 4247 [Est
478 4176 625 4246 Hippolyti
642 4190 733 4231 contra
744 4182 844 4235 haeres.
859 4182 937 4233 Noe'ti
952 4178 1042 4244 locus3
1061 4178 1133 4234 coni.
1145 4177 1289 4246 Ddllinger

100 4267 178 4327 clytus
194 4265 247 4314 und
265 4264 399 4315 Kottistus.
428 4262 613 4330 Regensburg
632 4268 705 4317 1853.
736 4279 802 4332 pag.
816 4261 905 4331 8988]

101 4344 124 4411 ⁷)
139 4343 321 4415 Hippolytum
338 4344 375 4411 id,
394 4344 469 4412 qrrod
487 4345 577 4401 Lucae
596 4353 637 4413 22,
649 4354 681 4401 42
705 4348 739 4401 de
762 4347 863 4416 angelo
881 4346 1031 4401 Dominum
1049 4347 1224 4401 confortante
1243 4348 1290 4401 ha-

100 4426 229 4498 elegius
241 4428 306 4482 hinc
317 4427 414 4498 liquet,
433 4431 559 4498 quamvis
571 4431 692 4485 Hilarius
706 4433 740 4485 de
749 4430 825 4486 Trin.
840 4431 872 4485 X.
892 4450 918 4486 ιι.
932 4438 963 4485 41
983 4432 1012 4486 et
1024 4430 1208 4498 Hieronymus
1227 4432 1289 4485 adv.

100 4522 122 4577 ζ.
137 4512 181 4568 lib.
195 4514 221 4567 Π
238 4514 268 4568 in
286 4515 394 4583 graecis
418 4517 447 4569 et
468 4516 561 4570 latinis
584 4515 724 4570 codicibus
742 4516 929 4585 complurimis
952 4516 986 4570 de
1008 4516 1062 4571 hoo
1083 4515 1153 4568 nihil
1175 4515 1291 4585 reperiri

100 4598 167 4652 ntur.
201 4598 375 4669 Epiphanius
392 4598 421 4652 in
439 4601 578 4655 Ancorato
597 4620 623 4654 ιι.
637 4609 668 4655 31
688 4601 761 4654 hunc
778 4601 870 4655 locum
885 4601 1006 4668 quadam
1019 4601 1220 4655 catholicorum
1237 4600 1291 4654 for-

100 4693 130 4734 ne
145 4684 284 4738 sublatum
302 4686 391 4753 putat.
429 4684 483 4738 Sed
501 4686 605 4740 ibidem
624 4687 761 4753 observat,
787 4687 932 4741 Irenaeum
950 4686 1028 4741 libs
1046 4704 1068 4740 c.
1082 4692 1115 4739 32
1139 4701 1172 4739 eo
1196 4685 1231 4739 ad
1251 4703 1292 4740 re·

100 4763 158 4821 udos
173 4767 341 4835 haereticos,
369 4769 416 4837 qui
435 4768 573 4823 Christum
596 4771 687 4840 specie
710 4773 789 4825 tenus
811 4770 952 4826 hominem
971 4770 1133 4841 apparuisse
1151 4771 1292 4835 volebant,

100 4848 172 4907 auser
197 4871 277 4907 usum
303 4870 369 4907 esse.
410 4854 545 4909 llumdem
572 4856 641 4924 legit
668 4859 697 4910 et
713 4855 839 4909 Juetinus
866 4856 894 4909 in
918 4856 1030 4926 dialogo
1055 4873 1117 4910 cum
1141 4855 1292 4925 Tryphone

100 4949 142 4989 reo.

100 5037 213 5080 aarum
228 5045 331 5085 nourr.
347 5045 458 5082 rostra.
478 5032 500 5082 1.
1049 5035 1088 5094 35
