3204 5506
235 337 297 400 880
674 353 701 400 s.
718 352 925 401 uonmsnae
948 352 1062 400 earne

128 518 220 567 aare.
234 508 320 575 beati
348 505 484 590 apostoli
511 503 600 568 Petri
626 527 723 568 unam
751 505 811 569 tibi
841 527 908 569 esse
937 506 1031 570 fidem
1058 506 1224 591 professus
1247 529 1291 590 es,
1319 509 1469 594 prophetica

122 581 221 711 {ff
234 612 313 675 libet
335 607 512 673 exclamare
535 606 680 670 licentia:
704 611 805 671 ‘Ecce
826 629 917 687 quam
938 614 1047 673 boreum
1069 620 1098 672 et
1120 631 1213 688 quam
1228 615 1392 689 jucundae
1409 617 1468 674 aaa·

235 726 302 777 tare
320 716 440 788 fratres
462 709 492 772 ia
515 716 625 772 nauta!
664 707 776 792 Neque
798 709 884 772 enim
905 709 1014 792 refert,
1037 732 1134 794 quam
1156 710 1343 795 longinquis
1362 711 1470 777 locorum

235 814 348 897 spatiis
370 811 563 893 dividamur,
593 810 719 894 quando
742 810 812 894 jam
834 809 902 874 Deo
924 815 1053 876 auctore
1081 835 1147 876 una
1170 812 1245 877 fidei
1271 812 1470 878 cohabitatione

236 914 471 999 conjungimur.
517 912 612 976 Nunc
640 912 724 975 enim
753 912 970 976 misericordia
996 917 1191 996 procurante
1213 888 1322 1002 divina
1347 915 1378 980 in
1401 916 1471 979 unius

236 1017 375 1101 corporis
404 1016 527 1078 vultum
555 1013 709 1097 dissipata
736 1013 812 1076 olim
841 1013 960 1079 Christi
988 1015 1133 1079 membra
1162 1018 1370 1099 conveniunt,
1397 1020 1424 1081 et
1443 1017 1471 1080 ab

234 1117 442 1202 iniquissimis
466 1116 590 1200 direpta
612 1115 790 1179 latronibus
806 1117 1000 1179 arnnuntiata
1015 1116 1214 1199 propheticis
1230 1118 1357 1182 vocibus
1370 1117 1471 1182 Domini

233 1220 337 1284 nostri
358 1218 596 1302 redintegratur
617 1216 809 1299 haereditas,
834 1221 866 1281 et
888 1239 960 1281 vere
983 1218 1017 1281 in
1040 1216 1136 1301 hujus
1158 1223 1273 1303 petrae
1294 1219 1368 1302 fide,
1394 1219 1471 1283 idest

234 1321 449 1406 apostolorum
470 1320 624 1403 principis
647 1317 808 1400 fininitate,
833 1318 1007 1382 Orientalis
1030 1319 1184 1384 ecclesiae
1199 1321 1404 1386 fundamenta
1420 1320 1472 1384 soli·

234 1425 360 1487 dantur.
404 1422 491 1497 Quae
513 1443 609 1505 quum
631 1421 719 1484 facta
741 1421 804 1485 tuis
826 1420 943 1485 litteris
964 1421 1164 1505 indicentur,
1188 1423 1377 1507 tempestiva
1396 1421 1471 1487 ensd-

133 1499 219 1631 ,lgfffi
232 1526 356 1589 tatione
384 1523 551 1588 dicendum
580 1525 642 1586 est:
689 1526 782 1597 Quum
809 1528 939 1603 speciosi
959 1528 1055 1602 pedes
1081 1530 1356 1603 evangelizarum
1377 1545 1470 1606 pacm,

233 1632 507 1706 evaapelizanninm
529 1630 627 1690 heac!

316 1729 347 1791 2.
383 1727 511 1792 Gratias
526 1727 627 1811 igitur
642 1725 928 1790 excellentissimae
944 1725 1108 1810 Trinitati,
1132 1749 1215 1812 quae
1232 1729 1472 1812 consentientes¹l

233 1831 266 1894 in
290 1829 418 1895 Christo
439 1829 604 1893 Ecclesiae
632 1851 670 1892 ac
697 1828 892 1912 reipublicae
915 1828 1003 1892 dedit
1030 1851 1098 1893 esse
1125 1833 1284 1894 rectores!
1330 1831 1473 1896 Enimvero

235 1953 354 2016 magna
382 1952 487 1994 rerum
515 1929 600 1994 salus
628 1934 692 2012 est,
723 1931 846 2013 quoties
874 1930 908 1993 in
936 1929 1009 1993 fidei
1039 1930 1217 1996 catholicae
1245 1932 1376 1997 veritate
1394 1952 1473 1995 sacer·

233 2034 322 2097 dotes
344 2054 382 2096 ac
404 2032 566 2116 principes
588 2054 678 2096 mens
693 2055 758 2095 unm
781 2031 954 2095 connectit.
993 2030 1063 2096 Hoc
1085 2033 1214 2097 firmum
1236 2036 1326 2118 pacis
1340 2033 1473 2098 vinculum

233 2138 291 2217 cst,
314 2135 394 2198 haec
417 2134 548 2198 coelitus
571 2134 701 2198 dimissa
724 2134 874 2215 societas3
896 2155 999 2218 neque
1015 2135 1101 2198 enim
1116 2135 1166 2199 fas
1182 2138 1243 2218 est,
1267 2137 1302 2200 in
1316 2134 1475 2220 qnosident

233 2236 418 2301 concordari
450 2237 664 2320 praepositae,
700 2234 786 2298 aliud
819 2237 938 2300 sentire
972 2236 1144 2320 subjectos.
1195 2239 1251 2301 An
1284 2238 1408 2302 dubium
1430 2240 1474 2317 est,

233 2341 349 2402 cuncta
370 2337 449 2401 haec
476 2338 709 2421 providentiam
737 2337 930 2419 disposuisse
957 2338 1114 2402 divinam:
1148 2337 1288 2422 primum
1318 2360 1386 2403 eum
1408 2339 1477 2422 prin·

233 2441 336 2524 cipem
351 2461 419 2503 esse
434 2439 601 2522 delectum,
625 2440 679 2524 qui
702 2461 798 2522 quum
818 2461 852 2503 se
874 2440 1038 2504 hominum
1060 2439 1238 2522 suscepisse
1259 2440 1382 2505 videret
1399 2441 1478 2524 impe

231 2543 329 2624 rium,
359 2563 424 2605 non
453 2563 487 2605 se
514 2541 631 2605 oblitus
653 2544 703 2605 est
730 2541 798 2605 Deo
828 2562 896 2605 esse
924 2542 1119 2625 subjectum,
1148 2541 1265 2606 dehinc
1294 2542 1377 2627 quod
1400 2541 1480 2606 talen

230 2643 469 2707 fraternitatem
490 2646 579 2706 tuam
596 2642 761 2707 Ecclesiae
783 2665 857 2707 suae
879 2644 1058 2727 praesulem
1080 2642 1184 2724 dedit,
1209 2665 1304 2728 quem
1326 2667 1390 2710 non
1414 2648 1483 2708 esset

232 2745 418 2829 ambiguum
441 2767 512 2808 cum
535 2745 608 2808 sede
630 2749 750 2826 nostra,
774 2745 807 2809 id
830 2748 878 2809 est
900 2746 1084 2828 apostolica,
1110 2748 1231 2810 certam
1254 2768 1484 2832 mansuramque

231 2845 303 2909 fidei
323 2846 502 2910 subiturum
525 2869 592 2910 esse
609 2846 833 2911 concordiam?
863 2845 993 2910 Etenim
1007 2846 1115 2911 libello
1131 2870 1149 2910 a
1164 2848 1258 2911 nobis
1275 2849 1349 2913 fidei
1364 2849 1486 2913 libenter

231 2951 379 3032 accepto,
410 2971 506 3032 quum
533 2948 816 3032 redintegrationis
843 2948 877 3011 in
900 2947 1028 3013 Christo
1052 2948 1152 3012 fueris
1180 2948 1309 3033 avidus,
1338 2973 1489 3036 nunqnam

231 3050 265 3113 in
287 3050 579 3134 praedestinatione
603 3049 710 3113 divina
733 3050 831 3113 fuisse
854 3072 873 3112 a
895 3050 988 3114 nuliis
1011 3050 1213 3135 cognosceris
1235 3050 1373 3117 ahenas.

315 3153 345 3216 3.
380 3150 503 3234 Itaque,
528 3151 733 3216 dilectissime
755 3151 865 3234 frater,
889 3151 950 3215 Dei
973 3153 1075 3216 nostri
1091 3155 1205 3236 sponte
1228 3155 1434 3219 currentibus
1454 3156 1493 3219 in·

232 3257 315 3317 state
349 3253 528 3336 beneficiis,
563 3254 665 3337 sparsi
699 3253 775 3317 olim
808 3253 916 3338 gregis
949 3254 1075 3338 plenius
1103 3253 1248 3318 membra
1284 3256 1443 3342 colligite,
1469 3262 1494 3321 et

232 3355 386 3419 custodite
415 3354 557 3445 collecta.
603 3355 764 3419 Memento
796 3376 883 3418 nune
912 3355 1084 3419 clementer
1112 3356 1301 3441 assignatae
1328 3380 1349 3421 a
1378 3358 1495 3425 Christo

231 3457 323 3521 navis
346 3479 414 3521 esse
435 3460 468 3521 te
491 3461 661 3521 rectorem:
688 3457 741 3521 fac
764 3456 886 3541 cogites
909 3457 1084 3521 diabolicae
1107 3459 1331 3523 contumaciae
1360 3462 1495 3546 spiritus,

230 3559 402 3644 quietem²)
425 3560 550 3623 itineris
573 3563 605 3623 et
634 3581 742 3623 curam
770 3558 954 3642 turbantes3
982 3582 1042 3624 nec
1070 3564 1101 3623 te
1128 3560 1254 3624 lateant
1282 3562 1405 3627 fluctus
1431 3569 1499 3628 tem-

230 3663 364 3746 pestatis
386 3661 544 3743 incertae,
569 3684 647 3745 quos
671 3660 779 3745 evigili
801 3664 910 3724 mente
932 3661 1124 3744 prospicias,
1154 3665 1187 3726 et
1215 3667 1328 3727 erecta
1351 3663 1388 3729 in
1406 3665 1500 3730 Deum

230 3765 354 3828 ratione
378 3765 604 3848 compescas³).
642 3761 740 3827 Nulla
761 3761 821 3825 tibi
845 3763 1003 3825 commissi
1018 3762 1141 3846 negotii
1155 3763 1369 3848 negligentia
1386 3769 1502 3832 clarum

230 3866 408 3930 ‹londnicae
431 3865 509 3928 ratis
533 3869 728 3949 extorqueat.
770 3863 852 3927 Illud
875 3864 1004 3928 unicum
1026 3864 1105 3941 recti
1127 3864 1255 3928 itineris
1280 3867 1417 3952 signum
1439 3869 1502 3934 fixis

230 3990 354 4052 semper
387 3967 551 4032 obtutibus
585 3968 725 4049 intuere,
765 3987 827 4050 quo
861 3966 978 4029 certius
1010 3965 1177 4050 perflantis
1212 3968 1340 4034 diaboli
1379 3973 1504 4036 turbata

231 4075 432 4150 contemnas,
462 4070 556 4132 etad
578 4069 725 4153 promissi
747 4071 858 4152 portus
881 4066 1056 4150 tranquilla
1077 4070 1258 4152 pervenias.
1306 4070 1404 4139 Haec
1425 4075 1505 4139 enim

230 4176 279 4235 cst
302 4171 476 4236 Christiani
499 4171 661 4254 palaestra
684 4171 883 4252 certaminis,
907 4170 964 4233 tali
984 4169 1103 4235 Christi
1125 4170 1266 4236 militiae
1289 4177 1505 4259 sempiternae

229 4273 314 4337 vitae
336 4274 443 4358 palma
465 4275 663 4358 proponitur.
1034 4298 1037 4303 ·

312 4377 343 4438 4.
377 4374 466 4439 Haec
481 4374 541 4438 tibi
556 4375 731 4439 rectissime
747 4373 905 4458 cogitanti
919 4396 984 4437 non
1005 4373 1105 4438 deerit
1119 4395 1177 4437 suo
1191 4375 1295 4442 militi
1310 4383 1506 4465 praesidium

228 4564 261 4613 80
298 4563 315 4628 ¹)
339 4561 373 4616 G¹
391 4564 418 4616 a'
437 4580 477 4617 oc
506 4570 685 4617 consereticnh's
714 4569 738 4615 in
770 4566 877 4616 Cristam
907 4565 1051 4625 Ecclesiae,
1081 4566 1146 4615 donc
1176 4566 1202 4630 (c
1215 4581 1233 4618 c
1261 4569 1305 4635 ac)
1339 4575 1507 4639 reipublicae:

229 4645 368 4701 nncndose.

295 4733 316 4798 ²)
335 4735 360 4784 cl
378 4748 434 4800 seq.
452 4740 557 4803 quictem
576 4740 674 4788 ilr'nerr's
696 4745 721 4787 ct
744 4754 829 4788 cetram
848 4737 990 4800 tardantes,
1013 4732 1059 4786 ubi
1073 4732 1106 4786 Gn
1121 4732 1158 4786 G⁸
1176 4740 1261 4802 quieti
1279 4744 1387 4795 itineris
1408 4754 1433 4795 et
1449 4761 1506 4795 rm

227 4818 360 4869 turbmrlia.
396 4817 460 4870 Mox
479 4819 520 4872 ed.
541 4825 632 4872 lulcnl.

295 4903 314 4970 ³)
334 4905 359 4953 cl
372 4918 428 4969 seq.
446 4924 605 4972 cornpcases,
626 4904 673 4955 noi
692 4905 724 4958 ll¹
740 4908 765 4957 a*
786 4925 945 4973 corriperem,
966 4903 1001 4958 θ’
1013 4924 1165 4973 compescas,
1186 4907 1346 4965 mallemus
1364 4930 1504 4982 rumpam.
