3204 5506
548 319 742 369 1111110111
764 311 816 370 48.
840 309 892 369 49.
1295 305 1358 371 839

88 476 135 541 bis
158 498 273 542 mensa
295 476 486 559 communis,
515 496 618 559 neque
647 474 688 538 ab
715 475 764 539 his
792 474 843 539 vel
865 475 1016 540 victualia
1038 477 1252 560 praesumatis
1275 478 1357 542 acci·
1370 487 1405 554 (a.
1417 490 1486 554 510.)

88 600 174 663 pere,
198 579 262 648 nisi
283 581 411 643 tantum
434 578 681 661 subvectionem,
706 578 734 642 si
757 599 852 642 causa
874 578 1074 663 poposcerit,
1098 581 1130 643 et
1153 577 1356 664 hospitalita-

88 685 164 766 tem,
189 704 230 745 ne
253 682 386 746 credant
408 703 441 744 se
464 681 594 744 omuino
616 680 780 744 fastidiose
802 679 979 763 despectos.

171 783 204 847 2.
239 782 343 859 Quum
365 785 471 848 autem
494 782 805 866 Constantinopolim
828 782 896 846 Deo
920 782 1092 866 adjuvante
1118 783 1289 867 veneritiS,
1319 784 1354 849 111

88 909 156 951 eam
181 885 369 973 secedite2),
398 908 494 970 quam
517 885 690 970 imperator
711 884 910 969 praebuerit,
933 884 1147 968 mansionem3
1176 889 1208 950 et
1231 886 1354 951 nullum

88 988 124 1053 id
154 987 383 1054 salutationem
410 991 549 1051 vestram
577 987 666 1072 prius
693 987 887 1071 permittatis
916 986 1079 1070 accedere,
1116 988 1258 1072 exeeptis
1288 988 1349 1073 his,

88 1113 164 1176 puos
186 1091 254 1174 ipse
276 1090 400 1154 miserit
422 1091 596 1174 imperator
611 1092 667 1154 aut
682 1111 759 1174 quos
781 1092 910 1154 nostrae
934 1089 1165 1175 communionis
1188 1112 1256 1154 esse
1280 1114 1352 1178 cog-

88 1192 229 1276 noscitis,
254 1193 354 1258 donec
368 1193 473 1276 ipsum
495 1192 673 1277 principem
688 1191 834 1256 videatis.
867 1190 925 1257 cui
939 1192 1149 1275 praesentati,
1173 1194 1351 1259 salutantes

88 1296 211 1360 itteras
233 1298 360 1359 nostras
382 1295 508 1373 offerte,
537 1297 763 1379 suggerentes,
792 1316 947 1379 magnum
969 1316 1027 1359 nos
1055 1295 1093 1359 de
1122 1295 1190 1378 ejus
1218 1296 1352 1379 imperio

88 1396 239 1482 gaudium
260 1398 456 1482 percepisse,
486 1400 518 1461 et
539 1397 674 1460 nimium
697 1396 869 1480 gratulari,
900 1397 981 1480 quod
1004 1419 1076 1461 eum
1098 1397 1185 1461 Deus
1208 1397 1351 1482 omnipo-

88 1505 157 1564 tens
175 1499 214 1562 ad
235 1498 296 1563 hoc
319 1499 456 1585 evexit³)
476 1499 571 1582 juxta
586 1498 654 1582 ejus
670 1520 777 1562 sacras
793 1497 928 1582 litteras,
951 1501 988 1562 ut
1002 1499 1176 1563 secundum
1199 1522 1246 1583 ea,
1270 1522 1351 1585 quae

88 1606 161 1666 runt
184 1601 225 1665 ab
246 1600 440 1685 apostolieae
463 1600 546 1664 sedis
570 1599 745 1664 constituta
766 1600 982 1685 praesulibus,
1006 1601 1075 1665 Deo
1098 1605 1226 1666 auctore
1250 1604 1282 1666 et
1303 1624 1351 1666 re-

88 1725 149 1788 gno
173 1703 240 1786 ejus
270 1703 450 1785 adnitente,
480 1702 684 1766 ecclesiarum
712 1704 745 1766 et
777 1725 840 1785 pax
868 1705 899 1765 et
931 1703 1039 1767 unitas
1072 1702 1123 1767 his
1154 1705 1351 1788 temporibus
1380 1748 1382 1753 <

88 1805 264 1869 lesiderata
286 1805 463 1888 proveniat.
508 1803 627 1878 Quodsi
649 1826 704 1867 vos
732 1803 877 1867 hortatus
911 1804 1024 1888 fuerit,
1064 1808 1099 1869 ut
1122 1805 1348 1871 Constantino-

88 1906 263 1990 politanum
286 1906 419 1971 videatis
443 1905 640 1991 episcopum,
664 1905 812 1969 intimate
834 1928 890 1970 vos
911 1907 1084 1990 praefinita
1106 1906 1240 1991 habere,
1268 1930 1349 1992 quae

88 2009 182 2074 etiam
206 2008 245 2072 ab
268 2008 313 2073 eis
335 2030 430 2091 saepe
453 2008 519 2072 sint
542 2007 687 2092 cognita,
715 2029 797 2091 quae
820 2007 860 2070 ab
882 2009 1040 2072 universis
1064 2009 1219 2094 episcopis
1243 2010 1349 2075 catho-

88 2111 179 2175 icam
192 2111 446 2175 communionem
463 2109 729 2193 amplectentibus
744 2109 898 2193 professio
915 2109 1029 2174 debeat
1044 2110 1241 2196 celebraril).
1265 2118 1351 2177 Haec

88 2220 108 2276 ri
128 2220 287 2293 episcopas
310 2219 661 2292 Constantinopolitanas
683 2218 809 2291 implere
826 2223 959 2291 paratas
980 2224 1037 2290 est,
1067 2220 1097 2276 ci
1114 2224 1279 2291 pratanter
1301 2236 1349 2280 ac-

88 2298 251 2389 cerrimam
272 2322 301 2379 si
320 2337 390 2380 aero
411 2321 490 2379 sedis
512 2320 695 2394 apostelicae
717 2319 959 2378 adhortationem
979 2321 1065 2393 sequi
1083 2323 1252 2396 contemnit,
1276 2322 1352 2396 qaid

88 2439 201 2482 necesse
232 2430 290 2498 est,
326 2430 358 2482 at
385 2423 429 2480 ad
455 2423 642 2481 occasionem
669 2423 866 2480 contentionis
892 2422 1035 2480 salutatio
1063 2430 1168 2482 nostra
1190 2425 1346 2498 proficiat,

88 2526 188 2600 (nibus
210 2541 270 2583 non
292 2531 335 2583 est
357 2525 568 2599 disputationis
589 2528 644 2582 aut
664 2524 836 2582 certaminis
858 2539 953 2582 causa
975 2524 1006 2582 in
1027 2525 1202 2584 mandatis?
1225 2519 1258 2584 Si
1273 2542 1348 2584 vero

90 2624 255 2708 mperator
276 2621 336 2685 sibi
360 2621 477 2705 aperiri
500 2620 651 2702 voluerit,
681 2620 756 2704 quid
783 2620 826 2683 sit
853 2619 936 2704 quod
965 2619 1006 2683 ab
1029 2621 1178 2706 episcopo
1201 2622 1271 2686 fieri
1293 2645 1347 2706 po-

88 2724 224 2806 stuletis,
253 2724 390 2787 formam
419 2723 518 2786 libelli
545 2745 641 2807 quam
668 2722 804 2805 portatis
832 2720 1001 2785 ostendite.
1047 2721 1137 2797 Quod
1160 2724 1186 2787 si
1209 2724 1248 2788 de
1272 2747 1347 2788 ana-

88 2830 223 2892 hemate
246 2825 356 2889 Aeacii
380 2825 600 2906 consentiens,
631 2845 827 2887 successores
851 2823 918 2906 ejus
941 2823 1057 2888 dixerit
1079 2824 1277 2908 recitandos,
1306 2827 1347 2890 ob

88 2953 139 2996 roc
163 2928 247 3014 quod
270 2931 402 3012 propter
424 2927 642 2992 defensionem
658 2924 925 2991 Calchedonensis
946 2925 1059 3008 synodi
1083 2925 1214 3012 aliquit)
1239 2950 1346 2991 eorum

144 3189 167 3254 ¹)
187 3186 222 3240 (1ι
244 3191 399 3246 succendite,
423 3184 442 3236 b
465 3189 589 3242 accedite,
613 3181 647 3234 al.
672 3185 798 3241 secedite‚·
821 3179 864 3232 cui
887 3179 1024 3232 consentit
1044 3179 1113 3232 illud
1136 3179 1216 3248 epist.
1237 3186 1345 3235 71121

88 3276 322 3339 cnstantinopotim
339 3275 515 3337 pervenientes
534 3272 569 3320 ihi
585 3271 696 3319 secedite
715 3269 766 3319 etc.

146 3360 168 3426 ³)
189 3355 223 3409 G¹
241 3358 267 3409 a¹
293 3355 382 3407 omitt.
407 3358 503 3420 eiecit,
527 3352 545 3404 b
569 3350 715 3420 supplevit.
764 3348 992 3418 Supplementum
1020 3348 1078 3417 ejus
1107 3349 1252 3404 coufirmat
1277 3350 1347 3425 illud

88 3441 155 3513 pist.
172 3448 205 3494 79
222 3459 248 3494 11,
264 3447 289 3493 1:
310 3443 397 3508 Nepae
416 3443 478 3491 enim
495 3448 521 3490 te
539 3444 574 3490 ita
593 3441 647 3488 Dea
666 3441 783 3503 placetum
799 3438 941 3502 principem
963 3439 999 3486 nd
1015 3439 1116 3501 imperii
1131 3441 1247 3488 verticem
1264 3440 1345 3490 burria-

89 3547 121 3581 as
140 3537 237 3580 tantum
254 3544 390 3578 censensus
408 3531 500 3578 evexit.

144 3612 166 3680 ⁴)
186 3610 237 3663 Hic
261 3608 534 3677 subintelligendum:
559 3612 594 3660 Et
612 3612 731 3672 adjicite:
749 3621 815 3658 nam
832 3602 961 3673 deinceps
981 3604 1066 3657 rerba
1083 3603 1151 3673 ipsis
1168 3603 1269 3672 legatis
1286 3606 1345 3658 tum

88 3695 197 3751 ilcenda
214 3693 447 3764 praescribuntur.
467 3724 499 3731 —
517 3691 581 3745 Mox
599 3693 618 3745 b
637 3709 714 3743 causa
731 3695 862 3747 cicendela,
882 3688 914 3741 G*
934 3709 1012 3742 caasa
1029 3695 1162 3743 mandatis.

145 3785 167 3849 ¹¹)
185 3779 353 3848 Euphemius
372 3778 502 3831 nimirum
515 3778 543 3831 et
554 3774 743 3841 Macedonius,
761 3774 790 3826 in
808 3790 925 3842 quorum
943 3772 1064 3842 gratiam
1081 3773 1199 3843 populus
1212 3774 1345 3829 Cerretan-

88 3865 279 3936 iuopolitanus
299 3882 371 3918 anno
393 3870 442 3918 518
465 3862 509 3916 dic
534 3868 564 3915 15
587 3859 653 3914 Julii
670 3860 699 3913 in
717 3875 821 3927 magna
838 3857 955 3912 ecelesia
974 3860 1160 3927 congregatus
1178 3859 1344 3913 nominatim

90 3951 278 4006 onclamarat:
298 3954 460 4017 Euphemiam
474 3960 499 4002 et
511 3952 687 4000 illacedenimn
701 3949 833 3998 Ecclesiae
846 3949 950 3996 restitue
1013 3948 1147 4012 Euplcmii
1159 3955 1183 3997 ei
1197 3949 1346 3999 1'decedenti

88 4043 176 4090 omina
195 4041 268 4089 modo
286 4041 435 4089 ordinentur
453 4039 489 4086 ad
504 4037 644 4100 perfectam
659 4035 790 4084 Ecclesiae
803 4034 1002 4083 ordinationem!
1030 4029 1101 4082 Item
1113 4028 1241 4082 monachi
1254 4030 1343 4084 ortho-

88 4120 141 4175 loxi
159 4120 270 4186 libello,
291 4136 374 4187 quem
397 4117 512 4172 concilio
535 4117 655 4186 quinque
677 4116 741 4186 post
764 4114 862 4167 dicbus
885 4113 981 4167 habito
1003 4114 1175 4178 obtulerunt,
1197 4113 1225 4166 in
1248 4113 1344 4182 primis

88 4205 230 4261 reserant:
253 4206 364 4257 Sanctae
381 4210 513 4257 memoriae
534 4207 685 4270 Enplrernias
702 4213 727 4254 ct
746 4204 912 4254 Macedonicis
930 4205 1033 4267 expulsi
1055 4211 1081 4253 et
1101 4204 1127 4251 in
1145 4205 1236 4252 casilia
1254 4207 1345 4253 rnortni

88 4297 198 4346 ananiae
220 4301 369 4343 revocentur
442 4300 617 4357 ponunturque
641 4293 666 4339 in
684 4291 766 4338 sacris
784 4287 911 4352 diptychis
928 4289 1039 4351 ipsorum
1057 4288 1188 4345 coactata,
1210 4290 1344 4337 secundam

88 4382 145 4431 aad
162 4381 239 4430 omnis
257 4382 365 4443 populus
384 4386 408 4427 ei
420 4378 576 4428 monachicas
588 4377 652 4426 orda
664 4376 751 4424 sedulo
764 4374 922 4425 exclamavit.
953 4368 1040 4422 Immo
1055 4368 1116 4437 jam
1129 4385 1146 4422 a
1157 4367 1247 4437 primo
1261 4370 1342 4423 coctu

88 4461 121 4516 lic
135 4467 168 4515 15
179 4459 246 4513 Julii
257 4476 314 4513 non
325 4458 470 4528 quieverat
481 4458 611 4528 populus,
629 4457 716 4510 donee
728 4455 868 4508 iohannes
880 4459 1009 4521 accipiens
1022 4457 1144 4522 diptpeiza
1156 4459 1274 4507 ordinari
1286 4459 1343 4521 jas-

88 4553 109 4600 it
126 4553 228 4600 nomina
245 4553 270 4598 in
287 4556 377 4599 sancia
395 4550 513 4598 aremoria
528 4547 701 4608 defunctorum
714 4544 961 4607 archiepiscoporum
973 4543 1048 4606 brejas
1060 4544 1146 4607 rcpiac
1158 4543 1227 4592 ardis
1240 4543 1343 4606 Euphe-

88 4637 118 4685 u’i
135 4642 161 4685 et
180 4635 340 4693 discedenti,
364 4650 394 4682 aa
418 4636 491 4682 etiarn
510 4634 604 4689 Leonis
623 4632 729 4680 Rotnani
743 4630 883 4693 pontificis,
905 4626 936 4678 ut
956 4623 985 4676 in
1003 4622 1072 4677 acus
1090 4640 1107 4677 a
1125 4623 1244 4695 Baronjo
1262 4622 1342 4676 initio

88 4716 145 4769 omi
163 4714 215 4768 VII
232 4715 327 4768 relatis
344 4714 454 4783 legitur.
486 4714 526 4767 De
544 4715 597 4767 hoc
615 4711 710 4782 populi
729 4709 820 4765 studio
834 4727 902 4779 erga
913 4708 1056 4779 episcopos
1074 4709 1103 4762 in
1121 4707 1214 4762 exsilio
1227 4710 1343 4779 propter

88 4799 140 4856 idei
157 4799 340 4855 assertionem
358 4800 502 4853 defunctos
521 4798 622 4853 certior
644 4798 733 4851 factus
751 4795 907 4863 Hormisda,
927 4812 978 4849 nec
996 4796 1072 4848 ratus
1089 4796 1192 4856 tamen,
1211 4794 1240 4847 in
1258 4793 1341 4848 sacris

88 4885 216 4963 liptychis
235 4885 363 4939 sinendos
382 4901 439 4939 cssc
458 4883 570 4954 eosqui
589 4883 668 4939 extra
685 4879 905 4937 communionem
923 4879 996 4936 sedis
1013 4877 1182 4950 apostolicae
1201 4878 1342 4952 obiissent,
