3204 5506
241 331 305 396 448
713 346 741 395 s.
759 345 900 394 saitasn
923 344 1036 393 oseas

143 518 235 567 aneo.
250 503 317 565 auri
346 500 462 564 solidos
489 501 636 585 triginta.
687 500 805 564 Notavi
828 500 857 564 V
880 458 1199 586 Calendas'lugusti
1220 499 1334 566 blavio
1364 500 1443 565 viro
1466 498 1530 566 cla·

240 604 365 668 rissimo
389 605 528 666 consule.
1308 604 1313 609 ’

738 740 920 842 Epistola
945 740 1002 823 32.

570 889 704 958 (lelasii
728 910 838 975 papae
860 892 903 958 aul
927 893 1183 958 vincomalum.

641 1032 748 1096 Apoclea
765 1035 848 1081 altero
866 1034 979 1095 ejusdem
994 1031 1108 1098 pencris.
1535 1058 1560 1109 p,

393 1163 576 1229 Gelasius
598 1164 840 1229 Vincomalo.

323 1285 459 1350 Constat
480 1306 535 1347 vos
557 1282 704 1347 intulisse
727 1284 906 1347 actionibus
930 1283 1083 1347 ecclesiae
1106 1306 1144 1347 ex
1162 1284 1395 1367 praestatione
1419 1285 1526 1367 frmdi,

238 1410 331 1472 quem
354 1385 575 1450 conductionis
596 1385 691 1449 burlo
712 1389 814 1468 tenes,
839 1386 877 1449 de
899 1386 1057 1449 fructibus
1079 1386 1158 1450 anni
1181 1385 1377 1451 consulatus
1401 1387 1526 1452 Asterii

239 1494 271 1553 et
293 1488 448 1554 Praesiolii
469 1487 609 1551 virorum
632 1486 893 1570 clarissimorum,
927 1488 965 1551 de
993 1488 1168 1552 indictione
1189 1486 1257 1570 III,
1295 1489 1374 1552 auri
1405 1489 1526 1554 solidos

238 1592 383 1675 triginta.
428 1588 547 1654 Notavi
561 1588 592 1652 V
615 1588 772 1655 Osleadas
788 1589 928 1674 Augusti
944 1589 1054 1653 blavio
1077 1590 1143 1654 viro
1166 1589 1352 1654 clarissimo
1368 1591 1525 1659 ‚consule

132 1899 140 1963 (
177 1900 224 1948 nr
740 1776 921 1879 Epistola
948 1777 1006 1861 33.

122 1965 225 2030 „paup
375 1928 509 1998 Gelasii
533 1946 643 2012 papae
665 1927 708 1993 ao
731 1929 931 1995 iohannem
953 1930 1156 2013 episcopum
1178 1926 1378 1997 Soranum.

273 2072 306 2122 Ut
323 2073 348 2120 in
366 2071 482 2120 oratorio
500 2052 607 2134 quodam
625 2068 756 2134 Mupetiue
776 2070 886 2132 senrince
909 2069 1057 2135 spectabilia
1074 2071 1251 2133 defunctorum
1269 2072 1378 2121 nomine
1396 2073 1493 2123 divina
1531 2086 1569 2148 pl

271 2154 430 2205 celebrentur
447 2154 546 2217 officie,
565 2155 613 2204 recl
627 2153 729 2218 publica
744 2155 953 2220 frequentatione
971 2162 996 2205 et
1012 2157 1177 2219 processere
1194 2162 1333 2215 cenante,
1359 2158 1491 2222 isuper.

323 2286 506 2352 Gelasius
528 2309 630 2371 papa
652 2286 830 2351 Johanni
852 2288 1038 2372 episcopo
1061 2287 1256 2374 Soran0¹).

322 2384 452 2472 Certum
474 2405 672 2490 estquidam
699 2411 731 2470 et
753 2408 872 2471 nostris
894 2407 1173 2491 praeceptionibus
1202 2408 1448 2493 constitutum,
1482 2432 1523 2476 ne

237 2509 307 2594 quis
328 2509 363 2571 in
387 2507 521 2572 ecclesia
543 2512 599 2572 aut
621 2508 656 2572 in
678 2509 827 2592 oratorio,
851 2510 934 2594 quod
955 2510 1038 2574 sedis
1053 2514 1183 2575 nostrae
1204 2530 1273 2573 non
1295 2509 1430 2596 legitur
1452 2535 1523 2600 per·

237 2610 387 2674 missione
410 2610 600 2694 dedicatum,
624 2611 860 2694 processionem
874 2610 1037 2695 publicam
1052 2614 1182 2696 putaret
1195 2612 1357 2697 impendi,
1384 2638 1432 2680 ne
1449 2637 1522 2681 con·

237 2712 355 2776 ditores
377 2711 505 2776 furtivis
527 2712 785 2797 subreptionibus
813 2719 925 2777 contra
952 2714 1136 2799 regularum
1159 2716 1288 2802 ‚satum
1311 2716 1520 2799 prosilirent.

237 2814 303 2891 Sed
322 2813 397 2898 quia
418 2813 595 2901 Mogetia²)
619 2815 802 2898 spectabilis
824 2816 945 2880 femina
967 2815 1109 2900 petitorii
1129 2815 1223 2881 nobis
1245 2815 1423 2884 oblatione
1447 2842 1520 2907 sug·

236 2917 347 3002 gessit,
364 2916 398 2980 in
413 2917 666 3001 possessionibus
682 2918 819 3001 propriis
834 2940 964 2982 suorum
979 2917 1167 3003 corpuscula
1186 2917 1393 3005 condidisse3
1417 2922 1521 2987 frater

237 3018 415 3102 carissime,
449 3017 661 3083 humanitatis
689 3019 825 3103 intuitu,
858 3020 941 3104 quod
969 3020 1077 3104 priora
1099 3022 1220 3084 statuta
1241 3041 1312 3084 non
1335 3023 1520 3109 maculet&

235 3121 401 3185 funeribus
424 3124 456 3184 et
478 3120 642 3205 sepulcris,
670 3122 797 3184 tantum
819 3121 855 3185 in
878 3120 1114 3206 comprehensis
1137 3121 1289 3205 petitorio
1312 3122 1403 3189 loeis
1426 3127 1521 3191 mini-

235 3222 333 3286 steria
355 3223 481 3286 noveris
503 3244 561 3306 pro
584 3222 798 3287 sollemnitate
820 3224 1030 3307 praestanda,
1065 3227 1101 3287 ut
1123 3223 1353 3290 defunctorum
1385 3228 1521 3293 nomine

235 3324 431 3388 solummodo
454 3325 562 3388 divina
586 3324 787 3388 celebrentur
808 3325 926 3407 officia,
950 3325 1079 3410 publica
1099 3324 1368 3410 frequentatione
1391 3333 1429 3394 et
1451 3353 1521 3415 pro

237 3426 378 3489 cessione
402 3430 557 3490 cessante.
603 3427 724 3511 Data⁴)
746 3427 856 3492 idibus
878 3427 1011 3511 Aprilis.

120 3719 129 3785 (
186 3693 203 3772 9
736 3597 917 3699 Epistola
943 3598 1002 3680 34.

131 3725 183 3772 at
203 3726 218 3771 i)

122 3793 222 3855 -490,
453 3746 586 3816 Golasii
610 3765 720 3832 papae
743 3748 786 3813 acl
810 3746 1040 3815 Senecionem
1063 3750 1281 3832 episcopum.

267 3888 421 3936 (lrrrrsecrnre'
439 3891 568 3938 ecclesian
586 3891 717 3954 quurndnnr
735 3892 760 3938 r'n
777 3890 897 3939 bonorem
913 3906 935 3938 s.
952 3890 1007 3938 Viti
1022 3890 1165 3953 praemissa
1182 3890 1321 3942 dotatione
1340 3899 1487 3958 permittit.
1529 3909 1569 3973 μ

302 3975 338 4022 itu
357 3981 446 4033 lernen,
466 3982 493 4022 ut
509 3977 618 4024 donator·
635 3982 741 4037 praeter
757 3976 931 4038 processionis
949 3976 1043 4023 uelitum
1060 3975 1121 4024 ruini!
1136 3975 1241 4038 proprii
1250 3976 1331 4035 juria
1349 3979 1462 4031 hoece.

387 4106 570 4169 ticlasius
593 4129 695 4191 papa
718 4104 929 4170 Scolacioni
953 4107 1151 4191 episcopo.

322 4223 397 4288 Piae
419 4225 536 4288 mentis
559 4225 781 4309 amplectenda
803 4226 929 4289 devotio
952 4229 1011 4307 est,
1035 4227 1104 4310 {qua
1125 4224 1266 4289 Senilius
1276 4227 1304 4312 ¹)
1334 4230 1393 4295 vir
1421 4232 1520 4297 hono-

234 4346 354 4355 --——.
369 4349 397 4354 ..-
411 4349 419 4353 ..
457 4349 490 4353 --..
510 4349 537 4353 .-

304 4398 322 4463 ¹)
341 4395 409 4450 Erat
427 4395 497 4449 Sora
515 4395 581 4449 urbs
598 4395 670 4449 Latii
688 4412 783 4449 versus
802 4395 982 4463 Campaniam
1000 4396 1030 4449 et
1046 4395 1160 4462 Marsos,
1177 4410 1251 4447 nunc
1269 4412 1393 4466 quoquc
1412 4402 1519 4473 ῳὶοαμ

236 4481 306 4548 palis
325 4480 377 4533 sub
395 4480 580 4550 Neapolitano
599 4480 822 4549 metropolitane.

301 4569 323 4634 ¹)
341 4566 373 4629 Q¹
394 4571 519 4634 Inpretr‘u,
538 4567 556 4619 Z
579 4571 690 4633 Meyeiill
708 4565 752 4619 vel
770 4570 907 4634 Mepenltu.

302 4651 323 4716 ³)
342 4648 492 4714 ltuo102,
511 4649 539 4702 id
557 4652 599 4703 est
614 4657 757 4719 proiectione
774 4657 877 4705 statutis
895 4657 1003 4709 illaesis:
1022 4652 1040 4704 Z
1055 4672 1103 4705 non
1121 4656 1253 4705 maculent.
1290 4649 1425 4726 Moxque
1436 4654 1519 4723 ΨΟ*

235 4740 363 4801 mysteria.

301 4820 323 4884 ⁴)
341 4819 384 4871 lta
404 4821 436 4883 Q¹
451 4817 485 4882 Q‘
498 4817 544 4884 U¹;
564 4821 582 4872 Z
602 4821 706 4874 eunti-it
724 4821 881 4876 chronicam
900 4825 1004 4878 notam.

305 4905 322 4969 ¹)
342 4903 374 4966 Q¹
395 4925 444 4971 qun
464 4908 571 4959 Sentitur
589 4910 657 4960 uobis
676 4912 701 4960 iu
720 4928 748 4960 re
765 4912 846 4969 l'r'uiu,
864 4908 899 4960 U¹
919 4929 968 4978 qua
985 4929 1013 4962 se
1024 4913 1106 4962 «leelina
1123 4911 1195 4962 noto
1211 4914 1239 4961 in
1255 4928 1288 4963 re
1297 4914 1421 4977 ludim,
1440 4916 1517 4970 unde
