3224 5506
56 3027 68 3074 1
81 3018 141 3074 Cor.

56 3094 96 3155 15,
106 3095 147 3143 Μ’
162 3141 244 3205 sicut
266 3143 422 3225 scriptum
451 3146 509 3226 est,
534 3165 683 3223 perversa
711 3155 919 3223 corrumpunt.
963 3143 1095 3207 Illorum
1123 3165 1199 3208 vero
1222 3143 1326 3210 aliter
1348 3136 1472 3210 causa'

91 3664 149 3737 [θ’]

605 120 632 168 S.
649 115 783 167 FELICIS
807 118 834 165 11
858 117 972 164 PAPAE

401 271 519 336 dritis
548 274 586 334 et
614 273 760 336 ceteris
781 270 987 334 monachis
1010 270 1117 333 circa
1139 267 1398 334 Constantia

400 374 523 458 polim
545 377 583 438 et
604 374 837 458 Bithyniam
860 371 1112 437 constitutis.

242 496 269 556 1.
308 492 492 556 Diabolicac
516 493 593 556 artis
617 494 750 557 astutias
773 493 970 577 frequentius
994 490 1184 574 experimur,
1208 490 1265 553 sed
1280 448 1483 655 malim?

155 594 216 657 tati
240 595 308 677 ejus
331 594 400 657 Deo
419 595 554 677 ,iuvante
576 616 641 659 non
666 596 814 659 cedimus.
853 594 939 658 Nam
959 615 1056 677 quum
1078 614 1126 672 ea,
1150 613 1231 676 quae
1254 593 1351 656 toties
1370 614 1386 676 p

157 697 339 760 constantio
361 697 434 759 fidei
458 697 681 780 disponuntur,
704 697 793 760 frons
816 696 883 778 ejus
907 717 1042 759 vacuare
1057 695 1198 777 molitur,
1223 715 1356 758 necesse
1369 697 1419 772 est,

156 803 192 861 ut
215 802 248 862 et
269 799 400 881 viribus,
425 822 504 882 (luas
527 799 636 862 divina
658 799 764 883 gratia
788 798 1020 881 subministrat,
1046 799 1178 860 conatus
1200 796 1304 879 ipsius
1321 795 1424 860 exstir-

156 923 278 984 pemus.
325 902 475 984 Acceptis
498 902 606 985 itaque
628 900 745 965 litteris
768 900 949 964 dilectionis
972 901 1107 982 vestrae,
1131 920 1266 983 quarum
1290 897 1428 962 Basilius

155 1003 218 1066 fuit
247 1004 341 1081 lator,
371 1004 454 1067 inter
483 1006 589 1067 cetera
611 1003 727 1085 Tutus,
757 1024 852 1086 quem
879 1003 919 1065 ob
945 1000 1007 1064 hoc
1029 1002 1206 1066 feceramus
1229 1000 1434 1065 defensorem

156 1106 309 1170 ecclesiae
339 1106 378 1169 de
406 1105 655 1189 provectioribus
683 1107 770 1169 intra
798 1105 965 1168 ecclesiam
994 1103 1128 1183 clericis,
1156 1106 1315 1188 utquam
1338 1102 1437 1187 dirigi

155 1230 221 1272 non
251 1208 370 1271 licebat
397 1208 431 1270 in
461 1209 614 1271 Acacium
641 1206 837 1271 sententiam
865 1206 933 1289 ipse
960 1209 1120 1288 portaret,
1150 1227 1184 1270 se
1210 1205 1356 1289 quadam
1385 1205 1440 1269 de·

155 1310 277 1373 mentia
300 1310 397 1372 immo
420 1310 531 1373 ardore
554 1309 719 1393 pecuniae,
744 1313 912 1392 postquam
934 1307 1052 1371 nostris
1068 1307 1272 1371 satisfactum
1289 1311 1341 1372 est
1364 1329 1441 1372 con-

157 1408 291 1492 stitutis
309 1410 449 1475 inimicis
463 1411 537 1474 fidei
553 1411 733 1475 vendidisse
750 1410 914 1475 convictus
930 1413 979 1474 est
994 1414 1089 1493 atque
1103 1409 1280 1473 confessus.
1317 1407 1444 1473 Lectae

157 1515 234 1576 sunt
256 1513 342 1576 enirn
365 1513 491 1577 litterae
513 1514 613 1597 ipsius
635 1514 669 1577 in
694 1516 852 1577 conventu
867 1512 1015 1593 fratrum,
1039 1511 1176 1595 qualiter
1190 1514 1292 1595 pacta
1300 1511 1328 1596 ¹)
1340 1511 1445 1575 inter·

157 1615 263 1697 posita
286 1636 432 1698 persona,
462 1615 595 1679 Marone
619 1616 841 1697 condemnato,
873 1613 901 1677 ei
925 1613 975 1677 cui
998 1613 1194 1677 sententiam
1215 1615 1373 1696 portarat
1395 1613 1445 1677 in·

157 1716 297 1780 haesisse
320 1717 474 1780 creditur:
498 1740 576 1800 quas
599 1718 745 1800 proprias
768 1738 836 1779 esse
853 1737 1061 1800 cognoscens,
1085 1736 1151 1778 non
1166 1715 1275 1799 potuit
1291 1715 1445 1780 diffiteri.

157 1817 251 1882 Unde
279 1840 351 1881 eum
378 1819 452 1883 fidei
481 1824 513 1883 et
542 1819 624 1882 sedis
655 1817 848 1901 apostolicae
882 1817 1078 1901 proditorem
1105 1816 1213 1881 officio
1243 1817 1446 1901 defensoris,

156 1921 239 2004 qnod
263 1920 291 1983 ei
315 1920 355 1983 ad
377 1924 503 2005 tempus
526 1921 723 2002 dederamus
748 1920 902 2002 exuimus,
927 1941 1059 2004 eumque
1074 1919 1276 1983 sacrosancti
1292 1920 1447 2005 mysterii

159 2023 380 2085 communione
403 2024 564 2107 privatum
586 2021 886 2107 praecipitarique'2')
910 2021 1095 2106 cognitione
1110 2021 1354 2107 praecepimus,
1380 2045 1446 2087 mo

157 2128 271 2188 nentes
300 2124 503 2190 dilectionem
531 2129 687 2207 vestram,
718 2128 754 2187 nt
783 2123 866 2186 sicut
893 2144 1018 2206 semper
1039 2122 1172 2205 fecistis,
1203 2145 1265 2207 pro
1295 2125 1448 2190 custodia

158 2227 304 2290 veritatis
324 2226 396 2310 jugi
420 2228 644 2291 observatione
667 2226 817 2310 vigiletis.

242 2329 273 2390 2.
319 2328 363 2391 Et
390 2329 464 2412 quia
492 2352 557 2393 non
586 2333 634 2411 cst
663 2328 794 2392 dubium
801 2378 809 2408 ,
836 2327 1008 2391 nonnullos
1030 2348 1069 2390 ex
1090 2328 1304 2393 monasteriis
1327 2330 1447 2395 vestris

1463 665 1483 703 A

159 2450 228 2493 esse
250 2429 399 2513 deceptos
423 2434 518 2514 atque
541 2431 580 2494 ad
603 2430 750 2493 inimicos
766 2429 825 2492 Dei
841 2451 897 2492 seu
917 2432 1032 2512 sponte
1050 2450 1105 2493 seu
1119 2431 1323 2496 necessitate
1338 2435 1467 2497 trans·

158 2531 243 2611 iisse,
267 2531 501 2596 observandum
524 2533 612 2596 vobis
635 2532 673 2595 de
695 2531 814 2594 talibus
837 2531 896 2593 hoc
919 2552 987 2595 esse
1009 2531 1212 2596 mandamus:
1236 2536 1276 2596 ut
1297 2534 1447 2619 quisquis

160 2633 329 2716 cujuslibet
357 2633 418 2697 loci
447 2633 531 2716 apud
560 2657 615 2697 vos
638 2633 688 2697 vel
710 2636 824 2715 sponte
847 2655 880 2696 se
904 2632 990 2696 dedit
1013 2633 1062 2698 vel
1084 2633 1231 2698 mercede
1256 2641 1445 2720 corruptus,

160 2734 287 2818 collegii
311 2735 407 2798 vestri
431 2736 474 2798 sit
496 2757 623 2818 prorsus
648 2736 780 2798 alicnus.
826 2734 908 2808 Quia
936 2735 998 2798 nisi
1021 2759 1040 2798 a
1062 2735 1209 2800 fidelibus
1232 2737 1358 2820 perfidi
1379 2739 1447 2803 sint

160 2836 285 2919 remoti,
302 2859 407 2905 rerum
423 2837 615 2900 discretione
631 2836 758 2900 sublata
772 2836 966 2900 laborabunt
981 2837 1217 2920 suspicionibus
1233 2837 1445 2921 innocentes,

160 2942 196 3001 ut
218 2939 258 3002 ad
280 2939 359 3002 vitia
380 2938 486 3002 facilis
508 2938 691 3002 hominibus
714 2943 763 3002 cst
784 2938 961 3022 prolapsus,
999 2941 1029 3001 A
1052 2940 1262 3022 probatorum
1279 2941 1446 3006 consortio

162 3041 313 3124 contagia
336 3041 520 3124 repellenda
542 3045 617 3105 sunt
638 3041 849 3124 perditorum:
872 3043 1024 3126 quomam
1045 3063 1142 3107 mores
1162 3047 1260 3106 bonos
1275 3050 1443 3123 colloquia,

159 3244 329 3307 tractanda
356 3250 421 3326 est,
459 3267 537 3329 quos
566 3245 748 3308 constiterit
774 3246 886 3329 poenis
915 3246 1077 3329 gravibus,
1106 3248 1143 3309 ut
1174 3244 1443 3330 traducerentur,

160 3344 342 3430 afflictosl).
381 3345 474 3412 Circa
496 3370 573 3432 quos
596 3348 800 3412 humaniores
823 3369 878 3411 vos
901 3369 969 3411 esse
992 3347 1153 3430 convenit,
1177 3349 1215 3410 ut
1237 3347 1283 3412 ad
1307 3349 1443 3414 cellulas

166 3538 394 3546 -.-—--——-——
403 3541 443 3546 --
448 3541 466 3547 -

232 3654 250 3721 ¹)
268 3650 352 3707 Henr.
366 3651 494 3707 Valesius
511 3652 540 3706 in
558 3651 665 3706 dissert.
686 3654 720 3707 dc
739 3652 820 3707 duab.
840 3653 951 3722 synodis
962 3653 1094 3707 Romame
1113 3651 1160 3720 (ed
1177 3652 1247 3708 calc.
1269 3653 1340 3710 edit.
1355 3655 1445 3712 Theo·

162 3736 252 3790 doreti
269 3755 335 3807 pag.
349 3741 406 3807 183)
425 3738 466 3792 ita
484 3737 680 3806 corrigendum
697 3738 770 3791 hunc
787 3738 878 3791 locum
892 3739 998 3792 censet:
1015 3748 1093 3806 pacto
1111 3742 1269 3806 interposito
1287 3761 1342 3810 per
1359 3761 1445 3796 senen

163 3825 297 3875 Maronem
315 3828 480 3877 condemnato
499 3833 531 3889 ei,
550 3829 592 3877 cni
607 3829 757 3877 sententium
773 3833 903 3890 portoras,
923 3827 1061 3876 inhaesisse
1079 3827 1202 3876 ereditur.

230 3910 250 3975 ²)
268 3906 359 3976 Magis
376 3908 501 3977 placeret
517 3912 670 3976 praehabito
687 3912 806 3976 synodali
824 3924 872 3960 seu
884 3913 1007 3974 judiciali
1024 3912 1176 3976 sepelitione.

230 3995 250 4059 ³)
269 3992 300 4045 In
317 3995 414 4060 poenis
432 3992 516 4063 lapsis
534 3991 708 4061 imponendis
726 4009 835 4060 semper
848 3991 972 4045 Ecclesia
989 4008 1085 4046 corum
1103 3991 1243 4046 rationem
1261 3992 1377 4063 habuit,
1396 3994 1444 4064 qui

163 4076 191 4130 vi
208 4076 301 4131 adacti
320 4077 477 4143 cessissent,
500 4092 601 4146 eosque
623 4076 770 4146 benignius
792 4076 961 4146 respiciebat
983 4074 1031 4145 pia
1053 4078 1151 4131 mater.
1193 4076 1308 4150 Quippe
1333 4088 1380 4152 qui
1396 4100 1445 4151 per

164 4172 288 4215 torniense
305 4175 442 4230 superatus
461 4172 506 4224 est,
527 4161 567 4215 uit
584 4180 604 4215 s.
621 4161 773 4231 Cyprianus
792 4161 826 4214 dc
844 4162 928 4231 lapsis
945 4179 971 4214 n.
988 4169 1031 4227 13,
1057 4172 1142 4230 polest
1159 4182 1258 4232 mperes
1276 4171 1341 4219 aas
1358 4177 1388 4220 el
1403 4172 1445 4220 di·

164 4266 238 4300 cerc:
261 4288 317 4309 „...
335 4268 396 4301 euro
414 4268 451 4301 me
469 4253 495 4300 in
517 4254 693 4302 colluctatione
716 4254 841 4309 desernit,
922 4267 973 4300 non
996 4251 1092 4301 animus
1112 4253 1160 4301 sed
1180 4267 1280 4317 corpus
1301 4255 1331 4304 in
1348 4236 1445 4306 ‘dolore

164 4336 285 4396 defecit.“
320 4337 409 4386 Potest
426 4338 475 4385 cilo
492 4339 620 4400 proficere
639 4339 675 4387 ad
690 4341 785 4388 veniam
803 4351 881 4385 caiisa
898 4337 965 4395 talis,
982 4342 1069 4400 potest
1085 4336 1212 4398 &misdi
1227 4340 1372 4391 excusatio
1388 4354 1445 4390 esse

164 4420 314 4470 miserabilis
335 4416 363 4482 (i.
377 4434 399 4470 e.
420 4416 597 4472 miseratione
616 4418 720 4488 digna).
757 4419 789 4471 In
810 4417 879 4471 alios
896 4432 963 4471 vero
985 4414 1056 4470 filios
1074 4415 1242 4484 degeneres,
1266 4418 1317 4486 qui
1340 4421 1444 4491 sponte

165 4500 377 4567 succedebant,
396 4501 508 4569 graviim
525 4503 747 4558 animadvertere
764 4502 880 4557 solebat.
905 4501 985 4556 Unde
998 4499 1146 4555 concilium
1156 4500 1317 4558 Nicsenum
1336 4521 1400 4560 cam
1411 4510 1442 4559 ri

165 4583 367 4652 poeniteutiam
384 4585 417 4637 iis
434 4585 635 4654 praescribens,
654 4588 701 4655 qni
719 4587 747 4640 in
759 4587 950 4656 persecutione
959 4585 1104 4640 Liciniana
1116 4585 1188 4654 lapsi
1200 4589 1293 4655 erant,
1311 4589 1444 4644 consulto

166 4684 195 4718 se
214 4685 297 4737 sigere
315 4669 470 4738 praemittit
489 4676 520 4725 de
538 4676 588 4733 lu's,
612 4680 655 4740 qni
671 4685 777 4740 prsrcter
799 4679 973 4727 necessilatem
993 4677 1169 4740 praevaricati
1189 4682 1250 4726 sunl
1268 4685 1316 4728 aue
1331 4686 1444 4744 praeter·

401 4864 425 4911 ὃ
