3224 5506
595 346 785 396 urrsrorns
811 336 943 395 13-14.
1360 337 1400 402 31

163 518 235 565 nostra
247 509 348 564 intersit
363 524 455 569 nosse,
471 516 562 564 utrum
577 505 610 562 ad
626 523 695 563 uros
709 506 799 563 ltaliae
815 509 967 581 episcopos,
984 525 1017 564 ar
1033 510 1112 564 etiam
1128 510 1161 565 ad
1177 510 1244 567 alios
1261 511 1327 568 baec
1342 515 1399 586 epi-

160 594 315 667 stolrscriptr
330 594 376 649 sit.
400 593 489 667 lpsum
506 593 591 667 igitur
606 591 780 666 expendimus
796 592 926 666 epistolae
941 610 1051 667 corpus.
1073 594 1166 668 Neque
1182 612 1246 651 vero
1262 594 1297 651 ibi
1314 598 1397 671 capi

159 688 181 734 et
195 678 225 735 15
244 678 338 734 desunt
352 686 498 742 momenta,
511 677 581 733 unde
593 678 805 751 inscriptionem,
823 695 891 752 quae
903 678 1016 742 obtinet,
1033 679 1235 753 praeferendam
1247 698 1307 737 esse
1319 681 1399 738 nobis

154 762 319 837 persuadetur.
355 763 446 820 Primo
468 756 538 819 enim
557 762 590 817 ad
610 779 668 819 eam
688 761 855 819 scribendam
876 780 937 819 sese
958 763 1080 820 Gelasius
1100 774 1254 838 permotum
1276 783 1336 822 esse
1362 768 1399 823 ait

152 847 322 911 tristioribus,
350 866 417 922 quas
437 865 521 923 quum
536 864 550 902 a
564 847 686 903 iohanne
702 846 854 903 ravennae
875 849 1017 922 episcopo,
1047 857 1102 904 tum
1124 848 1156 904 ab
1176 850 1233 907 aliis
1255 850 1289 907 de
1309 850 1398 907 Piceni

147 932 253 1007 partibus
268 943 416 1008 acceperat.
448 933 522 989 Unde
537 932 607 988 iliam
623 941 737 1006 propter
751 931 832 990 ltaios
848 935 975 1007 scriptam
998 950 1058 990 esse
1073 932 1224 990 coniicitur.
1256 934 1285 990 lai
1300 934 1399 992 confir·
1441 1000 1447 1008 ,

146 1027 219 1081 mart,
234 1028 341 1093 atquae
357 1018 390 1074 ab
405 1021 465 1094 ipso
478 1018 590 1074 exordio
605 1018 743 1090 praefatur
757 1017 828 1073 idern
843 1035 925 1092 papa:
941 1018 1044 1075 scilicet
1059 1036 1120 1074 sese
1136 1023 1313 1091 reparandis
1327 1024 1397 1079 miii-

143 1108 197 1159 tiae
209 1107 349 1161 clericatis
363 1105 472 1177 officiis
482 1119 590 1176 operam
605 1102 677 1166 dare,
694 1119 770 1176 quae
783 1119 839 1174 per
849 1106 981 1160 diversas
992 1104 1096 1160 ltaliae
1104 1113 1209 1176 partes
1221 1107 1287 1162 belii
1294 1105 1396 1177 samis·

141 1205 193 1262 que
204 1192 376 1261 consumpsit
386 1192 523 1246 incursio.
540 1187 681 1243 Praeterea
693 1187 729 1249 id.
746 1187 818 1261 quod
831 1187 864 1244 de
879 1187 996 1244 basilicis
1012 1190 1118 1244 noviter
1133 1191 1298 1245 constructis
1309 1190 1396 1264 cap.4

139 1275 294 1348 praecipitur
307 1276 496 1349 repetiturque
511 1272 627 1346 capii),
651 1289 695 1327 eas
711 1273 837 1328 nimirum
852 1292 908 1331 non
920 1276 1020 1345 petitis
1035 1290 1167 1330 errrore
1190 1277 1266 1331 sedis
1281 1283 1395 1348 aposto·

136 1361 209 1415 licae
219 1361 476 1431 praeceptionibus
490 1360 627 1414 dedicare
649 1361 755 1413 nemini
773 1361 872 1429 licere,
895 1358 929 1413 de
946 1359 1077 1436 universis
1094 1359 1178 1415 totius
1195 1359 1324 1415 ecclesiae
1340 1362 1396 1434 epi-

136 1445 222 1517 scopis
237 1443 337 1500 dictum
351 1444 469 1518 intelligi
484 1450 627 1517 repugnat.
654 1440 757 1516 Quippe
771 1443 798 1499 in
812 1450 870 1499 toto
883 1441 948 1499 orbe
960 1443 1028 1500 nulli
1041 1444 1135 1500 nisiex
1147 1446 1307 1500 auctoritate
1323 1444 1395 1500 sedis

135 1529 296 1602 apostolicae
312 1546 396 1586 novas
412 1529 537 1585 eeclesias
553 1544 711 1583 consecrare
727 1535 792 1584 turc
807 1527 930 1592 licuisse,
953 1530 1012 1602 quis
1033 1530 1170 1585 assentiat.
1209 1528 1287 1585 llurc
1306 1539 1396 1586 autem

135 1631 212 1668 usum
227 1615 254 1669 ir
270 1613 360 1670 ltaliae
376 1614 522 1688 provinciis
539 1612 697 1677 obtinuisse,
714 1620 779 1668 turc
790 1615 841 1668 ista
851 1612 949 1669 Gelasii
962 1615 1061 1687 scripta
1073 1622 1137 1669 turc
1149 1613 1242 1688 piures
1255 1613 1395 1689 Gregoriil

133 1698 263 1773 epistolae
278 1697 359 1754 fidem
376 1699 486 1755 faciunt.
519 1696 601 1753 i'orte
621 1706 648 1753 et
668 1705 764 1772 postea
784 1697 855 1753 idem
877 1715 941 1753 usus
957 1701 984 1755 in
1000 1698 1057 1754 aliis
1076 1697 1235 1773 quibusdam
1251 1700 1395 1773 provinciis

131 1793 256 1858 receptus
275 1793 327 1840 est.
370 1785 449 1841 Certe
470 1782 577 1839 saeculo
598 1799 671 1838 nono
691 1783 832 1839 desinente
852 1783 1002 1839 Joharuem
1017 1783 1073 1838 Vlll
1101 1783 1230 1840 starchi
1256 1784 1393 1847 eeclesiae,

129 1886 210 1943 quam
225 1867 425 1943 compostellae
440 1867 634 1943 Alphorsuslll
649 1884 696 1923 rex
707 1876 904 1930 construxerat,
921 1867 1119 1925 consecrandae
1131 1877 1294 1943 potestatem
1307 1869 1395 1924 facere

130 1953 240 2009 tele
254 1953 353 2010 concil.
371 1953 414 2010 ed.
423 1952 486 2009 Lab.
498 1970 561 2027 pag.
571 1952 631 2009 219
647 1953 773 2027 legimus.
804 1952 923 2027 lienique
939 1952 1080 2028 generales
1096 1953 1155 2009 ilias
1172 1953 1310 2027 querelas,
1327 1970 1393 2028 quas

128 2038 252 2095 Gelasius
267 2039 391 2113 eap.14,
413 2046 551 2100 memorat,
573 2039 596 2093 si
611 2054 671 2094 cum
686 2036 815 2109 subjectis
831 2039 1005 2112 epistolarum
1020 2039 1106 2113 ipsius
1123 2038 1281 2112 fragmentis
1298 2047 1394 2094 coutu-

128 2124 252 2187 lerimus‚
268 2141 313 2181 eas
329 2124 364 2180 ad
378 2123 510 2199 speciales
524 2122 614 2178 ltaliae
629 2124 779 2197 provincias
794 2125 932 2197 pertinere
954 2123 1025 2180 haud
1040 2140 1121 2198 aegre
1137 2123 1292 2197 largiemur.

215 2227 247 2285 5.
278 2226 332 2282 Cur
347 2234 437 2283 autem
451 2228 588 2300 generale
610 2227 755 2282 decretum
770 2228 810 2283 ad
829 2243 926 2283 omnes
941 2231 1093 2299 episcopos
1108 2243 1122 2280 a
1137 2224 1265 2299 Dionysio
1281 2225 1393 2299 aliisque

127 2320 316 2386 nuncupetur,
338 2313 361 2368 si
384 2312 444 2386 quis
466 2317 592 2385 quaerat,
613 2310 683 2366 lraud
705 2328 785 2386 aegre
807 2310 886 2382 hujus
901 2313 941 2367 rei
957 2312 1083 2368 afferatur
1097 2327 1185 2367 causa.
1216 2309 1305 2366 Primo
1322 2312 1393 2366 enim

127 2398 248 2471 antiquis
269 2396 296 2454 id
312 2398 472 2472 contingere
487 2397 591 2470 potuit,
613 2396 685 2470 quod
707 2397 787 2451 etiam
808 2413 880 2452 runc
895 2395 1016 2470 pluribus
1032 2395 1136 2459 accidit,
1158 2405 1186 2451 ut
1202 2412 1285 2469 quum
1301 2411 1391 2469 opera,

127 2499 247 2556 quonum
262 2482 335 2539 tituli
350 2490 416 2538 sunt
429 2481 600 2556 prolixiores,
622 2482 703 2536 citare
718 2490 864 2555 coguntur,
887 2483 970 2555 prima
986 2480 1141 2538 eorumdem
1157 2481 1299 2537 titulorum
1314 2479 1393 2537 verba

127 2568 234 2624 referre
248 2569 313 2624 satis
330 2566 453 2623 lrabeart.
479 2565 546 2623 llirc
560 2564 726 2622 abbrseimo
738 2564 853 2622 Lueeusi
868 2567 932 2622 haec
946 2568 1004 2641 ipsa
1020 2566 1134 2640 epistola
1149 2583 1222 2622 nunc
1235 2566 1394 2640 simpliciter

129 2661 159 2707 nt
175 2655 306 2709 omnibus
321 2656 479 2725 episcopis,
502 2650 582 2707 modo
605 2659 634 2707 ut
655 2653 784 2707 omnibus
804 2655 949 2724 episcopis
963 2668 1019 2724 per
1033 2653 1208 2722 Lucaniam,
1230 2651 1351 2706 Brutios
1366 2658 1393 2706 et

130 2737 260 2794 Siciliam
270 2739 401 2812 inscripta
411 2736 544 2793 laudatur.
576 2735 630 2791 Nec
645 2736 694 2791 aiia
710 2736 760 2792 fuit
775 2753 871 2800 causa,
893 2753 942 2791 cur
955 2738 982 2792 in
998 2738 1082 2793 veteri
1103 2753 1236 2793 canorum
1252 2735 1344 2792 codice
1360 2734 1391 2791 ad

131 2839 210 2877 usum
226 2823 354 2880 ecciesiae
371 2822 502 2896 llisprnas
517 2822 677 2877 concinnato
693 2837 886 2895 nonnunquam
902 2821 1017 2895 epistota
1040 2824 1079 2878 ad
1093 2826 1245 2893 episcopos
1264 2837 1321 2893 per
1336 2821 1391 2877 Lu-

130 2912 245 2963 caniam
260 2917 323 2977 etc„
341 2908 448 2981 saepius
462 2907 609 2980 pancratis
623 2909 743 2977 epistola
759 2907 800 2961 vei
814 2909 951 2980 generale
965 2909 1113 2962 decretum
1128 2906 1287 2980 appelletur.
1316 2906 1393 2961 Prae·

131 3001 206 3048 terea
218 2995 320 3049 monito
336 2994 364 3049 ir
376 2991 545 3066 epistolam5
558 2990 645 3046 Sirieii
661 2992 715 3046 nit
728 2990 937 3053 observavimus,
955 2990 1113 3047 idliomanis
1124 2989 1298 3065 pontificibus
1309 2992 1392 3045 moris

132 3077 226 3139 fuisse,
242 3087 270 3133 ut
285 3094 354 3152 quae
369 3086 483 3151 propter
496 3075 625 3149 speciales
642 3075 769 3149 quasdam
784 3075 909 3131 eeclesias
926 3075 1065 3132 ediderant
1080 3075 1201 3138 decreta,
1218 3092 1248 3131 ea
1264 3077 1343 3131 etiam
1359 3075 1391 3129 ad

132 3163 195 3218 alias
211 3165 357 3219 mitterent.
389 3161 459 3218 Nibil
475 3169 565 3217 autem
581 3160 686 3216 videtur
701 3161 873 3224 incommodi,
890 3163 913 3217 si
926 3160 1047 3216 Gelasius
1063 3161 1107 3217 bie
1122 3160 1244 3217 ernrdem
1261 3159 1391 3230 majorum

133 3264 236 3303 morem
250 3249 368 3304 imitatus
386 3247 519 3303 credatur.

218 3350 246 3405 u.
275 3349 330 3404 liae
345 3351 425 3404 etiam
440 3350 468 3404 in
480 3365 509 3403 re
524 3347 634 3416 eosdem
650 3356 691 3404 est
706 3349 833 3411 imitatus,
851 3348 922 3422 quod
940 3366 995 3405 non
1009 3351 1068 3404 sine
1083 3347 1188 3422 synodo
1204 3345 1309 3403 celebre
1325 3347 1390 3402 iilud

136 3432 270 3489 decretum
281 3423 444 3508 composuit.
469 3432 537 3489 liirc
548 3433 618 3488 idern
631 3435 711 3506 epist.
720 3432 761 3490 20
776 3432 807 3488 ab
820 3435 880 3507 ipso
892 3433 1104 3497 corrrmendatur,
1116 3442 1146 3490 ut
1159 3431 1232 3507 quod
1246 3440 1391 3489 tantorum

138 3521 299 3575 collectione
311 3521 481 3591 pontificum
495 3520 547 3575 sub
562 3522 684 3574 amnium
695 3507 903 3575 saluberrimae
910 3523 1085 3590 provisionis
1096 3534 1218 3575 assensu
1228 3517 1392 3590 perfectam

140 3602 196 3657 fuit.
225 3603 286 3674 Ejus
301 3613 392 3660 autem
407 3604 473 3659 duas
488 3610 578 3678 partes
594 3602 798 3677 distinguendas
814 3620 873 3658 csse
889 3605 946 3677 ipse
962 3621 1019 3678 cap.
1033 3603 1072 3658 nt
1088 3603 1177 3666 docet,
1195 3602 1239 3658 ubi
1254 3604 1293 3657 sic
1304 3603 1392 3676 loqui·

139 3695 193 3741 trr:
208 3689 249 3745 De
260 3691 407 3746 monacbis
420 3692 560 3761 laicisque
572 3691 716 3760 copiosius
726 3692 755 3744 in
765 3692 878 3761 primae
889 3692 1108 3761 praeceptionis
1117 3690 1208 3761 bajus
1216 3694 1304 3760 parte
1315 3690 1391 3761 dipe-

140 3780 216 3828 stum.
245 3772 360 3831 iiursum
375 3776 402 3830 ir
418 3773 544 3848 epist.25
566 3772 680 3846 duplicis
702 3773 782 3844 hujus
802 3775 884 3847 partis
906 3773 1107 3830 distinctionem
1129 3782 1221 3848 aperte
1234 3771 1334 3829 indicat
1350 3773 1391 3827 bis

142 3857 233 3913 verbis:
244 3861 408 3932 Praecepta
420 3861 579 3933 synodalia,
597 3874 672 3931 qnae
688 3866 755 3915 ante
767 3876 881 3930 paucos
896 3875 1007 3915 menses
1022 3861 1057 3916 de
1072 3861 1139 3916 sede
1154 3865 1255 3915 raostra
1271 3860 1310 3915 ad
1322 3876 1390 3930 pro·

143 3944 254 4000 rineiam
270 3954 336 4002 sunt
346 3946 467 4012 directa,
485 3951 512 4000 et
524 3947 650 4017 antiquis
662 3947 821 4000 canonibus
832 3949 1021 4014 consentiunt,
1036 3951 1063 4001 et
1078 3960 1123 4014 ea,
1140 3960 1215 4018 quae
1226 3947 1318 4000 minus
1329 3958 1391 3999 esse

142 4029 300 4102 probantur,
317 4031 483 4099 addidimus,
501 4036 528 4085 et
542 4032 571 4084 in
587 4035 712 4102 utraque
732 4037 819 4101 parte
835 4035 949 4087 coristat
964 4036 1015 4085 ete.
1043 4028 1136 4103 Neque
1151 4029 1239 4084 solum
1254 4027 1316 4083 inde
1331 4045 1391 4101 par·

145 4112 205 4167 tium
217 4114 316 4170 illarum
328 4115 538 4176 distinctionem,
546 4114 594 4169 sed
605 4122 632 4169 et
645 4113 824 4171 distinctionis
836 4113 916 4185 irrrjus
928 4115 1060 4170 rationem
1072 4122 1235 4187 compertam
1252 4112 1389 4168 babemus.

147 4193 180 4250 ibi
192 4214 279 4274 nempe
294 4201 416 4256 Gelasius
431 4199 472 4261 id,
494 4198 568 4273 quod
582 4201 700 4273 antiquis
715 4197 861 4255 canonibus
877 4201 1009 4254 sancitum
1030 4207 1101 4261 erat,
1122 4200 1208 4272 primo
1226 4196 1338 4259 firmare,
1361 4215 1390 4251 ac

147 4278 232 4338 deiude
245 4285 314 4359 quod
331 4284 433 4341 eisdem
448 4283 543 4340 deesse
558 4283 599 4338 vei
614 4286 702 4339 minus
718 4300 778 4339 esse
793 4283 939 4348 videbatur,
956 4284 1082 4358 supplere
1098 4300 1127 4337 se
1139 4282 1276 4338 studuisse
1287 4292 1387 4337 nrorret.

147 4361 196 4419 lice
207 4367 252 4424 aiis
266 4369 417 4444 quaerenda
433 4377 474 4425 est
489 4371 567 4431 ratio,
583 4385 632 4425 cur
647 4368 755 4425 eaedem
770 4385 813 4425 res
829 4370 921 4443 primis
938 4371 965 4425 ir
980 4367 1111 4442 capitibus
1120 4367 1175 4439 jam
1189 4374 1324 4430 tractatae,
1340 4368 1390 4423 itc-

148 4463 199 4504 rum
212 4453 317 4511 subinde
332 4457 360 4511 in
382 4453 578 4528 posterioribus
595 4461 744 4510 tractentur
764 4463 790 4509 et
807 4454 993 4529 expiarentur.

222 4555 246 4610 l.
268 4556 362 4613 Totam
378 4555 518 4630 epistolam
530 4554 672 4630 Dionysius
685 4553 805 4630 Exiguus
822 4564 849 4612 et
863 4555 1013 4612 lladriarus
1026 4555 1045 4611 1.
1063 4556 1090 4612 in
1105 4554 1144 4613 28
1160 4553 1284 4631 capitula,
1298 4553 1389 4632 iiispr·

150 4650 192 4691 rie
208 4649 288 4697 autern
308 4641 478 4699 collectionis
499 4640 658 4715 compilator
678 4648 705 4696 et
719 4639 837 4696 isidorus
852 4642 880 4696 ir
898 4640 940 4699 30
953 4641 1110 4697 diviserunt.
1141 4642 1200 4698 Nou
1215 4641 1287 4698 aliud
1302 4652 1390 4701 tamen

150 4720 210 4776 inter
222 4741 263 4781 eos
278 4736 318 4782 est
333 4727 491 4789 discrimen,
513 4728 565 4782 risi
580 4726 653 4800 quod
669 4742 684 4781 c
700 4725 805 4782 duobus
821 4727 912 4800 primis
928 4728 955 4783 in
970 4726 1086 4800 llisprua
1102 4726 1261 4783 collectione
1276 4735 1304 4783 et
1319 4729 1388 4802 apud

151 4802 303 4868 bautonem
324 4821 443 4887 quatuor
463 4811 587 4867 confecta
606 4819 679 4866 sunt.
722 4809 754 4866 Et
774 4830 824 4867 nos
845 4811 953 4884 quidem
973 4811 1130 4868 divisionem
1152 4813 1338 4885 llionysianam
1361 4822 1389 4868 ut

152 4893 317 4967 antiquiorem,
341 4905 369 4953 et
385 4913 465 4970 quarn
480 4895 655 4960 Cresconius,
673 4895 816 4952 corrodium
831 4896 980 4952 l‘arisiensc
993 4896 1033 4961 Vl,
1049 4896 1293 4961 Suessioucrselll,
1310 4897 1389 4954 ilinc·
