3204 5506
227 322 292 388 210
689 340 899 389 assaradon
922 339 1036 389 esraa

121 503 214 551 atssi.
227 493 321 559 betur
343 500 376 559 et
397 494 593 580 princepsl),
624 495 706 579 qnod
730 495 960 561 conscientiam
983 495 1163 560 dilectionis
1191 497 1266 560 tuae
1293 495 1440 563 memini!

226 622 291 664 non
319 599 419 664 latere
447 599 740 682 instructionesque
767 600 870 682 ipsas,
907 599 1021 682 quibus
1044 597 1142 662 fetent
1171 597 1376 679 confutatus,
1403 620 1440 663 ns

226 701 424 783 confidimns,
454 722 610 785 quemque
633 702 731 765 etiam
754 700 884 764 dubium
907 723 972 764 non
995 700 1037 763 sit
1060 699 1164 764 adhuc
1186 703 1277 765 extra
1301 722 1440 767 commin

225 825 299 866 nem
321 797 435 867 durare
458 802 659 886 catholicam,
684 823 840 886 saepeque
863 825 921 865 nos
943 802 982 865 de
1005 802 1115 866 codem
1130 824 1169 866 ex
1183 802 1240 865 illa
1255 803 1335 881 urbe
1349 802 1440 887 pelle

225 906 391 990 scripsisse
414 892 612 987 sticarium,
641 904 681 968 ad
704 905 871 988 praefatae
894 904 1048 968 ecclesiae
1071 904 1217 988 regimen
1240 904 1405 968 existimet
1429 929 1440 992 1

225 1008 418 1072 vehendum:
442 1030 576 1091 cumque
598 1006 800 1090 promittatil
823 1010 930 1070 rectae
953 1006 1026 1070 fidei
1047 1005 1288 1071 definitionibus
1312 1028 1440 1074 consen

224 1132 243 1172 a
266 1110 357 1192 cujus
385 1110 505 1200 utique,
535 1111 618 1173 sicut
644 1108 789 1192 superius
818 1107 894 1190 dixi,
926 1109 1086 1172 consortio
1108 1113 1176 1172 tam
1198 1108 1290 1193 degit
1312 1113 1440 1176 exuens

224 1234 318 1295 quma
341 1212 382 1275 ab
404 1213 473 1294 ejus
496 1210 717 1275 communione
740 1209 897 1273 discretus
920 1216 979 1273 est.
1018 1211 1069 1274 Ad
1092 1211 1222 1295 quams)
1245 1210 1272 1273 si
1288 1232 1377 1275 nunc
1390 1211 1440 1275 red

169 1321 172 1328 '
225 1313 401 1394 contendit,
435 1313 497 1376 nisi
526 1334 582 1396 per
610 1311 865 1376 satisfactionem
888 1310 1081 1375 Christianus
1110 1311 1230 1394 regulis
1259 1316 1440 1398 competent

206 1438 286 1478 uon
312 1419 419 1498 potest
441 1414 585 1497 introire,
610 1436 648 1477 ac
670 1413 802 1497 perinde
825 1435 890 1476 non
913 1412 953 1475 ad
976 1413 1143 1496 fastigium
1167 1412 1375 1478 sacerdotalis
1388 1414 1440 1498 diga

166 1540 175 1555 ·
222 1517 301 1580 tatis
323 1516 483 1598 accedere,
508 1516 562 1579 sed
585 1515 737 1596 medelae,
761 1536 842 1599 quae
864 1519 939 1598 post
959 1514 1199 1598 poenitudinem
1227 1515 1440 1599 praebendae

223 1623 455 1703 consequenter
477 1619 582 1702 aptari
599 1619 726 1681 animae
748 1638 824 1680 suae
847 1617 978 1700 cupiens
1001 1618 1226 1682 reconciliatus
1239 1618 1400 1698 auxilium,
1419 1639 1440 1681 n

222 1721 357 1804 gradum
373 1722 488 1784 smnmi
504 1720 633 1783 honoris
649 1719 815 1800 affectans,
838 1719 893 1801 qai
908 1718 963 1782 diu
979 1719 1180 1782 convincitur
1195 1719 1295 1784 fuisse
1310 1741 1440 1804 perversa

223 1844 264 1885 ne
285 1844 343 1907 per
357 1823 497 1907 speeiem
512 1822 686 1886 remeantis
702 1843 767 1884 non
783 1820 956 1884 remedium
973 1822 1116 1885 sincerae
1131 1820 1322 1886 salvationis
1337 1820 1440 1904 inqnin

222 1924 278 1987 scd
314 1925 504 1989 facultatem
541 1922 770 2008 propagandae
803 1923 972 2005 pravitatis
1008 1921 1163 1986 inveniat.
1214 1922 1284 1998 Qua)
1311 1924 1395 1987 facto
1419 1943 1440 1985 n

220 2082 524 2113 ——Q-ss—

287 2184 309 2248 ⁶)
327 2180 375 2249 qui
398 2179 510 2245 scilicet,
533 2178 666 2232 damnato
685 2177 817 2232 Dioscoro
836 2179 865 2231 et
883 2175 1009 2230 Proterio
1028 2176 1170 2242 ordinato,
1194 2179 1225 2230 ut
1242 2177 1271 2232 in
1288 2189 1357 2247 pest.
1374 2183 1405 2232 de
1420 2198 1440 2231 su

222 2268 313 2317 Aeacii
329 2264 432 2331 (Gelas.
451 2265 532 2318 tract.
555 2272 566 2315 1
587 2281 611 2315 n.
624 2266 651 2321 ti
670 2262 829 2331 exponitur,
848 2262 943 2316 statim
961 2279 990 2315 se
1008 2261 1044 2315 ab
1057 2260 1246 2316 Alexandrina
1264 2262 1392 2326 ccclesia,
1408 2279 1440 2328 cu

221 2355 282 2403 erat
294 2348 439 2414 diaconus,
459 2366 513 2402 tina
525 2365 587 2401 cum
602 2347 748 2400 Timotheo
760 2348 863 2401 Aeluro
876 2347 1000 2414 ejusdem
1012 2345 1146 2400 ecclesiae
1162 2348 1328 2416 presbytero
1341 2362 1440 2415 separa*

220 2433 339 2500 ideoque
357 2451 412 2487 una
430 2449 492 2485 cum
509 2432 607 2486 eodem
627 2449 644 2485 a
661 2430 801 2491 Preterio,
820 2431 867 2500 qui
885 2449 933 2485 cos
951 2431 987 2484 ad
999 2431 1155 2485 ministeria
1172 2448 1223 2485 sua
1234 2431 1347 2485 mordtis
1358 2447 1440 2485 revoc

219 2534 274 2570 non
287 2519 412 2586 poterat,
431 2517 578 2571 damnatus
592 2517 651 2570 fuit.
683 2516 762 2569 Htinc
775 2516 891 2569 subinde
906 2516 991 2584 jussit
1002 2516 1075 2569 Zeno
1087 2517 1148 2586 ipse
1160 2517 1316 2586 imperator
1327 2518 1398 2571 teste
1408 2515 1440 2569 Li

159 2590 171 2606 ⁸
220 2603 281 2655 raia)
300 2601 418 2656 breviar.
438 2620 460 2655 e.
482 2608 525 2668 lt,
549 2608 646 2671 expelii
662 2614 785 2671 {tamquam
803 2605 956 2655 haereticam
976 2613 1001 2654 et
1023 2606 1172 2655 adulterum.
1205 2602 1295 2656 Porro
1315 2623 1366 2670 per
1382 2607 1440 2668 tripi

219 2707 313 2753 ariacas,
332 2686 372 2740 cit
390 2686 515 2741 Gelenius
531 2688 643 2740 tractat.
664 2692 679 2738 2
697 2704 723 2738 n.
742 2691 769 2750 7,
786 2689 899 2751 famosus
917 2697 1080 2754 expupnator
1097 2692 1212 2740 ueritatis
1226 2691 1288 2754 suit.
1301 2717 1333 2725 -
1347 2684 1440 2755 Episia

219 2788 282 2825 mox
301 2772 473 2826 memoratae
491 2773 555 2824 sunt
573 2770 708 2840 Simplicii
726 2769 805 2838 epist.
828 2776 933 2825 10-13.

286 2859 307 2923 ⁷)
325 2856 385 2910 Hoc
406 2856 435 2909 in
456 2874 486 2911 sc
504 2855 610 2926 recepit
628 2856 715 2916 Zeno,
738 2853 805 2921 qida
822 2871 907 2921 quam
925 2854 1141 2910 Alexandrinam
1159 2854 1253 2910 sedem
1272 2857 1357 2911 Petro
1379 2855 1440 2911 resti

214 2941 355 3009 jussisset,
374 2947 503 2997 dummodo
522 2946 648 2996 lienotico
665 2960 711 2994 sao
727 2943 898 2993 subscribam
916 2951 939 2992 et
953 2944 1122 2995 Proterianos
1134 2947 1159 2994 in
1172 2947 1365 2996 communionem
1375 2947 1440 2996 sami

218 3038 260 3080 ret
278 3026 424 3095 (Evagrfl.
438 3027 469 3080 E.
483 3027 587 3092 ltine),
605 3028 754 3092 utrumque
767 3024 813 3078 illc
827 3024 1023 3093 spoponderat.
1062 3031 1173 3080 Aeacius
1190 3046 1265 3087 uera,
1284 3027 1326 3081 ait
1342 3026 1440 3082 Libera

219 3112 293 3164 brev.
314 3128 336 3164 c.
358 3117 401 3178 1‘t,
417 3118 580 3180 promittente
599 3116 678 3189 Petro
700 3114 789 3175 facere
809 3115 928 3164 acuitatem
947 3130 993 3164 nec
1010 3115 1093 3164 addar
1110 3117 1230 3178 implente
1252 3117 1376 3179 tepitima,
1398 3130 1440 3164 nor

217 3201 275 3262 ejus
292 3202 318 3250 in
336 3202 462 3265 diptpcdis
480 3202 587 3251 recitari
603 3201 726 3264 permisit.

285 3284 306 3348 1)
324 3280 430 3335 scilicet
447 3288 649 3341 continuatorem,
667 3280 695 3332 id
714 3279 789 3345 quod
807 3279 962 3333 necessario
975 3278 1179 3333 observandam
1192 3280 1244 3334 fuit
1262 3281 1440 3350 propternot

218 3365 415 3434 marginalem,
434 3383 505 3434 quae
523 3366 552 3418 in
570 3365 748 3419 conciliorum
767 3364 903 3418 editiones
920 3364 1031 3418 incante
1049 3365 1186 3418 translata
1198 3382 1213 3419 e
1226 3366 1355 3420 Romana
1366 3368 1440 3432 est,i

218 3449 358 3518 aregioue
371 3451 453 3518 hujus
464 3451 519 3504 loci
531 3455 628 3505 contra
640 3449 773 3518 Simplicii
787 3451 909 3504 mentem
927 3449 1105 3503 adscribitur:
1125 3455 1267 3505 Hacretico
1280 3471 1331 3506 nan
1342 3460 1413 3519 patet
1427 3470 1440 3503 a

216 3545 257 3588 tus
275 3541 310 3589 ad
326 3555 429 3588 recurrero
448 3542 634 3597 ecclesiastica,
659 3541 709 3588 nisi
724 3540 867 3604 praecedat
883 3539 1035 3601 satisfactio.
1072 3534 1130 3588 Hoc
1148 3551 1233 3603 porro
1252 3552 1339 3589 unum
1355 3533 1440 3589 sibiv

217 3618 386 3688 Simplicius,
404 3619 444 3673 ita
457 3619 540 3672 Petro
558 3620 665 3674 aditum
684 3621 720 3673 ad
732 3620 870 3674 Ecclesiae
883 3619 1104 3674 counnunionem
1121 3636 1176 3672 non
1193 3622 1305 3689 patere,
1324 3623 1356 3674 ut
1371 3618 1440 3673 nulls

217 3721 249 3757 cx
268 3720 408 3758 sacrorum
428 3722 563 3759 canonum
581 3705 753 3774 praescripto
772 3705 892 3774 supersit
910 3722 973 3774 spes
985 3703 1084 3779 simnni
1096 3704 1243 3758 sacerdotii
1262 3704 1440 3774 alteriusrsg

217 3788 268 3841 dus
287 3788 475 3855 ecclesiastici,
499 3806 680 3858 quaecunque
698 3790 849 3843 satisfactio
868 3789 1058 3858 praecesserit.
1096 3794 1193 3843 Nostra
1215 3796 1260 3844 tes
1284 3802 1324 3844 est
1343 3795 1440 3845 lisdesi

216 3873 306 3942 inquit
322 3874 501 3929 innocentius
519 3875 597 3943 epist.
620 3880 649 3927 17
666 3892 693 3927 n.
707 3880 735 3939 8,
754 3880 908 3930 uenientibus
926 3879 958 3928 ab
980 3878 1117 3928 haereticis
1135 3914 1154 3928 ..
1172 3894 1221 3942 per
1242 3895 1331 3930 manus
1347 3881 1440 3945 inponit

216 3978 269 4012 nem
287 3965 376 4013 laicam
393 3970 488 4014 tantum
505 3965 618 4014 tribuere
636 3966 840 4023 communionem,
864 3981 910 4014 nec
927 3980 962 4014 ea
979 3965 1018 4013 dis
1036 3965 1142 4028 aliquem
1160 3967 1185 4012 in
1208 3966 1349 4015 clericatus
1365 3965 1440 4019 sm

215 4051 254 4098 aet
270 4050 387 4113 ecipuum
404 4050 557 4115 subrepere,
576 4047 605 4099 et
623 4062 649 4098 n.
669 4051 683 4098 7
702 4044 778 4098 velat
795 4061 854 4097 rcm
871 4045 900 4098 in
918 4044 1041 4098 Ecclesia
1059 4045 1233 4097 constantem
1250 4044 1345 4114 ponit,
1363 4049 1440 4115 stip

215 4136 337 4184 nitentiae
354 4136 489 4185 remedium
507 4137 675 4185 necessariam
693 4143 744 4192 est,
763 4134 797 4182 ibi
814 4136 983 4184 ordinationis
1001 4135 1120 4184 donarem
1138 4136 1216 4184 torum
1228 4133 1324 4184 tabere
1337 4151 1388 4186 sou
1397 4149 1440 4200 pot

215 4213 284 4268 Hinc
302 4215 450 4270 novissime
468 4216 580 4269 Hilarus
596 4215 676 4291 epist.
699 4220 729 4267 15
748 4220 803 4267 ni
822 4215 996 4279 decreverat,
1015 4235 1045 4268 ne
1063 4220 1089 4268 ta·
1106 4221 1149 4285 pai
1166 4235 1201 4269 ea
1216 4219 1440 4282 poenitentibus

213 4305 249 4353 ud
264 4320 354 4355 sacros
371 4307 476 4355 ordines
493 4307 631 4369 adspirare
649 4305 769 4356 anacteam.
794 4299 865 4352 Vide
884 4299 969 4353 etiam
988 4298 1077 4352 Siricii
1095 4299 1175 4369 epist.
1197 4306 1266 4354 1011.
1280 4305 1311 4367 8,
1333 4302 1440 4371 Augufll

213 4384 293 4453 epist.
314 4390 363 4439 185
381 4385 417 4438 ad
435 4384 607 4439 Bonifacium
625 4403 651 4438 n.
670 4390 715 4449 it,
733 4383 831 4438 Leonis
849 4384 929 4452 epist.
945 4389 988 4448 18,
1006 4383 1104 4438 Felicis
1116 4383 1148 4443 ΙΙ,
1158 4383 1237 4454 epist.
1259 4393 1290 4438 13
1309 4402 1371 4456 cap.
1385 4386 1440 4453 at

214 4469 273 4522 iasii
291 4469 370 4538 epist.
392 4476 421 4523 14
440 4488 462 4523 c.
482 4477 511 4535 3,
529 4470 652 4539 Agapeti
670 4469 745 4538 epist
761 4475 777 4522 ‘t
795 4486 820 4522 u.
835 4476 858 4522 3.
895 4469 957 4537 ipse
975 4470 1049 4522 Zeno
1067 4469 1104 4523 ad
1122 4469 1271 4538 imperium
1287 4473 1438 4526 revocatus

212 4569 352 4621 regressus
374 4556 446 4608 teste
469 4553 560 4608 Felice
579 4554 603 4607 11
621 4554 701 4623 epist.
723 4561 735 4608 1
754 4572 780 4607 n.
801 4560 816 4607 9
839 4553 984 4623 praecepit
1007 4574 1062 4614 eos.
1085 4561 1129 4624 qut
1145 4576 1162 4607 a
1181 4559 1260 4609 Petro
1283 4567 1329 4610 aut
1356 4560 1440 4613 iisset«

211 4643 348 4693 haereticis
367 4644 477 4705 fuissent
494 4645 618 4703 ordinati,
640 4646 664 4694 si
681 4645 874 4708 resipiscerent,
898 4646 934 4692 aci
952 4646 1144 4694 cvrurmauionem
1164 4646 1260 4708 recipi,
1284 4662 1336 4697 non
1357 4649 1434 4697 etia·

211 4731 274 4777 ritate
292 4731 450 4792 praesumpti
460 4730 556 4792 pradia
566 4731 700 4794 prisilepia
712 4730 818 4779 admitti.
849 4723 877 4776 Si
896 4724 949 4777 hoc
965 4727 1060 4778 nutcm
1079 4724 1113 4778 dc
1131 4724 1165 4778 iis
1183 4727 1227 4778 est
1238 4725 1397 4795 definitum,
1415 4744 1440 4796 qt

210 4807 310 4861 Petras
323 4808 513 4876 ordinaverat,
527 4812 631 4877 qiianto
644 4809 733 4876 iringis
745 4809 780 4863 de
792 4809 852 4878 ipso
865 4810 962 4875 Petro,
975 4809 1022 4876 qui
1035 4814 1064 4863 et
1075 4809 1281 4865 haereticorum
1294 4811 1353 4867 dux
1364 4814 1396 4868 et
1406 4831 1440 4884 pr

210 4895 254 4945 ter
272 4892 411 4945 Ecclesiae
429 4893 507 4961 leges
526 4893 669 4947 ordinatas
687 4895 786 4947 fuerat.
1192 4907 1194 4911 ·
