3204 5506
206 371 389 422 EPISTOLA
410 362 459 419 21.
502 336 656 420 nostrin*
670 371 780 420 EPlST.
803 372 874 419 NON
897 372 1066 422 EXSTANT.
1090 373 1123 419 N.
1138 371 1249 420 1—1v.
1307 359 1371 423 215

62 533 139 607 lpse
162 535 283 608 quippe
304 533 396 590 studio
416 533 475 595 luit,
500 540 528 588 ut
550 531 617 588 illud
639 541 696 588 tum
717 533 743 588 in
759 532 947 606 antencyclicis
962 533 1080 589 Basilisci
1095 533 1202 596 litteris,
1223 552 1289 608 quas
1305 534 1369 591 Eva·

65 620 162 692 grius
181 618 261 674 libro
278 618 298 676 3
321 636 378 692 cap.
396 619 413 675 7
431 618 560 685 historiae
574 634 639 673 snae
654 618 779 680 inseruit,
801 625 858 691 tum
874 620 986 673 masinae
1001 619 1027 675 in
1044 620 1239 675 constitutione
1254 620 1369 677 Zenonis

65 720 97 758 a.
117 702 196 760 476
212 703 273 759 lata
288 702 320 776 (l.
338 704 376 762 16
391 704 419 759 ll.
435 704 471 760 de
485 706 686 761 sacrosanctis
700 705 832 759 caelenis
846 703 865 766 l,
883 701 912 774 2)
929 704 1036 759 disertis
1052 702 1140 759 verbis
1152 703 1367 762 confirmaretur.

66 788 184 862 Neque
202 789 248 844 his
270 795 415 845 contentus
436 790 516 845 etiam
531 788 692 844 antiocheni
714 789 834 861 episcopi
855 798 962 861 praeter
981 788 1126 845 Nicaenum
1147 806 1276 845 canonem
1298 791 1369 846 ordi·

67 873 170 929 naudi
188 875 365 930 occasionem
384 873 459 930 aride
480 851 602 947 arr'ipnit.
634 871 689 940 Qua
711 879 801 928 autent
822 871 855 928 de
871 889 949 928 causa
964 872 990 928 id
1006 872 1056 928 sibi
1072 882 1234 948 arrogasset,
1256 876 1369 949 impera·

69 968 146 1014 tore
170 957 321 1015 adnitente
340 975 395 1015 non
416 959 507 1014 omuit
527 956 635 1031 quidem
656 956 794 1031 Simplicia
821 974 901 1031 quam
922 959 1037 1031 primum
1060 974 1205 1032 exponere,
1231 977 1262 1016 ac
1281 977 1370 1034 neque

68 1044 199 1117 respuit
225 1044 251 1098 is
278 1059 345 1117 papa
376 1042 434 1114 ejus
460 1042 671 1100 satisfactionem
703 1039 748 1114 (ci.
771 1041 865 1116 Simpl.
895 1043 975 1116 epist.
994 1042 1033 1100 15
1049 1053 1076 1099 ct
1094 1042 1153 1115 16).
1206 1044 1258 1116 Sed
1286 1062 1368 1119 quum

71 1127 221 1184 eumdem
237 1129 409 1202 experiretur
424 1128 568 1203 vigilanter
583 1136 611 1184 et
626 1126 742 1189 assidue.
759 1129 879 1201 quamvis
895 1144 924 1182 ea
938 1127 1215 1202 moderationemque
1228 1120 1370 1203 prodentia

72 1230 156 1288 quae
174 1213 220 1268 l'as
237 1220 306 1276 erat,
328 1211 465 1269 ambitioni
485 1229 551 1268 suae
574 1211 765 1274 obluctantem,
787 1211 896 1267 modum
918 1213 1031 1286 amplius
1052 1220 1146 1269 tenere
1161 1230 1216 1269 non
1232 1213 1323 1276 valuit,
1341 1222 1369 1270 et

72 1297 213 1355 conflare
240 1300 333 1373 coepit
356 1298 487 1368 schisma,
519 1297 595 1371 quod.
619 1296 792 1370 postmodum
814 1296 902 1353 Felice
922 1297 1050 1371 Simplicii
1070 1315 1229 1355 successore
1249 1299 1368 1372 apertius

73 1384 192 1458 erupit.

710 1526 752 1592 ll.

77 1660 111 1697 u.
124 1639 197 1699 475
214 1655 243 1698 c.
259 1653 346 1696 mens.
364 1637 435 1695 Noa.
456 1637 617 1707 Florentii,
636 1637 746 1712 Eparitii
759 1653 796 1694 ac
809 1637 909 1694 Seueri
922 1641 1124 1710 episcoporum
1139 1640 1179 1696 ad
1193 1637 1369 1711 Simplicium

249 1728 353 1782 relatio
378 1725 415 1780 de
440 1725 609 1798 quibusdam
630 1725 918 1796 praesumptionibus
939 1724 1093 1781 caecante·
1112 1726 1287 1796 Aufiniensis
1308 1728 1368 1798 cpi·

249 1813 340 1882 scopi.

176 1915 262 1968 Anno
280 1910 343 1968 475
364 1918 426 1967 ante
448 1926 566 1967 mensem
588 1909 759 1967 Decembrem
786 1912 890 1984 accepit
911 1909 1063 1984 Simplicius
1084 1911 1243 1966 relationem
1263 1910 1312 1966 sibi
1335 1910 1367 1966 ab

78 1999 229 2073 episcopis
240 1995 389 2058 florentio.
406 1995 513 2069 Equitio
528 2012 560 2051 ac
571 1994 672 2052 Severo
687 1996 794 2052 mbsam
811 2012 863 2051 nna
878 2013 938 2051 cum
955 1997 1039 2070 gestis
1055 1994 1229 2069 synodalibus
1240 1995 1368 2051 adversus

78 2082 276 2139 Gaudentium
295 2078 478 2137 Aufiniensem
499 2081 656 2155 episcopum
681 2080 822 2138 conlectis.
861 2080 946 2136 Porro
967 2082 989 2136 is
1013 2087 1153 2136 accusatus
1175 2079 1271 2141 luerat.
1294 2080 1366 2153 quod

80 2167 202 2225 illicitas
218 2166 331 2223 iecisset
346 2165 540 2228 ordinationes,
560 2173 586 2221 et
604 2182 617 2220 a
633 2167 760 2229 triennio,
778 2182 832 2239 quo
848 2164 971 2221 videlicet
986 2181 1047 2220 cnm
1062 2164 1189 2221 ecclcsiae
1204 2164 1368 2221 hahnicnsis

80 2253 216 2326 regimen
238 2252 394 2324 suscepisse
414 2248 569 2321 conjectura
584 2258 641 2313 est,
664 2259 760 2322 quarta
775 2250 909 2306 redituum
931 2249 1011 2321 liujus
1028 2248 1155 2306 ecclesiae
1171 2251 1296 2323 portione
1312 2266 1367 2306 non

80 2344 251 2399 contentus,
267 2338 347 2393 etiam
363 2344 419 2393 tres
433 2335 498 2392 alias
512 2336 540 2392 ia
557 2351 634 2392 usum
650 2352 730 2391 snum
745 2332 960 2409 consumpsisset
970 2334 1026 2411 ι(οῖ.
1044 2334 1137 2410 Simpl.
1154 2352 1197 2408 ep.
1216 2334 1254 2408 1).

702 2531 761 2597 ΙΠ.

81 2662 112 2701 n.
129 2642 200 2701 475
215 2641 303 2784 τιέξ)
319 2642 389 2700 dea.
429 2641 570 2714 Simplicii
589 2642 629 2698 ad
643 2641 780 2698 Seuerum
796 2643 1006 2698 ordinationum
1022 2644 1051 2697 in
1067 2644 1192 2700 ecclesia
1208 2642 1369 2715 sicliniensi

296 2730 398 2802 epatis.

175 2829 225 2886 uia
239 2826 472 2888 lemrtammtr.
489 2826 582 2884 a.475
592 2827 744 2902 Simplicius
760 2835 867 2902 praeter
878 2845 1048 2885 communem
1060 2831 1199 2903 epistolam
1212 2829 1244 2884 ad
1256 2828 1367 2886 Floren-

83 2919 166 2978 tium,
180 2913 324 2989 Equitium
334 2920 362 2970 et
373 2913 508 2976 Severum,
522 2929 590 2987 quae
596 2921 730 2969 asservata
742 2922 793 2976 est,
806 2914 885 2969 etiarn
892 2913 1053 2988 peculiarem
1061 2914 1159 2970 Severo
1166 2916 1283 2988 scripsit.
1299 2932 1367 2989 quae

82 2998 274 3059 desideratur.
305 2997 343 3055 Eo
364 3005 453 3054 antem
473 2997 612 3073 spectabat
631 2998 676 3054 illa
695 2998 818 3071 epistola,
841 3007 872 3053 ut
891 2997 1007 3054 Severus
1030 2998 1228 3055 ordinationum
1249 3000 1276 3054 in
1293 2999 1366 3055 huli-

82 3086 177 3143 niensi
199 3083 315 3141 ecclesia
336 3091 500 3158 potestatem
521 3081 571 3139 sibi
591 3082 740 3157 delegatam
761 3084 851 3147 sciret,
875 3100 943 3157 quac
965 3083 1114 3140 Gaudentio
1136 3084 1264 3158 episcopo
1280 3082 1366 3141 reblata

83 3180 144 3226 erat
167 3167 217 3241 (ci.
236 3167 332 3243 Simpl.
349 3170 427 3244 epist.
447 3169 462 3223 1
484 3186 511 3224 n.
530 3167 568 3240 1).
1060 3172 1064 3178 ’

592 3322 595 3328 ’
700 3346 757 3412 rr.

82 3457 190 3515 amaa
206 3460 281 3514 exit.
309 3455 547 3530 Presbyterornnt
562 3458 857 3514 archimandritarum
869 3475 905 3514 ac
920 3459 1125 3515 monachorum
1141 3460 1181 3515 ad
1192 3460 1366 3533 Simplicium

247 3543 284 3599 de
298 3545 379 3599 nouis
396 3541 532 3600 Timothei
545 3544 648 3599 Acbari
662 3546 802 3600 violentiis
817 3546 930 3600 relatio.

174 3646 254 3701 Circe
279 3643 352 3699 idem
380 3650 485 3717 tempus
518 3643 682 3718 presbyteri,
714 3644 934 3700 archimandritae
967 3662 997 3701 ac
1023 3646 1145 3702 monachi
1177 3662 1216 3704 ex
1245 3648 1367 3704 diuersis

82 3731 279 3789 mncmcriis
298 3727 373 3784 urbis
394 3729 485 3802 regiae
501 3728 531 3784 ad
548 3729 714 3802 Simplicium
730 3727 889 3784 relationem
905 3731 1045 3792 miserunt,
1063 3748 1114 3804 qna
1130 3731 1298 3796 nuntiabant,
1321 3733 1365 3788 Ti·

82 3816 233 3872 matheum
249 3813 377 3870 helurum
397 3811 485 3884 ejecto
500 3813 643 3869 'timotheo
665 3815 836 3870 catholicam
853 3816 1082 3872 Alexandrinam
1103 3819 1257 3873 ecclesiam
1278 3834 1363 3874 occu-

79 3915 185 3974 passe,
209 3901 337 3972 indeque
357 3897 631 3971 Constantinopolim
652 3899 824 3955 contendere
845 3915 956 3968 ausum,
976 3899 1068 3955 turbas
1088 3900 1124 3956 ibi
1144 3904 1292 3958 nonnuliis
1312 3903 1367 3959 sibi

79 3985 260 4061 faventibus
273 3983 424 4040 concitasse
439 3981 485 4055 (ci.
501 3981 595 4057 Simpl.
613 3999 656 4058 ep.
671 3984 688 4038 ‘2
706 4001 732 4038 n.
751 3983 777 4044 1,
793 4000 836 4055 ep.
850 3984 869 4040 3
886 4002 912 4039 n.
930 3983 948 4039 2
965 3992 992 4040 et
1008 3983 1046 4056 3),
1063 3986 1274 4059 nominatimque
1287 3986 1364 4042 illum

82 4070 195 4145 eregta
209 4068 381 4143 processisse
398 4068 429 4123 ad
446 4068 594 4131 ecclesiam,
618 4067 696 4125 turba
711 4069 840 4140 stipatum
856 4068 991 4132 seditiosa,
1015 4086 1083 4143 quae
1099 4069 1132 4124 de
1147 4071 1206 4143 ipso
1222 4072 1365 4127 concinere

83 4174 141 4213 non
159 4154 287 4211 timuerit
307 4154 473 4209 benedictus
488 4156 538 4226 qui
552 4156 627 4210 venit
642 4157 671 4209 in
687 4155 799 4209 nornine
814 4153 927 4209 Domini
947 4153 1051 4227 (Simpl.
1069 4170 1111 4227 ep.
1129 4155 1147 4210 3
1164 4171 1190 4209 n.
1209 4154 1236 4215 3,
1259 4154 1362 4210 Tlrend.

81 4242 150 4298 lect.
168 4240 203 4296 ll.
223 4236 253 4294 E.
268 4237 279 4293 l
294 4255 322 4312 p.
336 4236 419 4309 bibl:
443 4238 484 4293 his
499 4237 641 4300 addebant,
662 4253 723 4294 sese
739 4236 847 4310 quidem
863 4237 1009 4301 obstitisse,
1026 4254 1060 4294 ne
1075 4240 1102 4294 in
1119 4237 1257 4295 ecclesiam
1274 4241 1364 4312 ingre·

80 4326 201 4383 deretur
217 4321 267 4396 (ci.
283 4321 378 4397 Simpl.
395 4320 464 4397 ep.4
480 4323 543 4387 n.3,
560 4324 639 4397 epist.
647 4321 686 4396 5).
710 4321 757 4377 sed
773 4338 834 4377 cnm
850 4324 889 4378 sic
904 4322 1042 4396 repulsum
1058 4322 1231 4379 nihilominus
1246 4341 1295 4398 per
1310 4325 1364 4397 pri·

80 4420 159 4467 ratas
175 4407 362 4485 quorumdam
378 4407 474 4463 domos
489 4407 617 4464 sacrificia
632 4406 781 4464 celebrasse
797 4405 841 4480 (ci.
858 4406 952 4480 Simpl.
968 4408 1038 4482 ep.3
1054 4406 1129 4478 a.3).
1161 4407 1214 4463 ttae
1231 4407 1362 4471 tacebant,

79 4496 134 4554 sibi
157 4497 187 4552 in
210 4500 292 4550 tanto
313 4491 466 4548 discrimine
485 4501 641 4567 suspectum
663 4508 723 4548 esse
746 4492 832 4547 Aeacii
852 4491 998 4547 silentium.
1032 4492 1085 4567 lpsi
1100 4509 1163 4548 vero
1180 4493 1244 4564 quid
1260 4492 1365 4549 consilii

79 4583 136 4639 hoc
151 4595 250 4637 rerum
266 4584 343 4633 statu
358 4583 493 4652 caperent,
514 4576 681 4651 Simplicium
697 4584 834 4651 rogantes,
854 4578 956 4632 interea
977 4579 1048 4634 viros
1065 4575 1096 4632 ab
1112 4593 1144 4633 co
1160 4577 1240 4653 dirigi
1256 4585 1364 4652 expete·

79 4667 157 4728 mut
174 4678 300 4740 qnorum
315 4661 449 4718 industria
462 4663 617 4719 necessitati
633 4661 766 4718 Ecclesiae
782 4661 973 4717 consuleretur
988 4662 1091 4737 (Simpl.
1109 4661 1179 4736 ep.4
1202 4680 1228 4718 n.
1245 4662 1263 4718 2
1280 4671 1307 4719 et
1323 4661 1363 4734 4).

79 4752 129 4808 llis
144 4747 308 4808 rescribens
323 4745 476 4822 Simplicius
491 4747 534 4804 die
551 4747 656 4803 lllan.
672 4763 696 4802 a.
713 4745 783 4809 476.
799 4747 920 4821 ipsorum
935 4748 1038 4803 litteras
1053 4749 1149 4810 serius,
1171 4764 1249 4821 quam
1266 4747 1365 4804 voluis-

77 4846 152 4900 sent,
174 4834 232 4891 sibi
253 4831 378 4889 redditas
399 4846 459 4888 esse
479 4830 648 4907 significavit.
678 4831 754 4887 Unde
769 4832 916 4906 colligitur,
933 4849 976 4887 cas
993 4850 1047 4889 non
1064 4834 1152 4888 minus
1168 4832 1274 4888 dnobus
1291 4849 1364 4889 men·

78 4923 157 4979 siluas
173 4927 244 4977 aute
260 4935 286 4973 a.
303 4916 367 4976 475
383 4918 485 4973 exltnm
501 4917 584 4973 inisse
599 4916 776 4991 conscriptas.
