3204 5506
237 341 299 404 308
354 344 360 353 '
712 356 897 409 soannsrr
921 355 1033 402 rarus

122 514 220 577 [ιι-488
237 532 310 574 eum
331 510 378 574 sic
401 510 506 573 velitis
529 508 660 592 absolvi,
690 512 727 572 ut
753 510 788 574 in
813 510 961 574 omnibus
989 513 1022 571 et
1051 509 1283 573 conscientiam
1304 510 1442 572 nostram

125 581 223 645 Μ’)
236 612 357 676 samam
386 611 514 676 faciatis
542 611 682 696 erponi?
725 610 978 694 Conscientiam,
1015 612 1042 674 si
1070 610 1251 694 absolvam,
1287 631 1381 695 quern
1405 613 1445 676 uu

236 714 425 799 perditionis
448 717 609 778 auctorem
636 736 670 778 se
692 715 760 798 ipse
788 714 950 797 professus
978 716 1041 795 est3
1069 713 1207 795 famam,
1237 713 1337 777 totius
1364 715 1445 791 muta

236 816 426 883 sententiae.
472 816 541 880 Nec
562 818 671 901 potest
692 816 765 898 dici,
790 818 874 900 quod
896 838 993 901 quum
1015 816 1049 879 in
1072 816 1150 880 istos
1164 817 1331 899 tamquam
1352 815 1387 879 in
1401 836 1445 880 au·

236 942 286 983 res
308 920 552 984 malefactorum
573 918 672 982 fuerit
694 941 792 1003 usque
815 919 855 982 ad
879 921 1000 982 certum
1015 919 1188 1004 tempus⁷¹)
1211 918 1445 1003 promulgatas

235 1023 354 1104 tentia,
387 1021 457 1086 ideo
490 1020 531 1084 ab
559 1020 609 1084 his
638 1025 778 1085 retracta
806 1022 848 1085 sit
875 1025 1040 1105 tamquam
1066 1021 1223 1103 innoxiis,
1259 1023 1297 1084 ut
1326 1021 1362 1084 in
1389 1019 1445 1084 Act

236 1146 334 1208 usque
357 1123 396 1187 ad
418 1123 452 1187 id
474 1126 611 1206 tempuS,
635 1123 718 1207 quod
740 1124 791 1188 his
805 1125 914 1187 fuerat
928 1123 1166 1207 praestitutum,
1190 1123 1267 1207 quia
1282 1125 1394 1187 auctor
1411 1126 1445 1186 to

236 1231 286 1291 est
306 1226 394 1309 mali,
425 1226 534 1289 eadem
563 1226 682 1309 quain
710 1227 789 1290 istos
816 1227 941 1289 ratione
968 1229 1121 1290 servetur.
1167 1225 1249 1301 Quia
1276 1225 1312 1289 in
1342 1224 1445 1289 acad

236 1333 347 1414 utpote
375 1329 408 1393 in
443 1332 621 1410 auctorem,
654 1328 858 1392 insolubilem
892 1329 958 1392 dixi
980 1349 1084 1393 meam
1111 1328 1179 1393 fore
1208 1327 1416 1411 sententiam,
1442 1348 1445 1390 1

236 1435 322 1496 certo
344 1435 488 1516 tempore
504 1430 725 1514 relaxandam
749 1454 844 1517 quam
867 1432 893 1494 si
906 1432 1009 1496 denuo
1026 1431 1188 1513 confirnm,
1213 1429 1411 1494 definitionis
1433 1449 1445 1493 s

235 1539 346 1599 tenore
368 1556 520 1598 mansura
542 1538 603 1617 est,
633 1536 755 1597 utnon
781 1533 884 1618 possit
906 1534 1041 1598 absolvi.
1087 1532 1156 1598 Nec
1178 1532 1265 1597 enim
1293 1533 1361 1598 illic
1389 1532 1445 1598 dict

235 1641 293 1718 est,
318 1658 411 1716 usque
433 1642 476 1700 ad
497 1642 574 1700 iilud
595 1648 718 1718 tempus,
743 1635 798 1700 sed
822 1635 944 1700 dictum
966 1638 1025 1719 est,
1050 1657 1204 1715 nunquam
1220 1656 1290 1700 esse
1310 1633 1445 1699 solvend

218 1795 220 1799 .
318 1740 370 1805 36.
409 1743 470 1802 Sed
490 1761 579 1818 qaum
602 1745 669 1816 noc,
695 1739 811 1824 inquis,
827 1747 897 1818 jam
920 1746 1046 1818 dixeris,
1072 1751 1171 1803 tamen
1195 1761 1277 1804 nanc
1298 1759 1366 1802 eam
1393 1758 1445 1803 ma

235 1848 398 1908 absoluere.
444 1841 572 1906 Sufficit
594 1841 644 1904 vel
667 1843 765 1906 semel
788 1841 893 1905 dictae
916 1841 1096 1906 sententiae
1112 1862 1284 1926 procurare
1301 1840 1445 1905 solutioni

234 1943 309 2029 quid
333 1966 402 2008 eam
425 1965 476 2006 me
498 1943 545 2007 vis
569 1965 638 2008 meo
661 1943 778 2007 iterare
800 1943 951 2009 decreto?
979 1944 1012 2009 Si
1035 1943 1133 2008 semel
1156 1943 1256 2008 latam
1278 1942 1445 2028 indignam

235 2067 291 2110 cur
313 2047 479 2131 geminare
503 2045 721 2110 contenditis?
753 2046 787 2111 Si
810 2046 908 2111 semel
930 2046 1090 2131 prolatam
1105 2046 1270 2110 absolvere
1292 2045 1445 2110 videtur<

234 2148 375 2232 difficile,
399 2148 473 2234 quid
496 2148 651 2213 iaciemus
674 2149 712 2211 de
735 2149 953 2234 geminatione
976 2148 1360 2215 senientiaeirorsitan
1387 2146 1445 2210 eti

235 2249 353 2336 aliquid
387 2252 493 2316 minus
520 2274 571 2316 me
601 2252 803 2337 cognovisse,
838 2274 933 2337 quam
966 2253 1086 2316 dictum
1117 2255 1175 2334 est,
1210 2254 1324 2335 potero
1349 2249 1385 2313 in
1410 2270 1445 2313 se:

233 2353 377 2437 prolatae
405 2356 585 2419 sententiae
612 2355 805 2419 resolutione
835 2358 991 2420 tractare:
1020 2376 1118 2439 quum
1143 2374 1215 2417 eam
1241 2353 1407 2438 geminata
1431 2373 1445 2437 1

234 2455 372 2521 sessione
394 2456 570 2540 firmavero,
595 2456 671 2541 quid
693 2479 743 2521 me
766 2457 895 2522 remedii
920 2459 968 2521 vis
990 2455 1132 2522 habere?
1153 2455 1292 2521 maxime
1307 2454 1337 2520 si
1351 2455 1445 2519 etiam

234 2561 378 2643 tempore
399 2558 484 2623 hanc
508 2560 696 2623 confirmare
719 2558 945 2643 demonstrem,
969 2581 1032 2644 quo
1053 2560 1139 2624 nitor
1161 2557 1337 2624 absolvere.

319 2661 370 2726 37.
416 2665 478 2725 Sea
505 2669 671 2742 imperator
699 2670 756 2728 uim
780 2667 858 2740 fecit
886 2671 1009 2728 Acacio.
1058 2660 1132 2746 ,Hoc
1152 2683 1231 2747 ego
1265 2662 1407 2726 dicturus
1438 2681 1446 2721 r

235 2779 315 2846 sum,
340 2763 414 2847 quia
436 2785 496 2828 nec
518 2785 627 2829 verum
650 2769 708 2847 est,
733 2767 765 2828 et
788 2786 937 2829 accusare
960 2764 1067 2848 palam
1089 2764 1271 2848 principem
1292 2763 1445 2829 omninor

235 2886 379 2950 possum,
403 2870 487 2931 certe
512 2889 566 2931 vos
589 2870 691 2930 estote
712 2865 808 2950 hujus
831 2867 1046 2931 accusationis
1070 2869 1225 2930 auctores.
1271 2865 1445 2950 sinbpua

236 2968 462 3052 absolvendus,
487 2970 542 3055 qui
564 2971 597 3032 in
619 2969 722 3033 Deum
745 2968 915 3052 deliquisse
938 2969 1155 3051 convincitur,
1181 2972 1303 3052 quanto
1326 2965 1445 3052 magist

235 3070 402 3136 solvendus
426 3075 484 3155 est,
509 3072 620 3156 quiin
644 3072 805 3135 hominem
828 3071 946 3136 dicitur
968 3069 1161 3155 deliquisse?

321 3175 371 3240 38.
402 3173 483 3259 8173)
511 3197 569 3259 per
590 3173 633 3256 id,
657 3174 741 3257 quod
757 3174 877 3238 dictum
901 3174 1005 3238 estin
1026 3173 1171 3258 prolatae
1186 3175 1299 3237 tenore
1314 3167 1445 3238 tentanti

235 3298 301 3342 curn
331 3282 441 3342 adnisu
460 3283 613 3357 principis
635 3281 801 3341 Christiani
822 3283 867 3340 cei
878 3283 987 3356 popuii
1006 3297 1057 3340 res
1075 3296 1144 3340 esse
1160 3275 1330 3358 curandas,
1354 3271 1445 3339 etmii

236 3400 344 3443 eorum
366 3378 582 3443 obstinatione
609 3380 773 3461 provenit,
803 3378 994 3442 voluerimus
1024 3399 1152 3442 causam
1181 3377 1298 3443 Miseni
1327 3374 1445 3456 Vitalisq

235 3483 390 3562 tractare3
420 3484 475 3544 aut
502 3480 637 3544 istorum
666 3482 888 3545 communione
921 3484 953 3543 et
981 3480 1190 3545 consensione
1222 3479 1271 3545 illi
1304 3471 1443 3544 obstinati

303 3739 335 3804 ¹¹)
354 3735 396 3790 lbi
414 3733 518 3792 scilieet
537 3736 641 3792 dietum
660 3739 713 3804 est,
739 3743 831 3792 tamdia
850 3744 912 3791 istos
928 3739 989 3804 sore
1010 3753 1158 3805 artaperses,
1184 3740 1266 3791 donec
1283 3747 1386 3791 orietur-e
1404 3735 1445 3787 nu

236 3825 326 3876 adnisu
339 3826 516 3877 cottoiicornnr
534 3830 678 3892 principum
691 3829 728 3876 uei
745 3829 835 3891 papirii
846 3826 986 3876 Christiani
998 3827 1180 3876 Alexandrina
1192 3826 1341 3877 catholicam
1352 3819 1445 3874 tarn&

236 3912 374 3975 recepisset
399 3914 506 3962 ecclesia
530 3907 630 3976 (Gelas.
652 3906 732 3977 epist.
752 3914 785 3962 30
802 3926 828 3961 n.
848 3911 883 3976 8).
903 3937 935 3946 —
953 3905 1018 3960 Mox
1042 3905 1110 3960 editi
1127 3912 1215 3961 eadem
1234 3926 1300 3976 qaue
1318 3913 1343 3960 iu
1360 3912 1445 3960 iuno

289 4011 342 4045 euru
360 3998 461 4047 moliris.
499 3992 606 4048 Deinde
623 3992 661 4046 N³
678 3999 777 4056 metuis,
797 3992 845 4046 ubi
864 4010 926 4047 cum
943 3990 1018 4046 Maii.
1039 4012 1076 4045 ine
1094 3997 1130 4045 uis
1148 3990 1326 4046 correximus.

302 4079 334 4146 ”)
353 4075 521 4146 Sequentem
544 4077 711 4135 senteutiam
734 4076 877 4145 usquead
900 4082 1035 4147 deliquiae
1053 4093 1070 4130 a
1087 4075 1201 4146 Maffejo
1219 4092 1254 4131 ex
1273 4078 1355 4132 textu
1371 4071 1445 4130 renel

235 4177 269 4214 ex
286 4179 335 4216 ms.
355 4161 409 4216 huc
426 4178 595 4218 revocamus.
631 4160 763 4227 Quamvis
781 4180 843 4216 cum
862 4161 1091 4216 antecedentibus
1108 4177 1210 4231 parum
1228 4161 1392 4228 cohaereat,
1410 4160 1445 4214 tar

235 4246 417 4318 archetypum
437 4247 591 4303 reddidisse
609 4247 696 4303 satius
715 4247 804 4301 visum
823 4249 872 4302 est.

302 4336 334 4401 ¹³)
353 4333 397 4388 lta
414 4332 458 4387 N³.
490 4332 565 4388 Editi
584 4339 636 4389 Per
655 4341 727 4391 id...
741 4339 881 4394 emundas,
901 4337 947 4388 ior
964 4340 1043 4387 ruinas
1104 4338 1231 4402 prouenit.
1261 4336 1292 4387 Si
1309 4336 1445 4387 calcem

234 4429 349 4474 tractare
367 4439 471 4489 quornm
488 4407 663 4474 eonimunione.

302 4505 334 4572 Ν>
352 4502 396 4558 Ita
407 4504 614 4559 acaemitenses
633 4504 718 4558 Felici
737 4505 902 4569 retulerant,
921 4515 980 4558 unte
999 4510 1129 4558 aduentum
1148 4510 1245 4574 quidem
1263 4510 1358 4559 Vitatis
1376 4517 1402 4558 et
1415 4506 1445 4558 Mt

235 4595 259 4642 in
277 4591 363 4642 urbem
385 4595 480 4657 reyiam
499 4595 573 4644 Petri
595 4610 681 4644 nornen
700 4597 724 4644 in
743 4597 825 4644 sacris
844 4595 971 4659 diptychis
989 4597 1086 4644 occidte
1103 4596 1248 4653 recitatum,
1273 4595 1370 4644 exinde
1387 4607 1445 4645 aera

235 4677 298 4727 tiire
311 4681 417 4728 recitari
434 4686 548 4745 carptum
568 4675 679 4746 (Evagr.
692 4675 743 4742 ΠΙ,
756 4678 807 4742 20).
840 4673 892 4740 Qui
909 4674 976 4730 licet
992 4674 1088 4730 statim
1106 4672 1214 4729 monuit
1226 4673 1309 4745 episi.
1327 4681 1396 4730 1012
1411 4679 1436 4728 ir

234 4767 273 4813 ius
290 4778 339 4828 per
351 4766 402 4814 tale
414 4767 566 4825 conuictum
584 4760 700 4828 (scilicet
716 4761 885 4831 legatorum)
904 4766 938 4814 sit
954 4767 1079 4815 inmemor
1090 4767 1144 4827 sai,
1164 4780 1211 4816 nec
1224 4780 1270 4816 aas
1282 4767 1401 4816 cedebat
1412 4765 1438 4815 ia

234 4850 339 4900 italicae
358 4847 505 4900 traditionis
523 4850 672 4914 defensione
685 4852 807 4914 delicere·
825 4847 920 4901 tamen
933 4861 997 4900 mox
1016 4843 1135 4914 audivit,
1155 4852 1340 4916 minutiores
1351 4855 1445 4902 namt

234 4927 496 4999 ieomunmopon)
517 4951 572 4985 esee
591 4937 711 4999 deceptos
730 4942 805 5000 atque
824 4937 859 4984 mi
876 4937 988 4986 inimicos
1008 4937 1057 4985 liei
1073 4937 1216 4989 transiim.
