3204 5506
198 325 259 391 182
658 341 686 389 s.
704 339 872 388 srurnrcn
895 338 1008 386 esras

84 512 179 562 aare
193 495 265 560 nrisi
289 494 403 560 vestris
425 493 570 559 sensibus
593 491 763 558 efferenda.
802 489 893 557 Haec
921 491 1021 577 igitur
1047 492 1150 580 pietas
1172 495 1228 557 tua
1250 494 1277 557 si
1301 514 1477 570 recensere

194 598 346 683 dignetur
379 598 430 661 vel
464 619 544 681 quae
572 596 670 660 totius
700 595 842 660 Orientis
871 594 1012 678 episcopi
1039 594 1077 660 de
1099 594 1194 678 hujus
1215 594 1477 679 praedicationis

195 700 406 787 consensione
428 698 695 782 rescripserint¹⁰,
717 697 852 782 aspiciet
874 697 1018 781 profecto
1034 697 1217 761 examinata
1238 697 1424 783 diligenter
1444 702 1478 763 ct

194 803 351 867 veraciter
372 801 586 886 promulgata,
616 803 711 884 atque
737 799 808 864 ideo
831 799 1002 883 pestiferae
1024 797 1177 864 falsitatis
1199 799 1400 886 ambagibus
1421 822 1477 866 ne

194 927 354 990 quaquam
381 904 496 968 debere
524 902 654 986 pnlsrui.
698 901 781 978 Quia
809 922 919 966 revera
947 922 1028 986 quae
1056 901 1095 965 de
1118 900 1360 986 Scripturarum
1383 902 1477 969 fonte

194 1007 365 1091 purissimo
393 1006 519 1071 sincera
546 1005 777 1090 perspicuaque
804 1006 991 1086 manarunt,
1023 1003 1120 1068 nullis
1148 1003 1266 1088 agitari
1294 1005 1477 1072 nebulosae

194 1109 353 1174 versutiae
369 1111 521 1192 poterunt
536 1106 744 1191 argumentis.
781 1106 957 1191 Perstat¹¹)
980 1106 1123 1171 enimin
1145 1107 1388 1172 encaemoribus
1411 1108 1478 1173 suis

92 1273 147 1328 ,h
194 1212 275 1276 haec
297 1214 329 1275 et
352 1211 463 1274 eadem
486 1210 680 1293 apostolicae
702 1231 815 1273 norma
838 1209 1013 1291 (leoninae,
1038 1209 1089 1273 cui
1110 1208 1266 1274 Dominus
1290 1231 1408 1275 curam
1429 1214 1478 1277 to·

59 1290 180 1407 ppfffl
193 1315 258 1379 tius
280 1313 372 1378 ovilis
395 1312 547 1397 injunxit,
572 1312 622 1377 cui
645 1333 678 1375 se
701 1332 800 1395 usque
823 1310 857 1375 in
879 1311 976 1374 finem
992 1311 1110 1376 saeculi
1125 1311 1256 1376 minime
1271 1311 1476 1397 defuturum,

63 1410 163 1465 Mallh·
195 1417 246 1481 cui
267 1419 378 1501 portas
394 1415 489 1479 inferi
506 1435 669 1498 nunquam
685 1413 918 1497 praevalituras
935 1434 1004 1477 esse
1019 1415 1176 1498 promisit,
1200 1414 1291 1499 cujus
1307 1415 1478 1480 sententia

61 1485 181 1616 ,gigig
194 1539 275 1604 quae
297 1518 476 1603 ligarentur
499 1516 660 1598 interris,
684 1515 765 1579 solvi
787 1518 924 1580 testatus
947 1518 995 1580 est
1017 1538 1084 1581 uon
1106 1538 1199 1601 posse
1219 1516 1332 1582 necin
1349 1516 1454 1583 coelo.

279 1620 309 1684 6.
355 1618 557 1703 Quapropter
583 1618 787 1684 clementiam
813 1621 964 1701 vestram,
1003 1619 1054 1683 cui
1081 1640 1153 1683 mea
1180 1618 1248 1683 rice
1277 1619 1479 1703 propensius

193 1722 296 1787 frater
318 1726 350 1785 et
373 1722 580 1806 coepiscopus
598 1743 687 1785 meus
702 1720 841 1785 Aeacius
856 1720 1061 1804 supplicabit,
1085 1742 1197 1805 precor
1212 1725 1310 1806 atque
1325 1720 1477 1805 obsecro,

193 1828 230 1889 ut
258 1823 435 1887 imitatores
467 1823 547 1888 facti
580 1827 744 1888 tantorum
779 1826 811 1886 et
837 1822 951 1887 talium
983 1823 1279 1907 praedecessorum,
1309 1823 1479 1889 nefandae

163 2007 166 2013 .
194 1926 465 2011 praesumptionis
488 1926 650 2009 operarios
667 1925 824 1990 catholico
839 1927 968 2007 pectore
982 1929 1179 2009 respuentes,
1203 1926 1296 2010 regia
1311 1927 1479 1992 censeatis

194 2032 354 2113 potestate
377 2027 528 2092 cohiberi.
570 2031 705 2107 Orrisqur‘s
727 2034 823 2105 uliud,
848 2027 931 2091 sicut
953 2027 1111 2110 praedixit
1134 2027 1309 2111 apostolus,
1329 2018 1499 2109 praeur-¹

53 2130 433 2215 oar1‚s.quomquod¹'²)
456 2136 635 2209 occepimus,
666 2135 815 2194 seminare
836 2135 968 2206 molitur,
999 2135 1163 2194 orrotlrema
1190 2135 1239 2194 sir.
1283 2128 1407 2194 Nullus
1435 2130 1479 2196 ad

194 2254 286 2296 aures
313 2236 435 2296 vestras
469 2232 657 2315 perniciosis
695 2231 856 2295 mentibus
890 2229 1088 2314 subripiendi
1117 2231 1278 2315 pandatur
1310 2252 1478 2317 accessus,

193 2333 283 2399 nulla
311 2334 508 2398 retractandi
539 2334 704 2418 quidpiam
727 2333 765 2397 de
788 2332 948 2396 veteribus
971 2332 1154 2397 constitutis
1176 2333 1294 2398 fiducia
1317 2334 1479 2400 conceda-

194 2441 263 2501 tur:
287 2434 373 2519 quia,
398 2435 481 2499 sicut
503 2436 630 2519 saepius
653 2434 836 2499 iterandum
851 2439 911 2518 est,
935 2434 1018 2519 quod
1034 2434 1216 2518 apostolicis
1231 2435 1388 2501 manibus
1403 2448 1480 2502 curn

195 2537 362 2602 Ecclesiae
383 2537 573 2601 universalis
598 2559 730 2601 assensu
754 2537 821 2601 acie
844 2536 961 2600 nienrit
989 2536 1196 2620 evangelicae
1217 2535 1313 2602 falcis
1336 2537 1478 2622 abscidi,

103 2692 106 2699 .
196 2639 341 2722 vigorem
363 2660 487 2702 sumere
515 2661 581 2703 non
604 2642 710 2724 potest
732 2638 933 2722 renascendi,
967 2659 1027 2703 nec
1049 2638 1084 2702 in
1106 2637 1286 2704 dominicae
1309 2639 1390 2704 vitis
1412 2639 1479 2705 fru-

196 2741 315 2804 ctivam
330 2740 416 2804 valet
431 2740 533 2804 redire
549 2741 772 2825 propaginem,
796 2741 880 2825 quod
895 2741 965 2825 igni
980 2741 1168 2825 deputatum
1184 2743 1313 2806 constat
1329 2747 1477 2809 aeterno.

196 2841 296 2927 Sicu)
318 2842 485 2907 haeresum
504 2843 640 2927 denique
663 2843 924 2908 machinamenta
948 2846 1136 2908 cunctarum
1158 2842 1391 2910 ecclesiasticis
1406 2867 1479 2930 pro

196 2947 299 3008 strata
322 2943 458 3009 decretis
480 2967 644 3029 nimquam
667 2945 817 3009 sinuntur
839 2945 1089 3029 oppugnationis
1113 2945 1208 3010 elisae
1230 2966 1389 3031 reparare
1411 2966 1497 3013 cer-⁸

195 3045 330 3111 mmma

281 3149 310 3212 l.
350 3148 437 3212 Ante
459 3149 568 3213 omnia
591 3162 697 3213 autem
720 3169 849 3232 (lasese,
872 3151 909 3211 ut
923 3148 1011 3212 beati
1026 3148 1129 3214 Marci
1145 3136 1371 3234 evangelistae
1385 3151 1480 3217 sedes

195 3250 499 3315 -Alexaudrinam
514 3251 625 3335 loquor
637 3251 806 3316 ecelesiam
817 3288 859 3298 -
874 3272 893 3313 a
910 3251 1124 3316 cruentissimi
1140 3251 1313 3335 praedonis
1339 3252 1480 3319 incuba-

195 3351 332 3439 tioue¹¹)
356 3352 510 3436 liberata,
539 3352 696 3418 catholico
723 3354 914 3417 reformetur
943 3353 1083 3418 antistiti
1112 3351 1363 3440 libertatemque
1385 3378 1480 3423 suam

195 3453 317 3538 pariter
339 3454 475 3537 recipiat
497 3458 529 3517 et
551 3455 700 3539 quietem.
739 3457 785 3518 At
806 3477 879 3519 vero
895 3455 1057 3539 improbus
1079 3455 1249 3540 parricida,
1277 3457 1334 3542 qui
1357 3457 1480 3525 dirirris

136 3624 140 3633 ,
196 3556 291 3619 simul
313 3577 386 3620 reus
408 3559 457 3619 est
478 3555 604 3640 legibus
626 3561 658 3621 et
680 3557 840 3640 humanis,
869 3558 1018 3622 reductus
1041 3557 1162 3640 eodem,
1191 3579 1253 3643 quo
1271 3557 1349 3643 jure
1369 3558 1482 3627 fuerat

197 3660 273 3720 ante
296 3656 453 3740 debueris,
478 3658 518 3721 ab
540 3657 762 3723 innocentium
784 3681 862 3723 nece
885 3660 1069 3723 retrahatur
1091 3660 1289 3726 animarum:
1319 3662 1439 3747 procul
1461 3686 1481 3727 a

196 3779 298 3841 regno
326 3757 457 3842 pietatis
485 3762 610 3824 vestrae
638 3761 761 3825 funesti
790 3761 904 3844 capitis
931 3783 1056 3826 venena
1083 3761 1261 3844 discedant,
1291 3784 1380 3847 quae
1402 3786 1481 3850 quo

196 3859 285 3925 niam
314 3860 499 3925 salutiferae
527 3862 776 3946 praedicationis
808 3863 938 3928 auribus
966 3863 1124 3928 obturatis
1150 3863 1351 3930 medicantia
1379 3867 1482 3933 rerba

269 4136 299 4200 ¹⁰)
318 4133 450 4204 Quaeque
462 4135 519 4190 Leo
531 4136 673 4204 Augustus
691 4135 720 4190 in
739 4153 823 4190 unum
842 4134 974 4203 codicem,
992 4153 1076 4205 quern
1089 4141 1226 4205 saepedum
1237 4136 1409 4209 appellavit,
1426 4139 1482 4196 ool

195 4218 246 4289 ligi
264 4219 359 4275 voluit.

266 4308 296 4373 ¹¹)
315 4307 341 4380 a'
359 4315 486 4374 praeerat,
506 4304 603 4358 melius
616 4304 664 4359 alii
676 4315 777 4374 perstat
790 4305 817 4358 lr.
829 4322 852 4359 o.
866 4308 1033 4375 perseverat.
1053 4307 1118 4361 Mox
1129 4306 1300 4362 vocabulum
1312 4316 1481 4380 apostolum

196 4389 311 4459 perinde
330 4389 531 4459 accipiendrun,
550 4408 583 4444 ac
600 4388 623 4444 si
641 4390 782 4458 legeretur
800 4397 912 4460 apostoli
929 4397 1011 4445 Petri.

266 4475 296 4541 ¹²)
315 4474 350 4527 G¹
369 4474 459 4529 omitt..
479 4481 554 4545 prrorl.
591 4475 655 4529 Mox
674 4475 743 4529 editi
760 4479 916 4546 subrependi
986 4481 1109 4531 abscindi.

268 4559 297 4624 11)
316 4559 347 4612 ln
367 4559 488 4628 vulgatis
505 4566 529 4613 si
603 4567 791 4630 oppapnolr‘oae
809 4569 873 4616 eliso
891 4569 1022 4630 reparari.
1057 4561 1098 4615 Ex
1116 4560 1271 4633 archetypo
1285 4564 1321 4620 G¹
1336 4569 1375 4635 (εἰ
1434 4589 1484 4639 ορ-

194 4649 359 4712 papantiour's
376 4650 437 4699 elise
455 4649 588 4712 reparari]
607 4647 636 4701 et
647 4644 743 4715 vigilii
762 4647 912 4701 constituto
926 4664 975 4700 scu
989 4646 1069 4717 epist.
1080 4654 1113 4702 ‘24
1131 4665 1157 4700 n.
1171 4653 1219 4701 144
1232 4649 1282 4716 (sic
1348 4672 1485 4724 oppugna·

199 4733 307 4784 tr'our'bns
325 4735 389 4783 elisa
407 4733 546 4799 reparare)
564 4731 688 4785 nostram
706 4731 854 4786 lectionem
872 4731 1051 4787 restituimus.

266 4816 297 4882 ¹⁴)
316 4814 342 4868 h.
357 4830 380 4870 e.
403 4820 501 4883 injusta
522 4823 700 4884 risui-parione
736 4818 768 4871 cf.
793 4817 866 4871 infra
884 4817 994 4888 episto
1016 4836 1042 4872 n.
1061 4825 1085 4872 2.
1125 4817 1189 4894 Mox
1213 4817 1264 4874 alii
1288 4827 1387 4892 ἰκρία
1410 4826 1485 4895 (loeo

196 4903 343 4970 improbus).
