3204 5506
231 323 293 388 184
688 339 715 387 s.
734 337 901 387 sinnmcn
924 302 1038 385 menn

121 523 146 560 a.
160 495 296 559 ltelore
323 494 470 578 permoti,
498 493 580 576 quod
611 493 677 557 illic
699 492 785 556 infra
808 491 987 557 Ecclesiam
1016 491 1076 556 Dei
1103 491 1329 557 scandalorum
1365 494 1512 560 recidiva

231 600 408 662 nascumtur
430 595 589 677 incendia,
614 595 668 659 ubi
689 595 816 679 toties³)
840 594 1031 659 structoritate
1053 594 1247 679 apostolicae
1269 596 1356 661 sedis
1379 598 1417 661 et
1439 619 1512 663 sen·

231 699 336 765 tentia
357 697 471 782 synodi
494 697 681 761 [miversalis
710 684 869 761 exstincta
897 700 982 761 sunt.
1028 697 1087 763 Oui
1108 719 1245 782 namque
1273 698 1308 762 in
1335 701 1411 764 toto
1433 700 1512 765 orbe

231 805 389 866 terrarum
418 822 489 864 cum
518 800 727 884 perversitate
761 800 947 885 dogmatum
974 798 1186 864 nefandorum
1212 799 1375 887 Nestorii,
1407 800 1512 886 Euty-

234 902 335 968 chetis
358 901 565 986 Dioscorique
593 903 766 986 damnatio,
797 903 847 967 cni
869 901 1029 966 Timothei
1055 923 1163 966 rursus
1190 902 1441 968 Alexandrinae
1462 925 1512 970 ee-

234 1006 349 1071 clesiae
370 1005 551 1090 pervasoris
573 1027 639 1069 non
662 1008 710 1069 est
732 1008 809 1068 nota
832 1003 992 1087 dejectio?
1020 1003 1126 1068 Testis
1141 1007 1190 1068 est
1203 1005 1384 1092 anterius⁴)
1400 1004 1513 1091 Ephe·

233 1108 355 1191 sinum,
393 1110 485 1171 testis
518 1110 567 1170 est
600 1128 710 1170 recens
740 1105 999 1172 Cnrlchedonensc
1028 1106 1208 1190 concilium,
1241 1106 1327 1192 quod
1360 1106 1514 1193 quisquis

233 1210 393 1273 desiderat
421 1209 600 1291 retraetari,
637 1210 672 1272 in
700 1230 832 1273 numero
858 1208 999 1273 fidelium
1021 1230 1055 1272 se
1076 1208 1266 1292 pronuntiat
1286 1231 1355 1274 non
1377 1208 1513 1276 haberi:

234 1335 331 1397 quum
358 1311 593 1396 praedictorum
621 1311 695 1374 tulis
723 1311 886 1394 impietas,
925 1310 1143 1396 auctoribus⁵)
1171 1310 1269 1375 etiam
1301 1312 1521 1397 principibus·

237 1413 431 1480 Christianis
454 1436 520 1477 non
543 1413 645 1476 solmn
668 1414 709 1476 ab
724 1412 889 1477 Ecclesiae
913 1434 1043 1497 corpore
1066 1435 1176 1478 verum
1198 1416 1324 1478 acoetu
1339 1412 1515 1479 hominurn

236 1517 355 1581 exsiliis
386 1518 557 1600 segregata
584 1514 735 1597 (liversis,
771 1515 882 1579 unitae
910 1515 1090 1579 sententiae
1118 1515 1327 1580 damnatione
1354 1537 1516 1600 percum

236 1620 293 1682 est.
338 1618 386 1682 De
415 1639 547 1702 quorum
573 1616 655 1681 nilril
683 1621 732 1680 est
762 1639 849 1681 mmc
871 1639 977 1681 errore
1005 1617 1185 1702 dicendum,
1214 1619 1289 1702 quia
1310 1619 1390 1702 post
1411 1618 1516 1684 tradi·

236 1721 357 1784 tionem
379 1723 542 1784 tantorum
558 1718 689 1782 Domini
712 1718 921 1802 sacerdotnm,
946 1719 1000 1803 qui
1023 1719 1118 1805 longe
1141 1721 1217 1784 ante
1231 1741 1290 1784 nos
1305 1720 1342 1784 in
1356 1720 1518 1786 universa

237 1822 347 1886 mundi
373 1825 465 1906 parte
498 1821 556 1885 has
589 1843 712 1904 quoquc
740 1820 887 1909 haereses
919 1821 1098 1905 cviccnmt,
1133 1822 1247 1886 beatae
1274 1821 1517 1889 reeordationis

236 1924 460 2009 praedecessor
481 1926 591 1987 noster
606 1922 669 1987 Leo
692 1923 862 2007 multiplici
877 1944 1022 1987 sermone
1038 1924 1213 2006 doctrinae,
1236 1922 1313 2007 quid
1329 1922 1517 1990 catholicae

235 2026 380 2090 veritatis
396 2029 547 2109 sequatur
562 2025 745 2110 integritas,
769 2025 845 2109 quid
862 2025 1049 2107 detestetur,
1066 2025 1211 2089 asseruit.
1240 2024 1313 2090 Hac
1329 2025 1518 2093 eruditione

235 2129 371 2193 fundata
405 2151 470 2192 non
501 2128 707 2192 contentione
735 2150 814 2211 opus
843 2130 907 2209 est,
942 2132 978 2190 ut
1005 2126 1113 2197 adhuc
1140 2129 1305 2211 tamquam
1335 2128 1377 2193 de
1407 2128 1518 2195 dubiis

232 2231 403 2314 judicetur.
454 2229 516 2294 Sed
544 2230 628 2294 sicut
660 2229 864 2294 dilectionem
892 2232 1031 2293 vestram
1059 2228 1234 2314 gaudemus
1261 2229 1384 2314 facere,
1414 2231 1519 2297 firmis

237 2336 350 2398 contra
373 2332 512 2415 dejectos
535 2335 620 2406 state
642 2331 799 2415 vestigiis,
830 2354 890 2396 nec
912 2353 968 2394 vos
990 2331 1191 2396 adversarius
1212 2334 1344 2415 terreat,
1369 2336 1433 2399 aut
1453 2336 1519 2399 tar·

237 2436 311 2499 dam
334 2434 454 2519 putetis
477 2434 613 2517 desuper
634 2433 743 2497 venire
765 2434 943 2498 victoriam.
990 2433 1111 2499 Cadere
1133 2433 1260 2516 didicit,
1284 2432 1341 2518 qui
1362 2435 1517 2501 resultat

323 2536 353 2599 2.
389 2534 535 2627 Breviter
556 2534 636 2598 haec
658 2537 698 2599 ad
722 2536 990 2600 consultationem
1018 2536 1115 2600 immo
1137 2535 1234 2599 etiam
1256 2536 1520 2609 consolationem

234 2639 365 2702 'vestrae
388 2634 573 2721 scripsimus
597 2637 736 2720 caritati,
760 2639 903 2702 volentes
930 2638 1064 2722 aliquos,
1095 2637 1361 2722 quemadmodum
1385 2638 1518 2725 cupitis,

238 2763 296 2826 pro
326 2762 441 2805 causae
469 2739 662 2804 necessitate
690 2739 838 2825 dirigere,
868 2739 930 2803 nisi
963 2739 1003 2802 ad
1034 2762 1160 2804 omnem
1188 2739 1429 2825 plenitudinem
1451 2764 1520 2807 non

235 2843 304 2927 jam
326 2840 556 2925 defendendae,
586 2862 666 2926 quae
689 2841 788 2905 solide
812 2842 903 2925 jacta
926 2845 984 2925 est,
1014 2841 1087 2906 fidei
1110 2845 1165 2906 sed
1187 2841 1384 2926 repellendis
1407 2841 1521 2908 haere

239 2945 312 3009 ticis
335 2946 431 3028 atque
461 2943 622 3008 damnatis
650 2944 706 3008 illa
728 2943 924 3026 sufficerent,
954 2942 1034 3027 quiae
1058 2943 1155 3007 etiarn
1178 2943 1216 3008 ad
1239 2946 1375 3008 sanctae
1398 2965 1521 3011 memo·

239 3048 305 3111 riae
328 3046 518 3110 Flavianum
541 3049 638 3129 atnlue
666 3046 706 3109 ad
733 3048 880 3109 sanctam
902 3044 1195 3110 Oalclredonensem
1218 3045 1378 3130 synodum
1394 3042 1455 3113 'vel
1479 3048 1521 3113 ad

240 3152 396 3234 augustae
418 3147 649 3212 recordationis
664 3147 867 3212 Marcimnun
890 3169 927 3211 ac
942 3146 1081 3213 Leonem
1104 3147 1218 3212 beatae
1234 3148 1413 3214 memoriae
1428 3153 1522 3215 ante·

241 3273 396 3317 cessorem
424 3272 530 3314 meum
557 3250 721 3334 scripsisse
751 3250 913 3332 retinetis,
949 3253 1044 3334 atque
1072 3248 1171 3314 totius
1199 3248 1343 3315 Orientis
1373 3251 1522 3337 episcopi

240 3352 404 3437 rescriptis
413 3352 438 3437 6)
462 3352 502 3416 ad
531 3342 711 3436 principem
739 3355 817 3416 tunc
839 3351 979 3415 Leonem
1006 3351 1144 3435 propriis
1170 3351 1376 3417 intimanmt.
1424 3352 1522 3420 Unda

239 3454 409 3520 insolubile
432 3475 499 3517 esse
522 3475 588 3517 non
611 3453 741 3517 dubium
764 3457 822 3535 est,
850 3452 933 3536 quod
955 3453 1006 3516 vel
1029 3456 1105 3517 ante
1127 3452 1336 3518 decreverunt
1358 3454 1398 3519 in
1420 3478 1524 3521 unum

242 3556 468 3622 convenientes
491 3557 540 3618 tot
561 3554 692 3619 Domini
715 3556 906 3637 sacerdotes,
931 3555 981 3619 vel
1003 3555 1086 3638 quod
1102 3555 1222 3639 singuli
1236 3576 1294 3639 per
1316 3577 1396 3621 suas
1419 3558 1524 3624 eccle·

241 3659 304 3723 sias
328 3655 504 3738 constituti,
529 3656 639 3720 cadem
661 3656 870 3721 nihilominus
891 3657 1077 3740 sentientes,
1101 3656 1234 3720 diversis
1249 3655 1419 3746 quidem²)
1434 3661 1523 3727 voci·

242 3761 301 3825 bus
329 3758 384 3823 sed
406 3781 470 3822 una
492 3761 600 3823 mente
623 3758 783 3842 dixerunt,
814 3758 1004 3823 damnantes
1027 3780 1169 3823 errorum
1195 3759 1447 3827 exsecrabilium
1468 3784 1524 3829 au·

242 3902 503 3915 ———----——-——·
517 3902 546 3907 --

242 3964 330 4020 stolae
347 3962 377 4016 in
394 3961 514 4032 vulgatis
532 3961 698 4032 praemissa:
722 3967 875 4017 Clerr'cornn
893 3983 924 4017 ne
942 3967 1116 4017 monachornm
1136 3966 1358 4032 Comtnntinopotr‘
1377 3970 1525 4036 demntia

239 4056 303 4118 fidei
319 4054 486 4105 concatenatione
504 4053 666 4102 contuendnt.

220 4189 224 4201 ,
309 4136 331 4203 ¹)
349 4134 453 4188 Rursus
472 4133 545 4186 infra
563 4133 669 4202 epistt
687 4141 738 4187 n.l
759 4131 916 4203 Simplicius
934 4130 1041 4186 litteras
1064 4130 1118 4185 sibi
1133 4146 1184 4200 pm
1202 4134 1379 4199 Epiphaniam
1403 4135 1528 4192 hadita

242 4219 387 4286 memorat,
406 4218 455 4272 sed
474 4218 592 4272 alt-erum
611 4215 814 4285 cognominem,
835 4218 932 4286 utpote
951 4215 998 4282 qui
1017 4215 1149 4270 diaconus
1167 4215 1334 4285 appelletur.

310 4308 331 4374 ³)
350 4305 394 4358 Ita
412 4302 445 4358 G¹
461 4304 497 4357 a¹.
534 4305 560 4355 ε’
578 4308 661 4360 totins.
699 4301 730 4354 In
749 4301 869 4370 epistola
887 4300 1014 4367 sequenti
1032 4299 1159 4355 similiter
1175 4299 1251 4354 idem
1268 4318 1348 4373 papa
1365 4306 1480 4374 monet,
1496 4307 1529 4363 nt

244 4410 275 4444 ne
293 4396 368 4445 toties
385 4401 410 4443 ct
428 4392 490 4442 bene
508 4398 604 4441 stututn
622 4394 754 4441 uiolentur.

311 4476 332 4542 ⁴)
352 4478 474 4527 Antcrn'ns
493 4473 575 4527 vocat
593 4471 629 4525 ad
647 4471 796 4526 discrimen
815 4470 953 4524 latrocinii
970 4470 1116 4541 Ephesini‚
1139 4470 1213 4538 qnod
1230 4472 1375 4541 posterius
1393 4474 1465 4545 fuit,
1483 4476 1529 4534 vel

245 4560 331 4613 etiam
349 4558 415 4625 quia
433 4557 666 4623 Calchedonense,
685 4556 760 4624 quod
778 4576 868 4610 reeens
886 4557 1036 4625 nuncupat
1053 4555 1214 4625 praecessit.

312 4647 333 4712 5)
353 4645 395 4697 lta
414 4644 457 4697 (2¹.
493 4641 568 4695 Editi
587 4647 731 4696 unctoribus
749 4654 774 4695 et
791 4645 949 4710 principibus
1023 4662 1039 4694 u
1057 4651 1128 4695 eoetn
1147 4647 1260 4695 omntrcm.
1316 4640 1325 4651 ’

313 4732 334 4797 ⁶)
352 4728 429 4792 Quae
447 4727 586 4782 habentur
604 4727 677 4781 inter
695 4727 758 4780 acta
781 4724 890 4779 concilii
908 4724 1139 4780 Calchedouensis
1157 4727 1230 4795 part.
1244 4725 1283 4780 111
1301 4733 1427 4787 rut-41
1447 4732 1531 4801 (Har-

246 4813 320 4868 dnin.
340 4813 400 4867 coll.
420 4830 495 4869 conc.
509 4813 543 4878 Il,
558 4816 709 4879 tea-wa).
730 4842 759 4849 -
780 4810 886 4865 Deinde
905 4810 972 4864 editi
991 4816 1098 4865 utinensis
1116 4815 1178 4879 qnid
1193 4814 1306 4869 occidus.

314 4901 334 4968 ⁷)
352 4899 395 4953 na
414 4899 447 4954 G'
462 4898 505 4953 Gt
541 4896 618 4951 Editi
637 4901 697 4966 qnid
771 4903 919 4951 sternuentes
938 4916 1023 4950 eornm
1041 4890 1244 4953 exsemcbtlinm.
