<?xml version="1.0" encoding="UTF-8"?>
<!DOCTYPE html PUBLIC "-//W3C//DTD XHTML 1.0 Transitional//EN"
    "http://www.w3.org/TR/xhtml1/DTD/xhtml1-transitional.dtd">
<html xmlns="http://www.w3.org/1999/xhtml" xml:lang="en" lang="en">
 <head>
  <title>
</title>
<meta http-equiv="Content-Type" content="text/html;charset=utf-8" />
  <meta name='ocr-system' content='tesseract 3.04.00' />
  <meta name='ocr-capabilities' content='ocr_page ocr_carea ocr_par ocr_line ocrx_word'/>
</head>
<body>
  <div class='ocr_page' id='page_1' title='image "./epistolaeromano00thiegoog/epistolaeromano00thiegoog_0401.png"; bbox 0 0 3204 5506; ppageno 0'>
   <div class='ocr_carea' id='block_1_1' title="bbox 276 333 1075 398">
    <p class='ocr_par' dir='ltr' id='par_1_1' title="bbox 276 333 1075 398">
     <span class='ocr_line' id='line_1_1' title="bbox 276 333 1075 398; baseline -0.001 -1"><span class='ocrx_word' id='word_1_1' title='bbox 276 333 339 398; x_wconf 81' lang='lat'>352</span> <span class='ocrx_word' id='word_1_2' title='bbox 752 350 780 396; x_wconf 83' lang='lat' dir='ltr'>S.</span> <span class='ocrx_word' id='word_1_3' title='bbox 798 349 938 397; x_wconf 77' lang='lat' dir='ltr'>annisu</span> <span class='ocrx_word' id='word_1_4' title='bbox 961 349 1075 396; x_wconf 76' lang='lat' dir='ltr'>aaran</span> 
     </span>
    </p>
   </div>
   <div class='ocr_carea' id='block_1_2' title="bbox 149 499 1598 3246">
    <p class='ocr_par' dir='ltr' id='par_1_2' title="bbox 149 499 1561 669">
     <span class='ocr_line' id='line_1_2' title="bbox 149 499 1561 587; baseline -0.001 -23"><span class='ocrx_word' id='word_1_5' title='bbox 149 512 262 582; x_wconf 62' lang='lat' dir='ltr'>(atat.)</span> <span class='ocrx_word' id='word_1_6' title='bbox 275 502 509 587; x_wconf 81' lang='lat' dir='ltr'>praeeminere,</span> <span class='ocrx_word' id='word_1_7' title='bbox 539 507 572 566; x_wconf 88' lang='lat' dir='ltr'>et</span> <span class='ocrx_word' id='word_1_8' title='bbox 598 501 794 586; x_wconf 90' lang='lat' dir='ltr'>subsequens</span> <span class='ocrx_word' id='word_1_9' title='bbox 816 501 978 566; x_wconf 74' lang='lat' dir='ltr'>Ecclesiae</span> <span class='ocrx_word' id='word_1_10' title='bbox 1005 501 1166 587; x_wconf 88' lang='lat' dir='ltr'>generalis</span> <span class='ocrx_word' id='word_1_11' title='bbox 1192 501 1320 586; x_wconf 73' lang='lat' dir='ltr'>jugiter</span> <span class='ocrx_word' id='word_1_12' title='bbox 1342 500 1459 585; x_wconf 87' lang='lat' dir='ltr'>pietas</span> <span class='ocrx_word' id='word_1_13' title='bbox 1482 499 1561 563; x_wconf 87' lang='lat' dir='ltr'>oela-</span> 
     </span>
     <span class='ocr_line' id='line_1_3' title="bbox 275 605 406 669; baseline -0.008 0"><span class='ocrx_word' id='word_1_14' title='bbox 275 605 406 669; x_wconf 79' lang='lat' dir='ltr'>bravii?</span> 
     </span>
    </p>

    <p class='ocr_par' dir='ltr' id='par_1_3' title="bbox 273 705 1598 1507">
     <span class='ocr_line' id='line_1_4' title="bbox 357 705 1560 792; baseline -0.002 -20"><span class='ocrx_word' id='word_1_15' title='bbox 357 708 388 772; x_wconf 88' lang='lat'>3.</span> <span class='ocrx_word' id='word_1_16' title='bbox 434 707 496 772; x_wconf 93' lang='lat' dir='ltr'>Ubi</span> <span class='ocrx_word' id='word_1_17' title='bbox 519 708 622 791; x_wconf 86' lang='lat' dir='ltr'>pietas</span> <span class='ocrx_word' id='word_1_18' title='bbox 644 711 699 770; x_wconf 88' lang='lat' dir='ltr'>tua</span> <span class='ocrx_word' id='word_1_19' title='bbox 722 707 885 770; x_wconf 88' lang='lat' dir='ltr'>evidenter</span> <span class='ocrx_word' id='word_1_20' title='bbox 907 707 1053 790; x_wconf 86' lang='lat' dir='ltr'>advertit,</span> <span class='ocrx_word' id='word_1_21' title='bbox 1078 729 1243 792; x_wconf 87' lang='lat' dir='ltr'>nunquam</span> <span class='ocrx_word' id='word_1_22' title='bbox 1257 707 1414 792; x_wconf 90' lang='lat' dir='ltr'>quolibet</span> <span class='ocrx_word' id='word_1_23' title='bbox 1430 705 1560 792; x_wconf 83' lang='lat' dir='ltr'>penitus</span> 
     </span>
     <span class='ocr_line' id='line_1_5' title="bbox 273 801 1561 895; baseline -0.001 -22"><span class='ocrx_word' id='word_1_24' title='bbox 273 809 414 873; x_wconf 91' lang='lat' dir='ltr'>humano</span> <span class='ocrx_word' id='word_1_25' title='bbox 437 810 569 874; x_wconf 89' lang='lat' dir='ltr'>consilio</span> <span class='ocrx_word' id='word_1_26' title='bbox 592 810 715 873; x_wconf 84' lang='lat' dir='ltr'>elevare</span> <span class='ocrx_word' id='word_1_27' title='bbox 737 832 771 873; x_wconf 89' lang='lat' dir='ltr'>se</span> <span class='ocrx_word' id='word_1_28' title='bbox 793 831 984 895; x_wconf 81' lang='lat' dir='ltr'>quemquam</span> <span class='ocrx_word' id='word_1_29' title='bbox 1003 801 1099 894; x_wconf 89' lang='lat' dir='ltr'>posse</span> <span class='ocrx_word' id='word_1_30' title='bbox 1114 809 1201 874; x_wconf 88' lang='lat' dir='ltr'>illius</span> <span class='ocrx_word' id='word_1_31' title='bbox 1216 809 1398 894; x_wconf 86' lang='lat' dir='ltr'>privilegio</span> <span class='ocrx_word' id='word_1_32' title='bbox 1417 807 1473 873; x_wconf 82' lang='lat' dir='ltr'>rel</span> <span class='ocrx_word' id='word_1_33' title='bbox 1489 830 1561 873; x_wconf 89' lang='lat' dir='ltr'>oon-</span> 
     </span>
     <span class='ocr_line' id='line_1_6' title="bbox 273 909 1561 996; baseline -0.001 -20"><span class='ocrx_word' id='word_1_34' title='bbox 273 912 416 995; x_wconf 78' lang='lat' dir='ltr'>sessioni,</span> <span class='ocrx_word' id='word_1_35' title='bbox 448 933 542 996; x_wconf 88' lang='lat' dir='ltr'>quem</span> <span class='ocrx_word' id='word_1_36' title='bbox 565 911 766 977; x_wconf 76' lang='lat' dir='ltr'>Christitmx</span> <span class='ocrx_word' id='word_1_37' title='bbox 789 912 943 995; x_wconf 89' lang='lat' dir='ltr'>praetulit</span> <span class='ocrx_word' id='word_1_38' title='bbox 965 912 1131 994; x_wconf 89' lang='lat' dir='ltr'>universis,</span> <span class='ocrx_word' id='word_1_39' title='bbox 1161 932 1254 996; x_wconf 90' lang='lat' dir='ltr'>quem</span> <span class='ocrx_word' id='word_1_40' title='bbox 1278 909 1439 975; x_wconf 77' lang='lat' dir='ltr'>Ecclesia</span> <span class='ocrx_word' id='word_1_41' title='bbox 1468 931 1561 975; x_wconf 77' lang='lat' dir='ltr'>vene</span> 
     </span>
     <span class='ocr_line' id='line_1_7' title="bbox 274 1012 1561 1099; baseline 0.001 -22"><span class='ocrx_word' id='word_1_42' title='bbox 274 1014 375 1078; x_wconf 91' lang='lat' dir='ltr'>randa</span> <span class='ocrx_word' id='word_1_43' title='bbox 399 1015 545 1078; x_wconf 88' lang='lat' dir='ltr'>confessa</span> <span class='ocrx_word' id='word_1_44' title='bbox 568 1035 692 1098; x_wconf 87' lang='lat' dir='ltr'>semper</span> <span class='ocrx_word' id='word_1_45' title='bbox 714 1019 763 1078; x_wconf 88' lang='lat' dir='ltr'>est</span> <span class='ocrx_word' id='word_1_46' title='bbox 786 1018 818 1078; x_wconf 86' lang='lat' dir='ltr'>ot</span> <span class='ocrx_word' id='word_1_47' title='bbox 844 1013 943 1090; x_wconf 84' lang='lat' dir='ltr'>habet</span> <span class='ocrx_word' id='word_1_48' title='bbox 965 1015 1079 1078; x_wconf 84' lang='lat' dir='ltr'>devota</span> <span class='ocrx_word' id='word_1_49' title='bbox 1107 1014 1288 1097; x_wconf 85' lang='lat' dir='ltr'>primatem.</span> <span class='ocrx_word' id='word_1_50' title='bbox 1336 1012 1467 1099; x_wconf 90' lang='lat' dir='ltr'>Impeti</span> <span class='ocrx_word' id='word_1_51' title='bbox 1492 1034 1561 1099; x_wconf 69' lang='lat' dir='ltr'>pos</span> 
     </span>
     <span class='ocr_line' id='line_1_8' title="bbox 274 1115 1560 1202; baseline 0 -22"><span class='ocrx_word' id='word_1_52' title='bbox 274 1120 350 1181; x_wconf 88' lang='lat' dir='ltr'>sunt</span> <span class='ocrx_word' id='word_1_53' title='bbox 360 1117 398 1202; x_wconf 67' lang='grc' dir='ltr'>ιδ)</span> <span class='ocrx_word' id='word_1_54' title='bbox 414 1116 563 1181; x_wconf 90' lang='lat' dir='ltr'>humanis</span> <span class='ocrx_word' id='word_1_55' title='bbox 579 1116 893 1201; x_wconf 77' lang='lat' dir='ltr'>praesumptionibus</span> <span class='ocrx_word' id='word_1_56' title='bbox 913 1138 994 1201; x_wconf 87' lang='lat' dir='ltr'>quae</span> <span class='ocrx_word' id='word_1_57' title='bbox 1009 1116 1121 1180; x_wconf 85' lang='lat' dir='ltr'>divino</span> <span class='ocrx_word' id='word_1_58' title='bbox 1132 1119 1208 1181; x_wconf 88' lang='lat' dir='ltr'>sunt</span> <span class='ocrx_word' id='word_1_59' title='bbox 1219 1115 1349 1200; x_wconf 84' lang='lat' dir='ltr'>judicio</span> <span class='ocrx_word' id='word_1_60' title='bbox 1366 1116 1560 1197; x_wconf 75' lang='lat' dir='ltr'>constituta,</span> 
     </span>
     <span class='ocr_line' id='line_1_9' title="bbox 273 1218 1560 1303; baseline 0.001 -21"><span class='ocrx_word' id='word_1_61' title='bbox 273 1219 359 1283; x_wconf 83' lang='lat' dir='ltr'>vinci</span> <span class='ocrx_word' id='word_1_62' title='bbox 383 1222 489 1282; x_wconf 88' lang='lat' dir='ltr'>autem</span> <span class='ocrx_word' id='word_1_63' title='bbox 511 1219 726 1303; x_wconf 89' lang='lat' dir='ltr'>quorumlibet</span> <span class='ocrx_word' id='word_1_64' title='bbox 747 1222 913 1302; x_wconf 76' lang='lat' dir='ltr'>potestate</span> <span class='ocrx_word' id='word_1_65' title='bbox 933 1241 999 1284; x_wconf 92' lang='lat' dir='ltr'>non</span> <span class='ocrx_word' id='word_1_66' title='bbox 1031 1223 1175 1303; x_wconf 88' lang='lat' dir='ltr'>possunt.</span> <span class='ocrx_word' id='word_1_67' title='bbox 1221 1218 1333 1303; x_wconf 85' lang='lat' dir='ltr'>Atque</span> <span class='ocrx_word' id='word_1_68' title='bbox 1358 1219 1496 1283; x_wconf 87' lang='lat' dir='ltr'>utinam</span> <span class='ocrx_word' id='word_1_69' title='bbox 1516 1218 1560 1283; x_wconf 79' lang='lat' dir='ltr'>sie</span> 
     </span>
     <span class='ocr_line' id='line_1_10' title="bbox 274 1318 1559 1405; baseline 0.001 -21"><span class='ocrx_word' id='word_1_70' title='bbox 274 1321 588 1385; x_wconf 88' lang='lat' dir='ltr'>contranitentibus</span> <span class='ocrx_word' id='word_1_71' title='bbox 616 1321 795 1405; x_wconf 89' lang='lat' dir='ltr'>perniciosa</span> <span class='ocrx_word' id='word_1_72' title='bbox 825 1321 956 1384; x_wconf 86' lang='lat' dir='ltr'>nonsit</span> <span class='ocrx_word' id='word_1_73' title='bbox 979 1320 1122 1403; x_wconf 87' lang='lat' dir='ltr'>audacia,</span> <span class='ocrx_word' id='word_1_74' title='bbox 1153 1319 1448 1405; x_wconf 87' lang='lat' dir='ltr'>quemadmodum,</span> <span class='ocrx_word' id='word_1_75' title='bbox 1478 1318 1559 1405; x_wconf 81' lang='lat' dir='ltr'>quod</span> 
     </span>
     <span class='ocr_line' id='line_1_11' title="bbox 274 1422 1598 1507; baseline 0 -20"><span class='ocrx_word' id='word_1_76' title='bbox 274 1423 314 1487; x_wconf 89' lang='lat' dir='ltr'>ab</span> <span class='ocrx_word' id='word_1_77' title='bbox 336 1424 406 1506; x_wconf 91' lang='lat' dir='ltr'>ipso</span> <span class='ocrx_word' id='word_1_78' title='bbox 428 1445 538 1487; x_wconf 88' lang='lat' dir='ltr'>sacrae</span> <span class='ocrx_word' id='word_1_79' title='bbox 561 1423 726 1507; x_wconf 83' lang='lat' dir='ltr'>religionis</span> <span class='ocrx_word' id='word_1_80' title='bbox 749 1426 876 1487; x_wconf 85' lang='lat' dir='ltr'>auctore</span> <span class='ocrx_word' id='word_1_81' title='bbox 899 1425 1074 1506; x_wconf 83' lang='lat' dir='ltr'>praefixum</span> <span class='ocrx_word' id='word_1_82' title='bbox 1098 1426 1156 1505; x_wconf 90' lang='lat' dir='ltr'>est,</span> <span class='ocrx_word' id='word_1_83' title='bbox 1180 1444 1245 1487; x_wconf 90' lang='lat' dir='ltr'>non</span> <span class='ocrx_word' id='word_1_84' title='bbox 1267 1426 1385 1506; x_wconf 89' lang='lat' dir='ltr'>potest</span> <span class='ocrx_word' id='word_1_85' title='bbox 1407 1422 1481 1487; x_wconf 89' lang='lat' dir='ltr'>ulla</span> <span class='ocrx_word' id='word_1_86' title='bbox 1501 1422 1560 1487; x_wconf 80' lang='lat' dir='ltr'>vir·</span> <span class='ocrx_word' id='word_1_87' title='bbox 1595 1464 1598 1495; x_wconf 63' lang='lat'><em>2</em></span> 
     </span>
    </p>

    <p class='ocr_par' dir='ltr' id='par_1_4' title="bbox 163 1500 1598 1623">
     <span class='ocr_line' id='line_1_12' title="bbox 163 1500 1598 1623; baseline -0.001 -34"><span class='ocrx_word' id='word_1_88' title='bbox 163 1501 342 1623; x_wconf 42' lang='lat' dir='ltr'>§lig-tute</span> <span class='ocrx_word' id='word_1_89' title='bbox 366 1526 517 1589; x_wconf 60' lang='lat' dir='ltr'>etinvelti!</span> <span class='ocrx_word' id='word_1_90' title='bbox 545 1526 830 1610; x_wconf 59' lang='lat' dir='ltr'>Firmamentum)</span> <span class='ocrx_word' id='word_1_91' title='bbox 852 1534 930 1588; x_wconf 83' lang='lat' dir='ltr'>enirn</span> <span class='ocrx_word' id='word_1_92' title='bbox 953 1531 1011 1588; x_wconf 81' lang='lat' dir='ltr'>Dei</span> <span class='ocrx_word' id='word_1_93' title='bbox 1030 1533 1109 1589; x_wconf 88' lang='lat' dir='ltr'>stat!</span> <span class='ocrx_word' id='word_1_94' title='bbox 1129 1523 1377 1608; x_wconf 88' lang='lat' dir='ltr'>Numquidnam</span> <span class='ocrx_word' id='word_1_95' title='bbox 1393 1546 1499 1609; x_wconf 89' lang='lat' dir='ltr'>quum</span> <span class='ocrx_word' id='word_1_96' title='bbox 1519 1523 1559 1589; x_wconf 78' lang='lat' dir='ltr'>ab</span> <span class='ocrx_word' id='word_1_97' title='bbox 1593 1500 1598 1609; x_wconf 71' lang='lat' dir='ltr'>l</span> 
     </span>
    </p>

    <p class='ocr_par' dir='ltr' id='par_1_5' title="bbox 194 1613 1598 2224">
     <span class='ocr_line' id='line_1_13' title="bbox 194 1613 1598 1712; baseline 0 -21"><span class='ocrx_word' id='word_1_98' title='bbox 194 1613 200 1635; x_wconf 81' lang='grc'><strong>’</strong></span> <span class='ocrx_word' id='word_1_99' title='bbox 242 1614 247 1624; x_wconf 60' lang='grc'><em>’</em></span> <span class='ocrx_word' id='word_1_100' title='bbox 273 1628 430 1712; x_wconf 86' lang='lat' dir='ltr'>aliquibus</span> <span class='ocrx_word' id='word_1_101' title='bbox 453 1628 607 1692; x_wconf 87' lang='lat' dir='ltr'>infestata</span> <span class='ocrx_word' id='word_1_102' title='bbox 629 1628 742 1712; x_wconf 84' lang='lat' dir='ltr'>religio</span> <span class='ocrx_word' id='word_1_103' title='bbox 758 1629 816 1705; x_wconf 91' lang='lat' dir='ltr'>est,</span> <span class='ocrx_word' id='word_1_104' title='bbox 841 1630 1088 1711; x_wconf 86' lang='lat' dir='ltr'>quantacunque</span> <span class='ocrx_word' id='word_1_105' title='bbox 1111 1627 1216 1711; x_wconf 87' lang='lat' dir='ltr'>potuit</span> <span class='ocrx_word' id='word_1_106' title='bbox 1230 1627 1383 1691; x_wconf 83' lang='lat' dir='ltr'>novitate</span> <span class='ocrx_word' id='word_1_107' title='bbox 1397 1625 1557 1711; x_wconf 61' lang='lat' dir='ltr'>superari,</span> <span class='ocrx_word' id='word_1_108' title='bbox 1596 1616 1598 1621; x_wconf 40' lang='lat'>⁵</span> 
     </span>
     <span class='ocr_line' id='line_1_14' title="bbox 274 1726 1558 1814; baseline 0.001 -21"><span class='ocrx_word' id='word_1_109' title='bbox 274 1733 307 1793; x_wconf 88' lang='lat' dir='ltr'>et</span> <span class='ocrx_word' id='word_1_110' title='bbox 326 1751 391 1793; x_wconf 90' lang='lat' dir='ltr'>non</span> <span class='ocrx_word' id='word_1_111' title='bbox 414 1731 518 1814; x_wconf 87' lang='lat' dir='ltr'>magis</span> <span class='ocrx_word' id='word_1_112' title='bbox 539 1730 600 1794; x_wconf 91' lang='lat' dir='ltr'>hoo</span> <span class='ocrx_word' id='word_1_113' title='bbox 622 1729 744 1793; x_wconf 89' lang='lat' dir='ltr'>invicta</span> <span class='ocrx_word' id='word_1_114' title='bbox 772 1730 965 1812; x_wconf 84' lang='lat' dir='ltr'>permansit,</span> <span class='ocrx_word' id='word_1_115' title='bbox 996 1752 1058 1813; x_wconf 93' lang='lat' dir='ltr'>quo</span> <span class='ocrx_word' id='word_1_116' title='bbox 1086 1729 1256 1793; x_wconf 85' lang='lat' dir='ltr'>aestimata</span> <span class='ocrx_word' id='word_1_117' title='bbox 1283 1726 1340 1792; x_wconf 85' lang='lat' dir='ltr'>est</span> <span class='ocrx_word' id='word_1_118' title='bbox 1367 1751 1471 1814; x_wconf 85' lang='lat' dir='ltr'>posse</span> <span class='ocrx_word' id='word_1_119' title='bbox 1492 1750 1558 1794; x_wconf 82' lang='lat' dir='ltr'>suc-</span> 
     </span>
     <span class='ocr_line' id='line_1_15' title="bbox 274 1831 1559 1916; baseline 0 -20"><span class='ocrx_word' id='word_1_120' title='bbox 274 1832 444 1896; x_wconf 82' lang='lat' dir='ltr'>cumbere?</span> <span class='ocrx_word' id='word_1_121' title='bbox 488 1832 648 1896; x_wconf 87' lang='lat' dir='ltr'>Desinant</span> <span class='ocrx_word' id='word_1_122' title='bbox 675 1854 767 1916; x_wconf 83' lang='lat' dir='ltr'>erga,</span> <span class='ocrx_word' id='word_1_123' title='bbox 802 1854 919 1915; x_wconf 85' lang='lat' dir='ltr'>quaeso</span> <span class='ocrx_word' id='word_1_124' title='bbox 947 1835 990 1913; x_wconf 91' lang='lat' dir='ltr'>te,</span> <span class='ocrx_word' id='word_1_125' title='bbox 1025 1831 1221 1915; x_wconf 87' lang='lat' dir='ltr'>temporibus</span> <span class='ocrx_word' id='word_1_126' title='bbox 1248 1831 1316 1895; x_wconf 90' lang='lat' dir='ltr'>tuis</span> <span class='ocrx_word' id='word_1_127' title='bbox 1341 1831 1482 1915; x_wconf 89' lang='lat' dir='ltr'>quidam</span> <span class='ocrx_word' id='word_1_128' title='bbox 1503 1852 1559 1916; x_wconf 84' lang='lat' dir='ltr'>per</span> 
     </span>
     <span class='ocr_line' id='line_1_16' title="bbox 272 1924 1558 2020; baseline 0.001 -22"><span class='ocrx_word' id='word_1_129' title='bbox 272 1937 471 2000; x_wconf 83' lang='lat' dir='ltr'>occasionem</span> <span class='ocrx_word' id='word_1_130' title='bbox 494 1924 744 2020; x_wconf 82' lang='lat' dir='ltr'>perturbationis</span> <span class='ocrx_word' id='word_1_131' title='bbox 767 1935 1002 1998; x_wconf 86' lang='lat' dir='ltr'>ecclesiasticae</span> <span class='ocrx_word' id='word_1_132' title='bbox 1028 1935 1281 2018; x_wconf 88' lang='lat' dir='ltr'>praecipitanter</span> <span class='ocrx_word' id='word_1_133' title='bbox 1303 1934 1449 2017; x_wconf 88' lang='lat' dir='ltr'>ambire,</span> <span class='ocrx_word' id='word_1_134' title='bbox 1479 1954 1558 2019; x_wconf 80' lang='lat' dir='ltr'>quae</span> 
     </span>
     <span class='ocr_line' id='line_1_17' title="bbox 272 2031 1557 2122; baseline -0.001 -20"><span class='ocrx_word' id='word_1_135' title='bbox 272 2038 386 2122; x_wconf 69' lang='lat' dir='ltr'>non¹l)</span> <span class='ocrx_word' id='word_1_136' title='bbox 410 2039 523 2102; x_wconf 91' lang='lat' dir='ltr'>licent:</span> <span class='ocrx_word' id='word_1_137' title='bbox 552 2061 592 2102; x_wconf 88' lang='lat' dir='ltr'>ne</span> <span class='ocrx_word' id='word_1_138' title='bbox 615 2041 648 2100; x_wconf 88' lang='lat' dir='ltr'>et</span> <span class='ocrx_word' id='word_1_139' title='bbox 670 2037 735 2118; x_wconf 90' lang='lat' dir='ltr'>illa,</span> <span class='ocrx_word' id='word_1_140' title='bbox 759 2031 841 2120; x_wconf 68' lang='lat' dir='ltr'>&lt;quae</span> <span class='ocrx_word' id='word_1_141' title='bbox 863 2037 945 2099; x_wconf 89' lang='lat' dir='ltr'>male</span> <span class='ocrx_word' id='word_1_142' title='bbox 969 2039 1137 2120; x_wconf 89' lang='lat' dir='ltr'>appetunt,</span> <span class='ocrx_word' id='word_1_143' title='bbox 1162 2036 1350 2100; x_wconf 88' lang='lat' dir='ltr'>nullatenus</span> <span class='ocrx_word' id='word_1_144' title='bbox 1373 2035 1557 2121; x_wconf 85' lang='lat' dir='ltr'>apprehen·</span> 
     </span>
     <span class='ocr_line' id='line_1_18' title="bbox 272 2137 1560 2224; baseline -0.002 -20"><span class='ocrx_word' id='word_1_145' title='bbox 272 2139 361 2224; x_wconf 91' lang='lat' dir='ltr'>dant,</span> <span class='ocrx_word' id='word_1_146' title='bbox 386 2140 568 2204; x_wconf 81' lang='lat' dir='ltr'>atmodum</span> <span class='ocrx_word' id='word_1_147' title='bbox 591 2162 682 2203; x_wconf 91' lang='lat' dir='ltr'>suum</span> <span class='ocrx_word' id='word_1_148' title='bbox 705 2138 789 2223; x_wconf 89' lang='lat' dir='ltr'>apud</span> <span class='ocrx_word' id='word_1_149' title='bbox 813 2137 915 2201; x_wconf 88' lang='lat' dir='ltr'>Deum</span> <span class='ocrx_word' id='word_1_150' title='bbox 938 2137 1145 2223; x_wconf 85' lang='lat' dir='ltr'>hominesque</span> <span class='ocrx_word' id='word_1_151' title='bbox 1167 2160 1233 2201; x_wconf 91' lang='lat' dir='ltr'>non</span> <span class='ocrx_word' id='word_1_152' title='bbox 1255 2141 1411 2203; x_wconf 87' lang='lat' dir='ltr'>teneant.</span> <span class='ocrx_word' id='word_1_153' title='bbox 1557 2198 1560 2209; x_wconf 91' lang='grc'>,</span> 
     </span>
    </p>

    <p class='ocr_par' dir='ltr' id='par_1_6' title="bbox 269 2238 1558 3246">
     <span class='ocr_line' id='line_1_19' title="bbox 356 2238 1554 2327; baseline 0.001 -21"><span class='ocrx_word' id='word_1_154' title='bbox 356 2244 386 2306; x_wconf 89' lang='grc'>4.</span> <span class='ocrx_word' id='word_1_155' title='bbox 417 2242 619 2327; x_wconf 84' lang='lat' dir='ltr'>Quapropter</span> <span class='ocrx_word' id='word_1_156' title='bbox 641 2243 700 2305; x_wconf 88' lang='lat' dir='ltr'>sub</span> <span class='ocrx_word' id='word_1_157' title='bbox 723 2242 895 2324; x_wconf 84' lang='lat' dir='ltr'>conspectu</span> <span class='ocrx_word' id='word_1_158' title='bbox 912 2238 971 2303; x_wconf 92' lang='lat' dir='ltr'>Dei</span> <span class='ocrx_word' id='word_1_159' title='bbox 991 2262 1071 2325; x_wconf 90' lang='lat' dir='ltr'>pure</span> <span class='ocrx_word' id='word_1_160' title='bbox 1094 2264 1131 2304; x_wconf 89' lang='lat' dir='ltr'>ac</span> <span class='ocrx_word' id='word_1_161' title='bbox 1146 2241 1270 2307; x_wconf 88' lang='lat' dir='ltr'>sincere</span> <span class='ocrx_word' id='word_1_162' title='bbox 1284 2241 1454 2324; x_wconf 86' lang='lat' dir='ltr'>pietatem</span> <span class='ocrx_word' id='word_1_163' title='bbox 1468 2246 1554 2307; x_wconf 84' lang='lat' dir='ltr'>tuam</span> 
     </span>
     <span class='ocr_line' id='line_1_20' title="bbox 272 2342 1554 2431; baseline 0.001 -23"><span class='ocrx_word' id='word_1_164' title='bbox 272 2345 433 2429; x_wconf 89' lang='lat' dir='ltr'>deprecor,</span> <span class='ocrx_word' id='word_1_165' title='bbox 451 2345 594 2409; x_wconf 86' lang='lat' dir='ltr'>obtestor</span> <span class='ocrx_word' id='word_1_166' title='bbox 609 2349 643 2407; x_wconf 89' lang='lat' dir='ltr'>et</span> <span class='ocrx_word' id='word_1_167' title='bbox 662 2342 868 2428; x_wconf 72' lang='lat' dir='ltr'>exhortor¹⁸),</span> <span class='ocrx_word' id='word_1_168' title='bbox 891 2347 927 2406; x_wconf 92' lang='lat' dir='ltr'>ut</span> <span class='ocrx_word' id='word_1_169' title='bbox 949 2343 1138 2426; x_wconf 89' lang='lat' dir='ltr'>petitionem</span> <span class='ocrx_word' id='word_1_170' title='bbox 1158 2364 1263 2407; x_wconf 87' lang='lat' dir='ltr'>meam</span> <span class='ocrx_word' id='word_1_171' title='bbox 1283 2364 1354 2408; x_wconf 91' lang='lat' dir='ltr'>non</span> <span class='ocrx_word' id='word_1_172' title='bbox 1375 2343 1554 2431; x_wconf 87' lang='lat' dir='ltr'>indignan-</span> 
     </span>
     <span class='ocr_line' id='line_1_21' title="bbox 271 2444 1556 2532; baseline 0.002 -21"><span class='ocrx_word' id='word_1_173' title='bbox 271 2451 321 2511; x_wconf 90' lang='lat' dir='ltr'>ter</span> <span class='ocrx_word' id='word_1_174' title='bbox 336 2448 490 2532; x_wconf 85' lang='lat' dir='ltr'>accipias:</span> <span class='ocrx_word' id='word_1_175' title='bbox 507 2469 596 2532; x_wconf 89' lang='lat' dir='ltr'>rogo,</span> <span class='ocrx_word' id='word_1_176' title='bbox 618 2447 760 2529; x_wconf 88' lang='lat' dir='ltr'>inquam,</span> <span class='ocrx_word' id='word_1_177' title='bbox 779 2450 815 2508; x_wconf 91' lang='lat' dir='ltr'>ut</span> <span class='ocrx_word' id='word_1_178' title='bbox 837 2467 887 2508; x_wconf 88' lang='lat' dir='ltr'>me</span> <span class='ocrx_word' id='word_1_179' title='bbox 909 2446 944 2509; x_wconf 91' lang='lat' dir='ltr'>in</span> <span class='ocrx_word' id='word_1_180' title='bbox 958 2444 1019 2509; x_wconf 89' lang='lat' dir='ltr'>hac</span> <span class='ocrx_word' id='word_1_181' title='bbox 1034 2446 1101 2509; x_wconf 86' lang='lat' dir='ltr'>vita</span> <span class='ocrx_word' id='word_1_182' title='bbox 1115 2445 1221 2530; x_wconf 88' lang='lat' dir='ltr'>potius</span> <span class='ocrx_word' id='word_1_183' title='bbox 1238 2445 1353 2509; x_wconf 83' lang='lat' dir='ltr'>audias</span> <span class='ocrx_word' id='word_1_184' title='bbox 1376 2445 1556 2532; x_wconf 74' lang='lat' dir='ltr'>depreeatu-</span> 
     </span>
     <span class='ocr_line' id='line_1_22' title="bbox 271 2547 1555 2634; baseline 0.002 -21"><span class='ocrx_word' id='word_1_185' title='bbox 271 2552 347 2631; x_wconf 87' lang='lat' dir='ltr'>tem,</span> <span class='ocrx_word' id='word_1_186' title='bbox 372 2572 478 2634; x_wconf 85' lang='lat' dir='ltr'>quam,</span> <span class='ocrx_word' id='word_1_187' title='bbox 502 2549 585 2634; x_wconf 92' lang='lat' dir='ltr'>quod</span> <span class='ocrx_word' id='word_1_188' title='bbox 608 2549 702 2631; x_wconf 90' lang='lat' dir='ltr'>absit,</span> <span class='ocrx_word' id='word_1_189' title='bbox 733 2548 766 2611; x_wconf 93' lang='lat' dir='ltr'>in</span> <span class='ocrx_word' id='word_1_190' title='bbox 798 2547 906 2611; x_wconf 85' lang='lat' dir='ltr'>divino</span> <span class='ocrx_word' id='word_1_191' title='bbox 924 2547 1046 2630; x_wconf 85' lang='lat' dir='ltr'>judicio</span> <span class='ocrx_word' id='word_1_192' title='bbox 1068 2549 1190 2611; x_wconf 89' lang='lat' dir='ltr'>sentias</span> <span class='ocrx_word' id='word_1_193' title='bbox 1212 2552 1441 2614; x_wconf 82' lang='lat' dir='ltr'>accusantem.</span> <span class='ocrx_word' id='word_1_194' title='bbox 1487 2547 1555 2615; x_wconf 78' lang='lat' dir='ltr'>Nar</span> 
     </span>
     <span class='ocr_line' id='line_1_23' title="bbox 272 2649 1555 2735; baseline 0.004 -21"><span class='ocrx_word' id='word_1_195' title='bbox 272 2672 322 2715; x_wconf 91' lang='lat' dir='ltr'>me</span> <span class='ocrx_word' id='word_1_196' title='bbox 344 2651 434 2735; x_wconf 85' lang='lat' dir='ltr'>latet,</span> <span class='ocrx_word' id='word_1_197' title='bbox 465 2652 638 2734; x_wconf 87' lang='lat' dir='ltr'>imperator</span> <span class='ocrx_word' id='word_1_198' title='bbox 665 2654 817 2735; x_wconf 89' lang='lat' dir='ltr'>auguste,</span> <span class='ocrx_word' id='word_1_199' title='bbox 848 2649 931 2734; x_wconf 92' lang='lat' dir='ltr'>quod</span> <span class='ocrx_word' id='word_1_200' title='bbox 958 2650 1089 2734; x_wconf 90' lang='lat' dir='ltr'>pietatis</span> <span class='ocrx_word' id='word_1_201' title='bbox 1116 2654 1191 2714; x_wconf 89' lang='lat' dir='ltr'>tuae</span> <span class='ocrx_word' id='word_1_202' title='bbox 1214 2649 1358 2714; x_wconf 90' lang='lat' dir='ltr'>studium</span> <span class='ocrx_word' id='word_1_203' title='bbox 1394 2651 1555 2719; x_wconf 79' lang='lat' dir='ltr'>fueritin</span> 
     </span>
     <span class='ocr_line' id='line_1_24' title="bbox 270 2750 1553 2837; baseline 0.004 -22"><span class='ocrx_word' id='word_1_204' title='bbox 270 2753 397 2837; x_wconf 86' lang='lat' dir='ltr'>privata</span> <span class='ocrx_word' id='word_1_205' title='bbox 420 2753 542 2837; x_wconf 60' lang='lat' dir='ltr'>vitae).</span> <span class='ocrx_word' id='word_1_206' title='bbox 579 2752 708 2836; x_wconf 84' lang='lat' dir='ltr'>Optasti</span> <span class='ocrx_word' id='word_1_207' title='bbox 731 2774 856 2835; x_wconf 89' lang='lat' dir='ltr'>semper</span> <span class='ocrx_word' id='word_1_208' title='bbox 877 2751 945 2814; x_wconf 86' lang='lat' dir='ltr'>fieri</span> <span class='ocrx_word' id='word_1_209' title='bbox 968 2752 1129 2835; x_wconf 88' lang='lat' dir='ltr'>particeps</span> <span class='ocrx_word' id='word_1_210' title='bbox 1144 2750 1369 2835; x_wconf 85' lang='lat' dir='ltr'>promissionis</span> <span class='ocrx_word' id='word_1_211' title='bbox 1386 2759 1553 2819; x_wconf 66' lang='lat' dir='ltr'>aeternna.</span> 
     </span>
     <span class='ocr_line' id='line_1_25' title="bbox 271 2852 1554 2943; baseline 0 -25"><span class='ocrx_word' id='word_1_212' title='bbox 271 2853 472 2939; x_wconf 80' lang='lat' dir='ltr'>Quapropter</span> <span class='ocrx_word' id='word_1_213' title='bbox 494 2856 571 2938; x_wconf 92' lang='lat' dir='ltr'>noli,</span> <span class='ocrx_word' id='word_1_214' title='bbox 596 2876 718 2939; x_wconf 89' lang='lat' dir='ltr'>precor,</span> <span class='ocrx_word' id='word_1_215' title='bbox 743 2855 837 2917; x_wconf 89' lang='lat' dir='ltr'>irasci</span> <span class='ocrx_word' id='word_1_216' title='bbox 860 2853 949 2935; x_wconf 90' lang='lat' dir='ltr'>mihi,</span> <span class='ocrx_word' id='word_1_217' title='bbox 974 2853 1000 2916; x_wconf 91' lang='lat' dir='ltr'>si</span> <span class='ocrx_word' id='word_1_218' title='bbox 1016 2857 1048 2915; x_wconf 85' lang='lat' dir='ltr'>te</span> <span class='ocrx_word' id='word_1_219' title='bbox 1063 2854 1191 2917; x_wconf 90' lang='lat' dir='ltr'>tantum</span> <span class='ocrx_word' id='word_1_220' title='bbox 1206 2852 1318 2938; x_wconf 82' lang='lat' dir='ltr'>diligo,</span> <span class='ocrx_word' id='word_1_221' title='bbox 1343 2857 1385 2918; x_wconf 93' lang='lat' dir='ltr'>ut</span> <span class='ocrx_word' id='word_1_222' title='bbox 1402 2877 1554 2943; x_wconf 83' lang='lat' dir='ltr'>regnan,</span> 
     </span>
     <span class='ocr_line' id='line_1_26' title="bbox 270 2954 1556 3044; baseline 0.002 -24"><span class='ocrx_word' id='word_1_223' title='bbox 270 2956 353 3040; x_wconf 91' lang='lat' dir='ltr'>quod</span> <span class='ocrx_word' id='word_1_224' title='bbox 375 2958 595 3042; x_wconf 87' lang='lat' dir='ltr'>temporaliter</span> <span class='ocrx_word' id='word_1_225' title='bbox 618 2961 780 3020; x_wconf 88' lang='lat' dir='ltr'>assecutus</span> <span class='ocrx_word' id='word_1_226' title='bbox 803 2978 846 3037; x_wconf 87' lang='lat' dir='ltr'>es,</span> <span class='ocrx_word' id='word_1_227' title='bbox 879 2955 974 3018; x_wconf 84' lang='lat' dir='ltr'>velim</span> <span class='ocrx_word' id='word_1_228' title='bbox 995 2960 1027 3018; x_wconf 92' lang='lat' dir='ltr'>te</span> <span class='ocrx_word' id='word_1_229' title='bbox 1055 2954 1174 3018; x_wconf 86' lang='lat' dir='ltr'>habere</span> <span class='ocrx_word' id='word_1_230' title='bbox 1196 2958 1407 3041; x_wconf 89' lang='lat' dir='ltr'>perpetuum,</span> <span class='ocrx_word' id='word_1_231' title='bbox 1439 2963 1474 3023; x_wconf 88' lang='lat' dir='ltr'>et</span> <span class='ocrx_word' id='word_1_232' title='bbox 1500 2958 1556 3044; x_wconf 81' lang='lat' dir='ltr'>qui</span> 
     </span>
     <span class='ocr_line' id='line_1_27' title="bbox 269 3055 1555 3147; baseline 0.001 -25"><span class='ocrx_word' id='word_1_233' title='bbox 269 3060 408 3143; x_wconf 89' lang='lat' dir='ltr'>imperas</span> <span class='ocrx_word' id='word_1_234' title='bbox 436 3060 578 3141; x_wconf 88' lang='lat' dir='ltr'>saeculo,</span> <span class='ocrx_word' id='word_1_235' title='bbox 613 3060 715 3143; x_wconf 87' lang='lat' dir='ltr'>possis</span> <span class='ocrx_word' id='word_1_236' title='bbox 743 3078 879 3143; x_wconf 86' lang='lat' dir='ltr'>regnare</span> <span class='ocrx_word' id='word_1_237' title='bbox 904 3079 974 3121; x_wconf 87' lang='lat' dir='ltr'>oum</span> <span class='ocrx_word' id='word_1_238' title='bbox 997 3056 1134 3122; x_wconf 80' lang='lat' dir='ltr'>Christo.</span> <span class='ocrx_word' id='word_1_239' title='bbox 1179 3055 1256 3120; x_wconf 69' lang='lat' dir='ltr'>&#39;liris</span> <span class='ocrx_word' id='word_1_240' title='bbox 1284 3061 1378 3122; x_wconf 86' lang='lat' dir='ltr'>certe</span> <span class='ocrx_word' id='word_1_241' title='bbox 1414 3059 1555 3147; x_wconf 71' lang='lat' dir='ltr'>legibue,</span> 
     </span>
     <span class='ocr_line' id='line_1_28' title="bbox 269 3158 1558 3246; baseline 0.003 -22"><span class='ocrx_word' id='word_1_242' title='bbox 269 3161 453 3246; x_wconf 87' lang='lat' dir='ltr'>imperator,</span> <span class='ocrx_word' id='word_1_243' title='bbox 477 3163 597 3246; x_wconf 88' lang='lat' dir='ltr'>pateris</span> <span class='ocrx_word' id='word_1_244' title='bbox 620 3161 701 3226; x_wconf 94' lang='lat' dir='ltr'>nihil</span> <span class='ocrx_word' id='word_1_245' title='bbox 723 3162 828 3244; x_wconf 90' lang='lat' dir='ltr'>perire</span> <span class='ocrx_word' id='word_1_246' title='bbox 848 3159 994 3223; x_wconf 89' lang='lat' dir='ltr'>Romano</span> <span class='ocrx_word' id='word_1_247' title='bbox 1016 3159 1150 3242; x_wconf 89' lang='lat' dir='ltr'>nomini,</span> <span class='ocrx_word' id='word_1_248' title='bbox 1175 3158 1308 3244; x_wconf 83' lang='lat' dir='ltr'>nihil²⁰)</span> <span class='ocrx_word' id='word_1_249' title='bbox 1331 3158 1488 3227; x_wconf 77' lang='lat' dir='ltr'>admittis</span> <span class='ocrx_word' id='word_1_250' title='bbox 1508 3162 1558 3227; x_wconf 84' lang='lat' dir='ltr'>in·</span> 
     </span>
    </p>
   </div>
   <div class='ocr_carea' id='block_1_3' title="bbox 265 3382 1558 4901">
    <p class='ocr_par' dir='ltr' id='par_1_7' title="bbox 339 3382 770 3452">
     <span class='ocr_line' id='line_1_29' title="bbox 339 3382 770 3452; baseline 0.007 -16"><span class='ocrx_word' id='word_1_251' title='bbox 339 3386 369 3452; x_wconf 76' lang='lat'>¹⁶)</span> <span class='ocrx_word' id='word_1_252' title='bbox 388 3383 420 3436; x_wconf 91' lang='lat' dir='ltr'>D¹</span> <span class='ocrx_word' id='word_1_253' title='bbox 435 3383 469 3436; x_wconf 65' lang='lat' dir='ltr'>Fi</span> <span class='ocrx_word' id='word_1_254' title='bbox 481 3382 522 3436; x_wconf 66' lang='lat' dir='ltr'>Fe</span> <span class='ocrx_word' id='word_1_255' title='bbox 534 3383 572 3436; x_wconf 68' lang='grc' dir='ltr'>Ν3</span> <span class='ocrx_word' id='word_1_256' title='bbox 589 3402 639 3437; x_wconf 92' lang='lat' dir='ltr'>non</span> <span class='ocrx_word' id='word_1_257' title='bbox 655 3394 770 3451; x_wconf 75' lang='lat' dir='ltr'>possunt.</span> 
     </span>
    </p>

    <p class='ocr_par' dir='ltr' id='par_1_8' title="bbox 268 3464 1558 3630">
     <span class='ocr_line' id='line_1_30' title="bbox 339 3464 1558 3536; baseline 0.004 -16"><span class='ocrx_word' id='word_1_258' title='bbox 339 3470 369 3535; x_wconf 76' lang='lat'>¹⁸)</span> <span class='ocrx_word' id='word_1_259' title='bbox 389 3468 431 3521; x_wconf 78' lang='lat' dir='ltr'>[ta</span> <span class='ocrx_word' id='word_1_260' title='bbox 448 3486 511 3522; x_wconf 85' lang='lat' dir='ltr'>mss.</span> <span class='ocrx_word' id='word_1_261' title='bbox 531 3470 560 3522; x_wconf 83' lang='lat' dir='ltr'>et</span> <span class='ocrx_word' id='word_1_262' title='bbox 577 3467 652 3522; x_wconf 79' lang='lat' dir='ltr'>editi.</span> <span class='ocrx_word' id='word_1_263' title='bbox 688 3467 724 3520; x_wconf 70' lang='lat' dir='ltr'>I)⁴</span> <span class='ocrx_word' id='word_1_264' title='bbox 737 3467 763 3520; x_wconf 91' lang='lat' dir='ltr'>d¹</span> <span class='ocrx_word' id='word_1_265' title='bbox 785 3472 987 3521; x_wconf 81' lang='lat' dir='ltr'>Fundamentum.</span> <span class='ocrx_word' id='word_1_266' title='bbox 1018 3466 1083 3520; x_wconf 85' lang='lat' dir='ltr'>Mox</span> <span class='ocrx_word' id='word_1_267' title='bbox 1099 3465 1193 3536; x_wconf 72' lang='lat' dir='ltr'>plures</span> <span class='ocrx_word' id='word_1_268' title='bbox 1210 3481 1273 3521; x_wconf 81' lang='lat' dir='ltr'>mss.</span> <span class='ocrx_word' id='word_1_269' title='bbox 1294 3464 1343 3533; x_wconf 56' lang='lat' dir='ltr'>(F</span> <span class='ocrx_word' id='word_1_270' title='bbox 1356 3464 1404 3522; x_wconf 61' lang='lat' dir='ltr'>Il·</span> <span class='ocrx_word' id='word_1_271' title='bbox 1416 3469 1458 3526; x_wconf 73' lang='lat' dir='ltr'>N&#39;</span> <span class='ocrx_word' id='word_1_272' title='bbox 1472 3471 1508 3527; x_wconf 88' lang='lat'>0¹</span> <span class='ocrx_word' id='word_1_273' title='bbox 1521 3466 1558 3527; x_wconf 75' lang='lat'>0&#39;</span> 
     </span>
     <span class='ocr_line' id='line_1_31' title="bbox 268 3550 1517 3630; baseline 0 -24"><span class='ocrx_word' id='word_1_274' title='bbox 268 3550 302 3605; x_wconf 82' lang='lat' dir='ltr'>V¹</span> <span class='ocrx_word' id='word_1_275' title='bbox 316 3551 362 3621; x_wconf 79' lang='lat' dir='ltr'>V’)</span> <span class='ocrx_word' id='word_1_276' title='bbox 381 3572 434 3606; x_wconf 87' lang='lat' dir='ltr'>cum</span> <span class='ocrx_word' id='word_1_277' title='bbox 452 3559 575 3623; x_wconf 75' lang='lat' dir='ltr'>aliquibus</span> <span class='ocrx_word' id='word_1_278' title='bbox 592 3559 687 3620; x_wconf 77' lang='lat' dir='ltr'>infesta</span> <span class='ocrx_word' id='word_1_279' title='bbox 704 3558 806 3620; x_wconf 78' lang='lat' dir='ltr'>rela&#39;pr&#39;a,</span> <span class='ocrx_word' id='word_1_280' title='bbox 826 3570 859 3606; x_wconf 87' lang='lat' dir='ltr'>ac</span> <span class='ocrx_word' id='word_1_281' title='bbox 878 3552 977 3606; x_wconf 86' lang='lat' dir='ltr'>deinde</span> <span class='ocrx_word' id='word_1_282' title='bbox 995 3551 1029 3604; x_wconf 85' lang='lat' dir='ltr'>D&#39;</span> <span class='ocrx_word' id='word_1_283' title='bbox 1043 3551 1080 3605; x_wconf 72' lang='lat' dir='ltr'>N‘</span> <span class='ocrx_word' id='word_1_284' title='bbox 1098 3563 1277 3622; x_wconf 80' lang='lat' dir='ltr'>quantunque,</span> <span class='ocrx_word' id='word_1_285' title='bbox 1297 3552 1327 3605; x_wconf 92' lang='lat' dir='ltr'>d¹</span> <span class='ocrx_word' id='word_1_286' title='bbox 1347 3575 1517 3630; x_wconf 51' lang='grc' dir='ltr'>μω,</span> 
     </span>
    </p>

    <p class='ocr_par' dir='ltr' id='par_1_9' title="bbox 268 3636 1557 3871">
     <span class='ocr_line' id='line_1_32' title="bbox 338 3636 1556 3715; baseline 0.003 -26"><span class='ocrx_word' id='word_1_287' title='bbox 338 3640 368 3705; x_wconf 77' lang='lat'>¹⁷)</span> <span class='ocrx_word' id='word_1_288' title='bbox 387 3637 432 3690; x_wconf 90' lang='lat' dir='ltr'>Sic</span> <span class='ocrx_word' id='word_1_289' title='bbox 450 3656 511 3692; x_wconf 88' lang='lat' dir='ltr'>mss.</span> <span class='ocrx_word' id='word_1_290' title='bbox 532 3642 560 3691; x_wconf 89' lang='lat' dir='ltr'>et</span> <span class='ocrx_word' id='word_1_291' title='bbox 578 3638 605 3690; x_wconf 80' lang='lat' dir='ltr'>d&#39;</span> <span class='ocrx_word' id='word_1_292' title='bbox 620 3638 657 3691; x_wconf 68' lang='lat' dir='ltr'>dt.</span> <span class='ocrx_word' id='word_1_293' title='bbox 693 3637 748 3691; x_wconf 88' lang='lat' dir='ltr'>Alii</span> <span class='ocrx_word' id='word_1_294' title='bbox 765 3653 832 3691; x_wconf 82' lang='lat' dir='ltr'>vero</span> <span class='ocrx_word' id='word_1_295' title='bbox 850 3637 918 3690; x_wconf 87' lang='lat' dir='ltr'>editi</span> <span class='ocrx_word' id='word_1_296' title='bbox 939 3655 1001 3691; x_wconf 88' lang='lat' dir='ltr'>cum</span> <span class='ocrx_word' id='word_1_297' title='bbox 1018 3637 1053 3690; x_wconf 75' lang='lat' dir='ltr'>pr</span> <span class='ocrx_word' id='word_1_298' title='bbox 1071 3636 1112 3691; x_wconf 81' lang='lat' dir='ltr'>pn</span> <span class='ocrx_word' id='word_1_299' title='bbox 1131 3658 1195 3708; x_wconf 85' lang='lat' dir='ltr'>quae</span> <span class='ocrx_word' id='word_1_300' title='bbox 1218 3657 1268 3693; x_wconf 85' lang='lat' dir='ltr'>nan</span> <span class='ocrx_word' id='word_1_301' title='bbox 1290 3643 1363 3693; x_wconf 75' lang='lat' dir='ltr'>ticet.</span> <span class='ocrx_word' id='word_1_302' title='bbox 1408 3640 1449 3699; x_wconf 76' lang='lat' dir='ltr'>Et</span> <span class='ocrx_word' id='word_1_303' title='bbox 1468 3642 1556 3715; x_wconf 74' lang='lat' dir='ltr'>pulo</span> 
     </span>
     <span class='ocr_line' id='line_1_33' title="bbox 269 3721 1557 3793; baseline 0.002 -17"><span class='ocrx_word' id='word_1_304' title='bbox 269 3725 334 3776; x_wconf 77' lang='lat' dir='ltr'>unte</span> <span class='ocrx_word' id='word_1_305' title='bbox 347 3722 380 3776; x_wconf 87' lang='lat'>0¹</span> <span class='ocrx_word' id='word_1_306' title='bbox 392 3727 625 3792; x_wconf 81' lang='lat' dir='ltr'>perturbationibus</span> <span class='ocrx_word' id='word_1_307' title='bbox 637 3729 817 3777; x_wconf 78' lang='lat' dir='ltr'>ecclesiastica.</span> <span class='ocrx_word' id='word_1_308' title='bbox 848 3721 1148 3792; x_wconf 78' lang='lat' dir='ltr'>Constantinopolitani</span> <span class='ocrx_word' id='word_1_309' title='bbox 1165 3721 1308 3790; x_wconf 70' lang='lat' dir='ltr'>armati,</span> <span class='ocrx_word' id='word_1_310' title='bbox 1326 3724 1381 3793; x_wconf 84' lang='lat' dir='ltr'>qui</span> <span class='ocrx_word' id='word_1_311' title='bbox 1401 3727 1557 3784; x_wconf 65' lang='lat' dir='ltr'>nemrim</span> 
     </span>
     <span class='ocr_line' id='line_1_34' title="bbox 268 3807 950 3871; baseline 0.003 -11"><span class='ocrx_word' id='word_1_312' title='bbox 268 3807 362 3861; x_wconf 87' lang='lat' dir='ltr'>sedem</span> <span class='ocrx_word' id='word_1_313' title='bbox 381 3807 544 3871; x_wconf 79' lang='lat' dir='ltr'>affectabat,</span> <span class='ocrx_word' id='word_1_314' title='bbox 564 3808 710 3862; x_wconf 87' lang='lat' dir='ltr'>ambitioni</span> <span class='ocrx_word' id='word_1_315' title='bbox 727 3808 772 3861; x_wconf 88' lang='lat' dir='ltr'>hic</span> <span class='ocrx_word' id='word_1_316' title='bbox 790 3808 950 3862; x_wconf 87' lang='lat' dir='ltr'>occurritur.</span> 
     </span>
    </p>

    <p class='ocr_par' dir='ltr' id='par_1_10' title="bbox 338 3894 691 3961">
     <span class='ocr_line' id='line_1_35' title="bbox 338 3894 691 3961; baseline -0.003 -15"><span class='ocrx_word' id='word_1_317' title='bbox 338 3897 367 3961; x_wconf 66' lang='grc'>18)</span> <span class='ocrx_word' id='word_1_318' title='bbox 387 3894 414 3946; x_wconf 84' lang='grc'>(11</span> <span class='ocrx_word' id='word_1_319' title='bbox 435 3894 540 3947; x_wconf 81' lang='lat' dir='ltr'>omittit</span> <span class='ocrx_word' id='word_1_320' title='bbox 557 3899 691 3949; x_wconf 73' lang='lat' dir='ltr'>exhortor.</span> 
     </span>
    </p>

    <p class='ocr_par' dir='ltr' id='par_1_11' title="bbox 265 3971 1555 4901">
     <span class='ocr_line' id='line_1_36' title="bbox 337 3971 1555 4059; baseline 0.006 -27"><span class='ocrx_word' id='word_1_321' title='bbox 337 3983 369 4048; x_wconf 81' lang='lat'>¹⁹)</span> <span class='ocrx_word' id='word_1_322' title='bbox 386 3979 456 4033; x_wconf 86' lang='lat' dir='ltr'>Hinc</span> <span class='ocrx_word' id='word_1_323' title='bbox 474 3979 607 4045; x_wconf 87' lang='lat' dir='ltr'>firmatur,</span> <span class='ocrx_word' id='word_1_324' title='bbox 627 3980 702 4048; x_wconf 85' lang='lat' dir='ltr'>quod</span> <span class='ocrx_word' id='word_1_325' title='bbox 715 3980 855 4033; x_wconf 87' lang='lat' dir='ltr'>Cedrenus</span> <span class='ocrx_word' id='word_1_326' title='bbox 867 3979 968 4046; x_wconf 87' lang='lat' dir='ltr'>tradit,</span> <span class='ocrx_word' id='word_1_327' title='bbox 986 3979 1133 4034; x_wconf 60' lang='lat' dir='ltr'>Anastm</span> <span class='ocrx_word' id='word_1_328' title='bbox 1151 3978 1180 4033; x_wconf 90' lang='lat' dir='ltr'>in</span> <span class='ocrx_word' id='word_1_329' title='bbox 1192 3977 1267 4034; x_wconf 84' lang='lat' dir='ltr'>circo</span> <span class='ocrx_word' id='word_1_330' title='bbox 1279 3980 1400 4038; x_wconf 73' lang='lat' dir='ltr'>sadanfi</span> <span class='ocrx_word' id='word_1_331' title='bbox 1417 3971 1555 4059; x_wconf 75' lang='lat' dir='ltr'>populu</span> 
     </span>
     <span class='ocr_line' id='line_1_37' title="bbox 267 4065 1554 4144; baseline 0 -26"><span class='ocrx_word' id='word_1_332' title='bbox 267 4080 323 4119; x_wconf 84' lang='lat' dir='ltr'>uno</span> <span class='ocrx_word' id='word_1_333' title='bbox 336 4081 383 4119; x_wconf 85' lang='lat' dir='ltr'>ore</span> <span class='ocrx_word' id='word_1_334' title='bbox 396 4065 594 4119; x_wconf 78' lang='lat' dir='ltr'>conclamasse:</span> <span class='ocrx_word' id='word_1_335' title='bbox 612 4072 677 4119; x_wconf 68' lang='lat' dir='ltr'>siccat</span> <span class='ocrx_word' id='word_1_336' title='bbox 694 4072 793 4128; x_wconf 68' lang='lat' dir='ltr'>viriati,</span> <span class='ocrx_word' id='word_1_337' title='bbox 812 4072 848 4118; x_wconf 83' lang='lat' dir='ltr'>ita</span> <span class='ocrx_word' id='word_1_338' title='bbox 866 4071 940 4118; x_wconf 84' lang='lat' dir='ltr'>etiarn</span> <span class='ocrx_word' id='word_1_339' title='bbox 958 4070 1056 4134; x_wconf 83' lang='lat' dir='ltr'>impera</span> <span class='ocrx_word' id='word_1_340' title='bbox 1074 4069 1188 4120; x_wconf 79' lang='lat' dir='ltr'>domine!</span> <span class='ocrx_word' id='word_1_341' title='bbox 1210 4066 1314 4134; x_wconf 80' lang='lat' dir='ltr'>Quippe</span> <span class='ocrx_word' id='word_1_342' title='bbox 1327 4075 1389 4138; x_wconf 68' lang='grc' dir='ltr'>φή,</span> <span class='ocrx_word' id='word_1_343' title='bbox 1408 4073 1445 4126; x_wconf 76' lang='lat' dir='ltr'>nt</span> <span class='ocrx_word' id='word_1_344' title='bbox 1460 4088 1554 4144; x_wconf 62' lang='lat' dir='ltr'>pm.</span> 
     </span>
     <span class='ocr_line' id='line_1_38' title="bbox 268 4149 1554 4222; baseline 0.004 -19"><span class='ocrx_word' id='word_1_345' title='bbox 268 4151 362 4217; x_wconf 85' lang='lat' dir='ltr'>quitur</span> <span class='ocrx_word' id='word_1_346' title='bbox 383 4151 457 4203; x_wconf 89' lang='lat' dir='ltr'>idem</span> <span class='ocrx_word' id='word_1_347' title='bbox 476 4149 629 4215; x_wconf 86' lang='lat' dir='ltr'>Cedrenus,</span> <span class='ocrx_word' id='word_1_348' title='bbox 657 4162 716 4203; x_wconf 87' lang='lat' dir='ltr'>ante</span> <span class='ocrx_word' id='word_1_349' title='bbox 737 4156 800 4219; x_wconf 78' lang='lat' dir='ltr'>palti</span> <span class='ocrx_word' id='word_1_350' title='bbox 816 4162 914 4203; x_wconf 86' lang='lat' dir='ltr'>cantum</span> <span class='ocrx_word' id='word_1_351' title='bbox 933 4158 1048 4218; x_wconf 79' lang='lat' dir='ltr'>ternplum</span> <span class='ocrx_word' id='word_1_352' title='bbox 1066 4155 1140 4204; x_wconf 79' lang='lat' dir='ltr'>adire</span> <span class='ocrx_word' id='word_1_353' title='bbox 1157 4153 1256 4203; x_wconf 78' lang='lat' dir='ltr'>solebat</span> <span class='ocrx_word' id='word_1_354' title='bbox 1274 4154 1366 4222; x_wconf 79' lang='lat' dir='ltr'>ibique</span> <span class='ocrx_word' id='word_1_355' title='bbox 1386 4161 1449 4212; x_wconf 65' lang='lat' dir='ltr'>dan</span> <span class='ocrx_word' id='word_1_356' title='bbox 1466 4164 1554 4217; x_wconf 68' lang='grc' dir='ltr'>ωιὰ</span> 
     </span>
     <span class='ocr_line' id='line_1_39' title="bbox 266 4238 1553 4306; baseline 0.006 -17"><span class='ocrx_word' id='word_1_357' title='bbox 266 4240 435 4290; x_wconf 72' lang='lat' dir='ltr'>diunitteretar</span> <span class='ocrx_word' id='word_1_358' title='bbox 452 4240 537 4289; x_wconf 77' lang='lat' dir='ltr'>strabat</span> <span class='ocrx_word' id='word_1_359' title='bbox 557 4240 634 4288; x_wconf 85' lang='lat' dir='ltr'>Deum</span> <span class='ocrx_word' id='word_1_360' title='bbox 650 4256 774 4304; x_wconf 80' lang='lat' dir='ltr'>precans,</span> <span class='ocrx_word' id='word_1_361' title='bbox 796 4240 919 4304; x_wconf 79' lang='lat' dir='ltr'>frequens</span> <span class='ocrx_word' id='word_1_362' title='bbox 931 4238 1072 4301; x_wconf 76' lang='lat' dir='ltr'>jejunabat</span> <span class='ocrx_word' id='word_1_363' title='bbox 1091 4245 1117 4289; x_wconf 86' lang='lat' dir='ltr'>et</span> <span class='ocrx_word' id='word_1_364' title='bbox 1133 4255 1180 4289; x_wconf 84' lang='lat' dir='ltr'>rua</span> <span class='ocrx_word' id='word_1_365' title='bbox 1197 4242 1364 4306; x_wconf 71' lang='lat' dir='ltr'>pauperibus</span> <span class='ocrx_word' id='word_1_366' title='bbox 1384 4254 1414 4296; x_wconf 86' lang='lat' dir='ltr'>et</span> <span class='ocrx_word' id='word_1_367' title='bbox 1431 4249 1553 4301; x_wconf 61' lang='lat' dir='ltr'>nendi&amp;</span> 
     </span>
     <span class='ocr_line' id='line_1_40' title="bbox 267 4319 1552 4397; baseline 0.009 -24"><span class='ocrx_word' id='word_1_368' title='bbox 267 4326 397 4390; x_wconf 77' lang='lat' dir='ltr'>eropabat.</span> <span class='ocrx_word' id='word_1_369' title='bbox 427 4319 483 4374; x_wconf 85' lang='lat' dir='ltr'>Sed</span> <span class='ocrx_word' id='word_1_370' title='bbox 495 4321 561 4374; x_wconf 89' lang='lat' dir='ltr'>dum</span> <span class='ocrx_word' id='word_1_371' title='bbox 575 4320 603 4372; x_wconf 89' lang='lat' dir='ltr'>in</span> <span class='ocrx_word' id='word_1_372' title='bbox 615 4320 753 4375; x_wconf 84' lang='lat' dir='ltr'>Ecclesiae</span> <span class='ocrx_word' id='word_1_373' title='bbox 767 4322 842 4374; x_wconf 87' lang='lat' dir='ltr'>statu</span> <span class='ocrx_word' id='word_1_374' title='bbox 860 4320 928 4373; x_wconf 86' lang='lat' dir='ltr'>nihil</span> <span class='ocrx_word' id='word_1_375' title='bbox 945 4319 1071 4374; x_wconf 78' lang='lat' dir='ltr'>innovari</span> <span class='ocrx_word' id='word_1_376' title='bbox 1088 4320 1159 4375; x_wconf 85' lang='lat' dir='ltr'>velle</span> <span class='ocrx_word' id='word_1_377' title='bbox 1177 4338 1207 4375; x_wconf 90' lang='lat' dir='ltr'>se</span> <span class='ocrx_word' id='word_1_378' title='bbox 1224 4324 1432 4397; x_wconf 83' lang='lat' dir='ltr'>praetexeret,</span> <span class='ocrx_word' id='word_1_379' title='bbox 1450 4328 1552 4384; x_wconf 72' lang='lat' dir='ltr'>mna·</span> 
     </span>
     <span class='ocr_line' id='line_1_41' title="bbox 267 4405 1553 4480; baseline 0.004 -21"><span class='ocrx_word' id='word_1_380' title='bbox 267 4406 395 4460; x_wconf 85' lang='lat' dir='ltr'>ecclesias</span> <span class='ocrx_word' id='word_1_381' title='bbox 414 4405 512 4460; x_wconf 87' lang='lat' dir='ltr'>eodem</span> <span class='ocrx_word' id='word_1_382' title='bbox 530 4405 651 4475; x_wconf 79' lang='lat' dir='ltr'>Evagrio</span> <span class='ocrx_word' id='word_1_383' title='bbox 664 4406 681 4461; x_wconf 83' lang='lat' dir='ltr'>l,</span> <span class='ocrx_word' id='word_1_384' title='bbox 695 4423 717 4458; x_wconf 91' lang='lat' dir='ltr'>c.</span> <span class='ocrx_word' id='word_1_385' title='bbox 737 4406 808 4459; x_wconf 85' lang='lat' dir='ltr'>testo</span> <span class='ocrx_word' id='word_1_386' title='bbox 826 4405 1003 4473; x_wconf 87' lang='lat' dir='ltr'>perturbavit</span> <span class='ocrx_word' id='word_1_387' title='bbox 1020 4422 1053 4459; x_wconf 90' lang='lat' dir='ltr'>ac</span> <span class='ocrx_word' id='word_1_388' title='bbox 1071 4406 1125 4459; x_wconf 85' lang='lat' dir='ltr'>suia</span> <span class='ocrx_word' id='word_1_389' title='bbox 1142 4405 1322 4475; x_wconf 81' lang='lat' dir='ltr'>praesulibus</span> <span class='ocrx_word' id='word_1_390' title='bbox 1340 4411 1497 4480; x_wconf 66' lang='lat' dir='ltr'>spoliavit</span> <span class='ocrx_word' id='word_1_391' title='bbox 1520 4412 1553 4469; x_wconf 87' lang='lat' dir='ltr'>ll-</span> 
     </span>
     <span class='ocr_line' id='line_1_42' title="bbox 265 4489 1552 4559; baseline 0.005 -16"><span class='ocrx_word' id='word_1_392' title='bbox 265 4490 323 4543; x_wconf 90' lang='lat' dir='ltr'>lum</span> <span class='ocrx_word' id='word_1_393' title='bbox 336 4493 430 4545; x_wconf 87' lang='lat' dir='ltr'>tamen</span> <span class='ocrx_word' id='word_1_394' title='bbox 443 4491 606 4545; x_wconf 86' lang='lat' dir='ltr'>Theodorus</span> <span class='ocrx_word' id='word_1_395' title='bbox 623 4492 711 4545; x_wconf 87' lang='lat' dir='ltr'>lector</span> <span class='ocrx_word' id='word_1_396' title='bbox 729 4492 758 4551; x_wconf 88' lang='lat' dir='ltr'>et</span> <span class='ocrx_word' id='word_1_397' title='bbox 770 4490 955 4559; x_wconf 86' lang='lat' dir='ltr'>Theophanes</span> <span class='ocrx_word' id='word_1_398' title='bbox 968 4491 1059 4544; x_wconf 86' lang='lat' dir='ltr'>matra</span> <span class='ocrx_word' id='word_1_399' title='bbox 1071 4489 1249 4555; x_wconf 84' lang='lat' dir='ltr'>Manichaea,</span> <span class='ocrx_word' id='word_1_400' title='bbox 1268 4491 1375 4550; x_wconf 86' lang='lat' dir='ltr'>Victor</span> <span class='ocrx_word' id='word_1_401' title='bbox 1388 4500 1489 4553; x_wconf 81' lang='lat' dir='ltr'>autem</span> <span class='ocrx_word' id='word_1_402' title='bbox 1500 4498 1552 4554; x_wconf 70' lang='lat' dir='ltr'>&#39;lh-</span> 
     </span>
     <span class='ocr_line' id='line_1_43' title="bbox 267 4574 1551 4655; baseline 0.008 -27"><span class='ocrx_word' id='word_1_403' title='bbox 267 4575 395 4629; x_wconf 86' lang='lat' dir='ltr'>nuuensis</span> <span class='ocrx_word' id='word_1_404' title='bbox 413 4576 518 4630; x_wconf 68' lang='lat' dir='ltr'>Arium</span> <span class='ocrx_word' id='word_1_405' title='bbox 540 4575 719 4645; x_wconf 86' lang='lat' dir='ltr'>progenitum</span> <span class='ocrx_word' id='word_1_406' title='bbox 741 4575 863 4629; x_wconf 87' lang='lat' dir='ltr'>tradunt.</span> <span class='ocrx_word' id='word_1_407' title='bbox 904 4574 1091 4639; x_wconf 81' lang='lat' dir='ltr'>Quamobrem</span> <span class='ocrx_word' id='word_1_408' title='bbox 1113 4576 1191 4630; x_wconf 91' lang='lat' dir='ltr'>illum</span> <span class='ocrx_word' id='word_1_409' title='bbox 1211 4576 1378 4648; x_wconf 88' lang='lat' dir='ltr'>Euphemio</span> <span class='ocrx_word' id='word_1_410' title='bbox 1402 4585 1551 4655; x_wconf 71' lang='lat' dir='ltr'>suspectu</span> 
     </span>
     <span class='ocr_line' id='line_1_44' title="bbox 267 4659 1552 4731; baseline 0.005 -19"><span class='ocrx_word' id='word_1_411' title='bbox 267 4659 329 4712; x_wconf 87' lang='lat' dir='ltr'>fidei</span> <span class='ocrx_word' id='word_1_412' title='bbox 342 4659 426 4714; x_wconf 81' lang='lat' dir='ltr'>luisse</span> <span class='ocrx_word' id='word_1_413' title='bbox 439 4664 467 4715; x_wconf 87' lang='lat' dir='ltr'>et</span> <span class='ocrx_word' id='word_1_414' title='bbox 479 4662 513 4715; x_wconf 91' lang='lat' dir='ltr'>de</span> <span class='ocrx_word' id='word_1_415' title='bbox 526 4661 586 4729; x_wconf 87' lang='lat' dir='ltr'>ejus</span> <span class='ocrx_word' id='word_1_416' title='bbox 597 4660 811 4731; x_wconf 86' lang='lat' dir='ltr'>inauguratione</span> <span class='ocrx_word' id='word_1_417' title='bbox 821 4660 998 4714; x_wconf 84' lang='lat' dir='ltr'>lllanichaeos</span> <span class='ocrx_word' id='word_1_418' title='bbox 1007 4659 1181 4730; x_wconf 84' lang='lat' dir='ltr'>Arianosquc</span> <span class='ocrx_word' id='word_1_419' title='bbox 1194 4663 1360 4731; x_wconf 63' lang='lat' dir='ltr'>manicos</span> <span class='ocrx_word' id='word_1_420' title='bbox 1373 4684 1440 4723; x_wconf 77' lang='lat' dir='ltr'>esse</span> <span class='ocrx_word' id='word_1_421' title='bbox 1451 4670 1552 4725; x_wconf 72' lang='lat' dir='ltr'>auctor</span> 
     </span>
     <span class='ocr_line' id='line_1_45' title="bbox 266 4745 1551 4816; baseline 0.009 -18"><span class='ocrx_word' id='word_1_422' title='bbox 266 4746 309 4798; x_wconf 89' lang='lat' dir='ltr'>est</span> <span class='ocrx_word' id='word_1_423' title='bbox 325 4745 400 4799; x_wconf 86' lang='lat' dir='ltr'>idem</span> <span class='ocrx_word' id='word_1_424' title='bbox 418 4746 581 4801; x_wconf 86' lang='lat' dir='ltr'>Theodorus</span> <span class='ocrx_word' id='word_1_425' title='bbox 600 4746 695 4811; x_wconf 86' lang='lat' dir='ltr'>lector,</span> <span class='ocrx_word' id='word_1_426' title='bbox 713 4745 900 4813; x_wconf 85' lang='lat' dir='ltr'>eiqueVictor</span> <span class='ocrx_word' id='word_1_427' title='bbox 915 4745 1097 4812; x_wconf 83' lang='lat' dir='ltr'>Tununcnsis,</span> <span class='ocrx_word' id='word_1_428' title='bbox 1116 4746 1305 4816; x_wconf 81' lang='lat' dir='ltr'>Theophanes</span> <span class='ocrx_word' id='word_1_429' title='bbox 1322 4752 1356 4804; x_wconf 81' lang='lat' dir='ltr'>et</span> <span class='ocrx_word' id='word_1_430' title='bbox 1368 4750 1551 4809; x_wconf 70' lang='lat' dir='ltr'>Marcellinus</span> 
     </span>
     <span class='ocr_line' id='line_1_46' title="bbox 266 4832 572 4901; baseline 0.003 -18"><span class='ocrx_word' id='word_1_431' title='bbox 266 4847 357 4884; x_wconf 86' lang='lat' dir='ltr'>comes</span> <span class='ocrx_word' id='word_1_432' title='bbox 376 4832 572 4901; x_wconf 81' lang='lat' dir='ltr'>suffragantur.</span> 
     </span>
    </p>
   </div>
   <div class='ocr_carea' id='block_1_4' title="bbox 332 4912 1549 4989">
    <p class='ocr_par' dir='ltr' id='par_1_12' title="bbox 332 4912 1549 4989">
     <span class='ocr_line' id='line_1_47' title="bbox 332 4912 1549 4989; baseline 0.008 -18"><span class='ocrx_word' id='word_1_433' title='bbox 332 4918 365 4987; x_wconf 83' lang='lat'>²⁰)</span> <span class='ocrx_word' id='word_1_434' title='bbox 379 4915 412 4972; x_wconf 84' lang='grc' dir='ltr'>Ο1</span> <span class='ocrx_word' id='word_1_435' title='bbox 420 4916 484 4970; x_wconf 77' lang='lat'><strong>0²0¹</strong></span> <span class='ocrx_word' id='word_1_436' title='bbox 492 4923 698 4973; x_wconf 77' lang='lat' dir='ltr'>nultumadrnittir</span> <span class='ocrx_word' id='word_1_437' title='bbox 707 4920 824 4986; x_wconf 74' lang='lat' dir='ltr'>inperare</span> <span class='ocrx_word' id='word_1_438' title='bbox 830 4912 887 4986; x_wconf 89' lang='lat' dir='ltr'>(alii</span> <span class='ocrx_word' id='word_1_439' title='bbox 893 4934 923 4972; x_wconf 87' lang='lat' dir='ltr'>cc</span> <span class='ocrx_word' id='word_1_440' title='bbox 929 4918 1021 4989; x_wconf 68' lang='lat' dir='ltr'>inperat</span> <span class='ocrx_word' id='word_1_441' title='bbox 1027 4922 1209 4975; x_wconf 71' lang='lat' dir='ltr'>detrimentare.</span> <span class='ocrx_word' id='word_1_442' title='bbox 1221 4912 1549 4989; x_wconf 54' lang='lat' dir='ltr'>Sequimmffibffld&#39;.</span> 
     </span>
    </p>
   </div>
   <div class='ocr_carea' id='block_1_5' title="bbox 1236 5170 1246 5200">
    <p class='ocr_par' dir='ltr' id='par_1_13' title="bbox 1236 5170 1246 5200">
     <span class='ocr_line' id='line_1_48' title="bbox 1236 5170 1246 5200; baseline 0 0"><span class='ocrx_word' id='word_1_443' title='bbox 1236 5170 1246 5200; x_wconf 76' lang='grc' dir='ltr'><strong><em>Ι</em></strong></span> 
     </span>
    </p>
   </div>
   <div class='ocr_carea' id='block_1_6' title="bbox 0 0 1606 5506">
    <p class='ocr_par' dir='ltr' id='par_1_14' title="bbox 0 0 1606 5506">
     <span class='ocr_line' id='line_1_49' title="bbox 0 0 1606 5506; baseline 0 2"><span class='ocrx_word' id='word_1_444' title='bbox 0 0 1606 5506; x_wconf 95' lang='lat' dir='ltr'> </span> 
     </span>
    </p>
   </div>
  </div>
 </body>
</html>
