3204 5506
231 340 293 403 874
669 356 697 401 s.
715 353 922 401 nonnrsnan
945 352 1058 400 raras

121 543 144 578 a.
156 527 214 578 519.
229 532 304 573 suae
326 509 466 591 faciens,
491 506 658 571 basilicam
680 511 864 571 sanctorum
887 506 1120 590 apostolorum,
1146 507 1180 571 in
1204 529 1267 592 qua
1288 507 1463 576 desideratet

230 612 317 675 beati
338 610 505 675 Laurentii
527 610 677 692 martyris
700 608 850 694 reliquias
872 631 951 691 esse,
977 610 1162 693 constituit3
1186 613 1296 693 sperat
1315 633 1368 695 per
1386 615 1462 697 parri-

229 717 330 778 tatem
352 717 513 795 nostram,
547 715 585 775 ut
605 711 841 795 praedictorum
869 715 1053 776 sanctorum
1082 712 1235 796 reliquias
1258 712 1394 778 celeriter
1411 738 1464 780 con·

231 816 360 880 cedatis.
397 815 521 879 Habuit
543 814 671 898 quidem
692 815 805 898 petitio
827 814 983 898 praedicti
999 814 1059 878 viri
1074 815 1252 879 secundum
1266 838 1380 881 morem
1393 817 1463 882 Grae

231 941 354 1001 corum3
378 921 410 981 et
432 940 490 981 nos
513 918 659 999 contra¹l
683 916 946 981 consuetudinem
967 916 1051 981 sedis
1074 917 1271 1001 apostolieae
1285 920 1463 1002 exposuimus

229 1022 366 1106 Accepit
387 1020 555 1084 rationem.
600 1019 645 1082 Et
666 1019 741 1104 quia
764 1019 838 1082 talis
861 1021 910 1082 est
935 1018 1041 1083 fervor
1062 1019 1136 1083 fidei
1160 1020 1244 1104 ejus,
1278 1021 1330 1104 qui
1356 1028 1465 1088 meretur

228 1122 382 1208 quidquid
409 1123 447 1186 de
477 1121 651 1207 apostolica
681 1121 754 1185 sede
783 1120 1018 1204 depoposcerit,
1056 1125 1089 1186 et
1116 1121 1191 1186 talis
1219 1125 1270 1186 est
1296 1124 1348 1206 qui
1373 1129 1464 1209 sperat

228 1226 313 1290 unde
336 1229 370 1289 et
391 1224 476 1288 salus
499 1224 626 1288 animae
654 1226 686 1288 et
713 1224 785 1287 fidei
817 1224 949 1288 affectus
978 1227 1156 1305 accrescat,
1188 1223 1307 1288 talibus
1333 1225 1465 1291 desideriis

228 1327 392 1411 postulata
416 1327 568 1409 competit
590 1349 656 1389 non
678 1348 808 1410 negare.
843 1325 936 1390 Unde
959 1325 987 1389 si
1009 1328 1041 1389 et
1063 1325 1259 1390 beatitudini
1273 1329 1464 1392 vestraeride

229 1433 296 1512 tur,
321 1428 506 1493 sanctuaria
528 1429 693 1492 beatorum
716 1427 932 1511 apostolorum
954 1427 1042 1492 Petri
1065 1432 1098 1492 et
1118 1427 1212 1491 Pauli
1235 1429 1400 1494 secundum
1417 1453 1464 1494 ruo

228 1554 295 1594 rem
318 1531 347 1594 ei
370 1531 480 1615 largiri
502 1531 692 1614 praecipite3
719 1533 752 1594 et
773 1530 799 1594 si
822 1530 892 1594 fieri
914 1533 1020 1613 potest
1042 1530 1083 1593 ad
1105 1531 1280 1594 secundam
1302 1535 1465 1597 cataractam

228 1635 298 1717 ipsa
327 1632 543 1718 sanctuaria2)
569 1633 743 1716 deponere,
783 1635 922 1695 vestrum
956 1636 1005 1696 est
1038 1631 1224 1696 deliberare.
1284 1632 1367 1698 Petit
1390 1636 1466 1698 etde

228 1735 383 1817 catenis³)
407 1738 589 1799 simetorum
618 1733 849 1818 apostolorum,
884 1735 910 1798 si
938 1734 1088 1818 possibile
1116 1738 1182 1816 est,
1217 1739 1250 1799 et
1276 1736 1314 1799 de
1342 1737 1466 1800 craticula

227 1837 314 1901 beati
336 1837 501 1901 Laurentii
523 1837 682 1921 martyris.
732 1837 799 1901 Ista
822 1840 897 1901 sunt
920 1837 1075 1901 desideria
1097 1837 1255 1920 praedicti
1278 1838 1349 1903 riri:
1374 1838 1466 1903 inhoc

227 2118 258 2166 Π
296 2115 315 2176 ¹)
334 2112 367 2164 ll.
382 2130 419 2165 e:
439 2112 467 2164 ot
485 2128 534 2162 nos
547 2109 715 2163 Graecorum
734 2125 852 2175 morem,
872 2126 926 2176 quo
944 2112 1103 2164 sanctorum
1122 2125 1184 2163 ossa
1201 2112 1370 2166 contrectare
1386 2129 1414 2164 ae
1428 2111 1466 2164 dis-

227 2197 338 2251 trahere
361 2196 462 2261 solent,
485 2194 744 2264 apostolicaesedis
767 2193 958 2248 consuetudini
978 2195 1147 2249 contrarium
1166 2212 1226 2249 csse
1244 2196 1418 2265 exposuimus,
1432 2196 1468 2249 illc

227 2297 292 2335 vero
311 2281 465 2335 rationibus
483 2280 584 2333 nostris
603 2278 690 2332 cessit.
726 2279 880 2346 Utramque
898 2281 992 2333 autem
1005 2281 1235 2334 consuetudinem
1249 2280 1393 2349 Gregorius
1408 2282 1468 2335 libi

226 2367 323 2420 ludiet.
345 2373 376 2420 12
400 2365 480 2435 epist.
500 2371 533 2419 30
557 2364 592 2418 ad
611 2363 821 2418 Constantinam
838 2366 994 2433 Augustam
1017 2365 1137 2434 explicat
1159 2365 1202 2419 his
1225 2365 1327 2420 verbis:
1352 2372 1469 2435 Cognoscat

226 2454 434 2521 humanissima
452 2457 564 2510 dentiae,
583 2457 642 2518 qnia
655 2454 773 2503 Gauranis
791 2456 944 2504 consrceuufo
963 2471 1012 2504 area
1024 2462 1075 2508 est.
1095 2457 1196 2520 quurrdo
1212 2464 1354 2507 sauctorum
1369 2459 1470 2522 reliquiar

226 2544 301 2599 clarit,
320 2548 346 2589 ut
364 2542 497 2605 quidquam
514 2545 678 2603 praestarent
697 2547 802 2603 irrupere
821 2541 852 2588 de
864 2556 990 2604 corpore.-
1006 2542 1054 2590 sed
1071 2543 1240 2592 aestumanda
1257 2543 1284 2591 ia
1299 2544 1392 2607 pyxide
1407 2542 1470 2590 trer-

225 2629 297 2676 dema
315 2628 432 2682 mittiue,
451 2632 527 2689 utque
545 2626 581 2674 ud
596 2625 771 2672 sacratissima
782 2639 894 2687 corpora
911 2627 1023 2688 petritar.
1054 2626 1126 2684 Qreod
1137 2628 1243 2676 leuatum
1255 2629 1280 2676 in
1292 2628 1404 2681 ecelesia,
1420 2642 1471 2692 qaae

225 2718 263 2760 esf
281 2712 439 2770 dedicanda,
459 2709 545 2758 ‹febitu
563 2726 616 2757 eura
634 2711 796 2759 reiteratione
814 2710 973 2767 reconditur,
997 2718 1022 2758 et
1040 2716 1127 2759 raritas
1148 2727 1198 2774 per
1219 2713 1266 2761 loc
1283 2713 1370 2762 ididem
1385 2714 1473 2761 virtuter

221 2799 296 2857 ficiat,
320 2811 351 2844 uc
373 2797 396 2844 si
417 2797 474 2844 illuc
492 2810 577 2843 eorum
595 2810 706 2857 corpore
729 2795 881 2856 deferuntur·
956 2794 987 2842 In
1006 2794 1125 2845 Rornaais
1143 2813 1248 2861 numque
1266 2800 1305 2846 vel
1327 2799 1398 2848 aaa
1416 2796 1472 2845 fleri-

224 2883 307 2931 dentfs
328 2879 444 2944 portibus
466 2882 563 2929 oaruiao
583 2878 742 2928 intolerabile
761 2885 798 2928 est
816 2887 893 2944 atque
915 2882 1076 2943 sacrilegum,
1100 2882 1124 2930 ri
1144 2888 1288 2932 structorum
1306 2898 1411 2945 corpora
1427 2888 1472 2930 run-

223 2981 284 3030 pere
302 2968 432 3031 quisquam
447 2965 561 3027 sortasse
579 2965 693 3013 voluerit.
718 2962 830 3023 Quodsi
846 2967 1060 3028 praesumpserit,
1080 2974 1174 3015 cerrum
1191 2974 1241 3024 est,
1261 2969 1320 3032 qaia
1337 2967 1396 3017 daec
1411 2973 1473 3015 true·

223 3053 289 3101 ritas
311 3052 432 3115 enpaaira
456 3052 522 3099 nudo
539 3052 611 3099 modo
634 3049 781 3098 remanebit.
822 3050 875 3100 Pro
894 3067 943 3116 que
962 3051 1040 3099 rede
1061 3051 1216 3100 Graecorum
1232 3054 1419 3109 consuetudine,
1438 3051 1475 3116 qui

224 3152 283 3185 ossa
302 3139 386 3185 levare
403 3142 546 3184 scincturam
563 3151 590 3183 se
609 3141 737 3193 asserunt,
756 3134 912 3184 aetenrenter
930 3137 1048 3184 miramur
1066 3143 1092 3184 et
1108 3136 1153 3184 uix
1170 3136 1304 3186 credimus.

291 3220 312 3281 ²)
331 3216 495 3270 Sanctuaria
513 3215 572 3280 illa,
591 3232 662 3283 quae
681 3220 795 3268 brandea
813 3215 874 3269 loco
892 3232 957 3269 mox
974 3215 1088 3269 laudato
1107 3219 1190 3270 vocat
1201 3216 1353 3286 Gregorius
1363 3218 1474 3285 Magnus,

223 3301 307 3371 panni
327 3302 420 3373 erant²
437 3302 468 3353 ut
485 3300 606 3369 explieat
623 3299 799 3353 Mabillonius
817 3299 915 3354 Annul.
934 3300 1036 3354 Bened.
1055 3300 1103 3354 lib.
1122 3300 1161 3354 IV
1178 3319 1205 3354 n.
1226 3308 1266 3365 18,
1285 3304 1409 3356 contactu
1425 3301 1474 3355 reli·

223 3385 351 3453 quiarum
380 3387 537 3439 sanctorum
565 3385 757 3454 apostolorum
784 3383 895 3439 sacrati.
941 3389 1094 3440 Cataractae
1120 3403 1186 3440 vero
1211 3385 1280 3440 nihil
1303 3387 1376 3441 aliud
1400 3387 1473 3447 erant,

223 3488 308 3537 quam
325 3471 462 3524 fenestrae
480 3469 593 3523 elatlrris
612 3486 659 3522 sen
679 3470 806 3524 cancellis
824 3469 919 3523 ferreis
937 3469 1072 3533 munitae,
1096 3488 1147 3540 per
1164 3489 1234 3541 quas
1252 3472 1337 3542 panni
1353 3472 1390 3526 illi
1406 3489 1475 3541 super

223 3556 382 3608 sanctornm
400 3553 531 3620 reliquias
549 3554 776 3608 demittebantur.
813 3555 848 3607 Et
866 3555 918 3608 hae
937 3553 1062 3624 duplices
1080 3556 1171 3610 erant:
1192 3555 1264 3610 aliae
1282 3556 1437 3621 exteriores,
1452 3554 1474 3607 in

223 3639 304 3692 altari
322 3640 365 3692 vel
384 3639 557 3709 pavimento,
576 3639 626 3692 sub
645 3657 699 3707 quo
718 3639 846 3693 conditae
865 3641 946 3694 erant
962 3658 1057 3695 sacrae
1074 3640 1222 3709 reliquiae,
1248 3641 1321 3695 aliae
1337 3641 1474 3697 interiores

222 3723 251 3776 in
268 3724 329 3793 ipsa
347 3741 431 3793 capsa
448 3741 496 3778 seu
515 3742 593 3789 area,
612 3741 667 3792 qua
685 3723 818 3790 reliquiae
837 3725 1045 3779 claudebantur.
1082 3726 1186 3779 Petunt
1204 3742 1272 3795 ergo
1290 3726 1386 3795 legati,
1403 3727 1431 3779 ut
1446 3724 1474 3777 ad

223 3809 372 3862 secundam
394 3810 544 3863 fenestram
566 3809 651 3878 panni
667 3810 893 3878 deponerentur,
917 3811 994 3864 velut
1016 3809 1052 3864 ad
1071 3810 1291 3866 contrahendam
1309 3828 1343 3865 ex
1364 3810 1474 3881 proximo

223 3896 352 3948 contactu
373 3894 509 3963 majorem
532 3894 670 3948 virtutem.
707 3893 859 3962 Gregorius
879 3895 1045 3949 Turonensis
1069 3895 1103 3949 de
1121 3895 1191 3965 glor.
1212 3898 1293 3950 mart.
1313 3896 1339 3961 l,
1361 3902 1391 3949 28
1407 3895 1475 3948 nnius

222 3981 335 4033 tantum
353 3979 513 4033 fenestellae
532 3979 664 4048 parvulae
682 3979 819 4045 meminit,
837 3996 997 4049 perquam,
1016 3980 1039 4033 si
1051 3979 1098 4049 qui
1110 3979 1225 4046 vellent,
1242 3979 1365 4034 immisso
1376 3978 1475 4050 palliolo

221 4082 270 4117 seu
287 4080 393 4132 panno,
410 4063 500 4130 jejuni
517 4064 545 4116 in
563 4062 691 4132 precibus
709 4063 817 4131 vigilias
835 4064 871 4118 ad
889 4065 1045 4133 sepulerum
1062 4065 1253 4134 apostolorum
1273 4065 1400 4134 agebant
1430 4063 1476 4116 Sed

222 4148 261 4201 ibi
279 4149 312 4202 de
331 4148 477 4202 fenestella
494 4150 616 4213 tantum,
635 4158 711 4216 quae
725 4148 807 4217 vulgo
825 4149 955 4218 patebat,
973 4168 1029 4204 non
1047 4150 1081 4204 de
1100 4165 1218 4219 eaquae
1231 4149 1365 4218 singulari
1377 4165 1475 4203 munere

222 4250 254 4285 ac
272 4232 405 4287 beneficio
424 4232 611 4301 aperiebatur,
629 4249 774 4287 sermonen
791 4233 885 4287 habet.
916 4233 1102 4300 Fenestellae,
1120 4251 1172 4304 per
1190 4251 1275 4302 quarn
1287 4234 1380 4289 oraria
1396 4234 1429 4287 ad
1444 4232 1477 4285 in·

221 4317 325 4371 teriora
343 4317 405 4372 loea
422 4317 600 4385 reliquiarum
618 4338 638 4371 s.
658 4317 790 4386 Stephani
809 4317 1004 4384 mittebantur,
1022 4318 1127 4374 mentio
1146 4320 1190 4374 est
1207 4319 1283 4389 apud
1299 4319 1477 4389 Augustinus

221 4402 340 4470 append.
360 4404 426 4455 tom.
447 4409 461 4455 7
484 4405 513 4455 in
530 4402 602 4456 libro
622 4403 717 4456 Evodii
736 4403 877 4457 Uzalensis
895 4404 929 4456 de
947 4403 1086 4458 miraculis
1104 4422 1124 4456 s.
1145 4403 1282 4474 Stephani
1299 4421 1323 4459 a.
1343 4411 1383 4460 12.
1415 4401 1477 4456 Vide

221 4488 249 4539 et
271 4487 510 4555 Gregor.Tu1·on.
533 4487 567 4539 de
590 4486 728 4542 miraculis
750 4487 903 4543 abdomini
925 4490 949 4554 Ι,
971 4496 1010 4543 ll.
1051 4487 1215 4544 Cataractae
1238 4490 1403 4545 vocabulum
1423 4504 1478 4542 mor

221 4571 347 4638 exposito
366 4571 510 4625 intellectu
528 4575 643 4641 usurpat
660 4575 689 4626 et
706 4573 824 4642 Vigiliue
842 4573 921 4643 epist.
943 4580 974 4628 15
992 4592 1018 4627 n.
1037 4581 1062 4628 ὁ.

288 4659 308 4720 ³)
327 4656 462 4725 Gregorio
480 4656 596 4726 Magno,
620 4656 661 4710 uti
678 4657 802 4712 videmus
824 4676 857 4712 ex
880 4658 1061 4728 epistolarum
1083 4660 1143 4728 ejus
1165 4657 1239 4712 libro
1258 4665 1272 4712 1
1291 4659 1372 4729 epist.
1390 4664 1429 4721 tt.
1444 4666 1479 4717 3),

220 4746 251 4792 31
266 4741 327 4802 cte,
344 4740 480 4794 familiare
498 4741 562 4807 suit,
582 4742 670 4796 claves
689 4742 789 4811 quibus
807 4744 939 4799 nonnulla
957 4746 1118 4799 catenarum
1135 4742 1213 4798 beati
1224 4743 1301 4799 Petri
1314 4740 1480 4815 portiuncula

220 4823 430 4889 infumlebatur,
449 4827 594 4893 effingere,
613 4831 641 4878 et
659 4827 695 4880 ad
713 4827 816 4882 amicos
838 4828 933 4896 magni
952 4828 1073 4882 muneris
1091 4828 1152 4882 loco
1170 4827 1293 4883 mittere.
1325 4832 1369 4884 An
1385 4827 1408 4883 is
1424 4842 1480 4881 urm

221 4908 256 4961 ab
275 4908 438 4963 llormisdae
458 4928 525 4964 ztevo
541 4910 601 4979 jum
620 4909 782 4966 obtinebat?
