3204 5506
260 320 323 387 008
709 335 736 382 s.
755 333 963 381 uonuisusu
985 332 1100 379 aaran

155 519 180 557 a.
188 508 245 558 519.
260 496 458 574 ordinatum,
483 511 543 554 nec
564 489 691 552 litteras
713 489 854 568 nostrae,
879 509 958 571 quas
980 509 1038 571 per
1060 509 1114 551 eos
1137 486 1286 551 misimus
1296 486 1338 573 ⁵),
1367 487 1456 552 fuisse
1474 511 1511 554 su·

261 601 399 681 saeptas,
444 592 493 656 De
520 589 633 675 quibus
660 588 807 653 omnibus
835 589 882 653 ita
908 611 963 653 vos
992 611 1088 674 agere
1115 589 1339 654 desideramus
1365 590 1512 673 instanter,

261 703 297 763 ut
319 698 359 762 ad
380 716 440 760 nos
463 694 580 758 caritas
603 695 708 756 vestra
732 692 770 755 de
786 691 900 755 effectu
921 691 1016 775 hujus
1039 713 1156 756 causae
1171 691 1283 756 valeat
1299 691 1358 756 sub
1374 692 1514 758 celeritate

262 797 445 864 rescribere.
490 794 575 858 Data
597 815 658 879 quo
681 815 777 878 supra
801 792 939 858 consule.

757 980 938 1084 Epistola
964 982 1043 1065 107.

121 1112 250 1248 iffi}
327 1135 539 1204 Hormisdae
561 1150 671 1218 papae
694 1133 736 1199 ud
759 1134 930 1200 Thomam
952 1136 990 1201 ot
1012 1134 1258 1201 Nicostratum
1281 1136 1468 1220 episcopos.

325 1279 364 1327 lle
383 1293 467 1327 corium
485 1291 562 1326 curua
579 1291 607 1325 se
624 1290 725 1339 semper
741 1277 873 1324 sollicitum
889 1276 970 1337 fuisse
988 1277 1095 1341 ejusque
1112 1291 1200 1325 mnam
1218 1291 1305 1341 nuper
1320 1277 1432 1327 Journal
1446 1285 1469 1327 et

736 1361 861 1411 Dioscoro
881 1361 1057 1411 demandasse.

413 1493 620 1557 Hormisda
642 1492 810 1557 Thomas
833 1498 872 1557 et
893 1493 1126 1558 Nicostrato
1148 1494 1365 1579 episcopia.

348 1613 502 1677 Animum
514 1615 659 1676 nostrum
670 1634 728 1696 pro
740 1613 871 1697 negotio
882 1616 987 1676 vestro
998 1613 1134 1676 otiosum
1146 1616 1204 1677 aut
1214 1613 1361 1677 desidem
1371 1635 1433 1678 non
1444 1617 1519 1698 pute

262 1717 319 1800 tis,
343 1738 419 1779 nam
440 1736 506 1778 non
530 1713 623 1777 aliter
645 1714 683 1779 de
699 1719 805 1778 vestra
820 1715 1013 1800 fatigatione
1028 1715 1179 1799 quamde
1197 1716 1332 1800 propria
1348 1717 1518 1801 cogitamus.

262 1819 358 1882 Mena
371 1817 527 1902 siquidem
541 1816 692 1880 ecclesiae
704 1819 834 1880 nostrae
848 1817 974 1881 notario
987 1817 1183 1900 insinuante,
1198 1818 1409 1902 cognovimus
1422 1822 1520 1883 carim·

238 1975 245 1989 .
260 1925 326 1984 tem
339 1923 479 1984 vestram
491 1919 594 1982 adhuc
608 1918 866 1983 observationum
877 1919 1038 1983 molestias
1050 1919 1217 1983 sustinere.
1242 1918 1288 1984 Et
1300 1919 1373 1984 ideo
1383 1923 1419 1984 ut
1429 1921 1450 2006 ¹)
1461 1920 1519 1984 istis

261 2022 504 2087 adversitatibus
520 2020 606 2084 Deus
629 2021 831 2105 omnipotens
854 2022 1005 2106 dignetur
1019 2024 1182 2104 praestare
1201 2021 1389 2105 remedium,
1412 2026 1475 2086 tam
1487 2022 1519 2086 ad

136 2125 444 2203 ep.1oo.Johannem
466 2122 599 2186 fratrem
621 2125 653 2185 et
676 2123 897 2207 coepiscopum
919 2126 1065 2187 nostrum
1087 2122 1209 2207 scripta
1229 2123 1416 2207 direximus,
1439 2147 1519 2209 quam

135 2242 246 2305 ep.105.
261 2227 327 2291 filio
355 2229 464 2291 nostro
492 2224 645 2288 Dioscoro
672 2223 807 2288 diacono
839 2246 896 2308 per
926 2225 1052 2289 litteras
1084 2227 1212 2289 nostras
1245 2224 1460 2309 injunximus,
1491 2231 1519 2291 ut

260 2328 389 2393 domino
412 2331 445 2391 et
465 2327 532 2391 filio
553 2328 663 2390 nostro
685 2327 815 2391 Justino
842 2327 981 2411 principi
1008 2327 1236 2391 necessitatem
1263 2330 1298 2392 et
1327 2349 1454 2392 causam
1479 2351 1518 2392 ve

260 2435 346 2495 strae
362 2429 542 2494 dilectionis
557 2428 708 2510 insinuet,
733 2433 765 2493 et
779 2430 940 2493 instanter
955 2434 1042 2514 agat,
1063 2432 1222 2513 quatenus
1238 2429 1405 2494 desideriis
1421 2431 1517 2495 restris

260 2533 406 2595 dominus
434 2533 544 2594 noster
571 2552 747 2615 congruum
781 2531 933 2616 dignetur
959 2534 1123 2615 praestare
1155 2531 1316 2596 effectum.
1364 2531 1517 2617 Cumque

260 2633 412 2697 Dioscoro
435 2632 569 2696 diacono
591 2632 686 2696 debet
706 2632 792 2717 loqui
815 2636 921 2696 vestra
942 2633 1139 2715 fraternitas,
1163 2633 1239 2717 quia
1260 2655 1393 2699 necesso
1415 2639 1469 2716 est,
1489 2638 1517 2697 ut

259 2734 433 2798 intentioni
456 2737 579 2797 vestrae
601 2734 651 2797 vel
674 2734 792 2798 intuitu
816 2733 992 2799 catholicae
1015 2735 1248 2800 communionis
1273 2736 1326 2800 vel
1353 2738 1515 2801 considera·

259 2837 346 2900 tione
369 2837 498 2900 nostrae
521 2836 753 2900 adhortationis
776 2837 912 2901 studeat.
957 2834 1043 2900 Data
1065 2858 1127 2921 quo
1149 2859 1247 2922 supra
1269 2838 1410 2904 conside.

746 3040 1036 3143 Epistola'108.
1135 3087 1138 3094 -

124 3173 245 3298 {J‘ffi
497 3192 637 3259 Justini
659 3191 815 3276 Augusti
838 3193 882 3258 ad
904 3193 1131 3261 Hormisdam
1153 3211 1294 3278 papam.

291 3335 387 3384 Preces
404 3333 453 3383 sibi
469 3333 502 3383 ut
522 3332 691 3384 Ονίεηιαῖὶὁιιε
707 3341 844 3398 porrectas
860 3335 998 3399 significat,
1022 3310 1049 3385 r'n
1071 3335 1159 3400 quitus
1181 3337 1221 3385 fur
1240 3338 1366 3402 quaedam
1390 3338 1422 3387 de
1439 3339 1485 3399 fide
1517 3329 1560 3395 p-ll

292 3421 432 3477 disserunt,
457 3434 520 3484 quac
539 3419 664 3469 Dioscoro
684 3435 734 3469 uon
751 3421 815 3469 sutis
830 3419 982 3483 probantur.
1018 3419 1156 3470 Missurum
1173 3436 1213 3479 se,
1239 3424 1284 3487 qur¹
1305 3438 1350 3472 eus
1372 3423 1408 3473 ud
1423 3423 1485 3472 Hor

578 3506 681 3554 mudum
696 3505 770 3567 serat
786 3512 812 3554 e!
829 3521 977 3569 responsum
995 3507 1075 3570 ipatus
1092 3506 1203 3566 reserat.

409 3636 594 3701 Justinus
617 3639 824 3722 Augustus
847 3637 1080 3702 Hormisdae
1103 3659 1240 3722 papae.

341 3757 468 3831 Quanto
490 3756 663 3840 flagramus
685 3756 790 3820 studio
811 3779 870 3840 pro
893 3757 1080 3841 colligendis
1104 3756 1275 3822 concordia
1304 3757 1510 3824 sacratissimis

258 3858 415 3940 ecclesiis,
441 3858 629 3941 jamdudum
651 3881 709 3922 nos
731 3857 839 3943 palam
860 3858 974 3922 fecisse
999 3858 1214 3944 dignoscitur:
1243 3860 1298 3943 qui
1327 3862 1369 3925 ab
1396 3862 1509 3925 ineunte

104 4005 105 4008 =
148 3979 242 4043 epra.
257 3965 368 4025 nostro
396 3960 530 4044 imperio
558 3959 807 4024 sanctitudinem
839 3964 976 4023 vestram
1005 3960 1238 4025 admonendam
1268 3962 1427 4046 duximus,
1459 3981 1509 4046 quo

258 4067 359 4127 certos
387 4062 555 4146 dirigeret,
590 4065 626 4126 ut
652 4062 836 4126 interventu
864 4085 971 4127 corum
999 4062 1173 4127 remedium
1201 4062 1330 4149 aliquod
1357 4063 1407 4129 his
1430 4063 1509 4128 rebus

257 4299 422 4354 alterutrum
435 4316 468 4354 ex
480 4299 534 4353 illis
547 4300 655 4354 duobus
669 4299 805 4369 episcopis
817 4299 862 4353 hic
873 4299 972 4353 notari.
1004 4298 1059 4354 Sed
1070 4315 1160 4368 neque
1172 4301 1352 4370 perspicuum
1363 4302 1415 4368 est,
1432 4303 1509 4354 unum

256 4383 325 4438 illud
336 4407 353 4439 a
363 4391 449 4453 fratrc
462 4397 487 4439 ct
500 4392 651 4453 coepiscopo
664 4396 752 4439 nostro
763 4389 878 4439 Jolluane
891 4385 1055 4439 adverbum
1073 4391 1188 4447 invasae.
1206 4402 1242 4440 an
1255 4385 1443 4442 adordiantur:
1452 4384 1509 4440 rele

256 4470 373 4523 rendum
385 4471 429 4533 sit,
448 4471 513 4524 licet
526 4469 573 4537 qui
584 4488 634 4524 nos
647 4471 858 4539 praecesserunt
869 4469 989 4524 editores
1007 4470 1043 4524 ad
1061 4478 1164 4525 tuumne
1176 4471 1282 4526 referre
1293 4487 1352 4527 non
1363 4468 1506 4526 dubitarint

322 4558 343 4622 5)
361 4555 498 4610 Videlicet
514 4556 543 4608 in
562 4555 679 4624 epistola
696 4561 729 4610 92
748 4555 784 4610 ad
801 4554 904 4619 Elium,
922 4555 1060 4609 Thomam
1072 4557 1101 4609 et
1112 4555 1303 4610 Nicostratum
1315 4556 1419 4627 scripta
1429 4569 1507 4608 recea-

256 4639 334 4693 sitas:
359 4657 427 4708 quas
444 4640 507 4694 idco
526 4639 594 4694 dicit
614 4645 840 4709 percontaturus,
866 4640 932 4707 quia
953 4639 993 4695 ibi
1011 4655 1107 4693 eorum
1129 4640 1270 4710 permittit
1292 4641 1421 4705 arbitrio,
1440 4648 1508 4693 alm

255 4744 304 4790 per
320 4745 375 4785 uos,
399 4725 500 4793 inquit,
523 4745 568 4778 eas
587 4731 685 4793 eligatis
703 4731 811 4794 offerre,
836 4742 871 4779 an
887 4746 937 4794 per
953 4732 1034 4793 ipsum
1049 4732 1137 4794 potius
1155 4731 1323 4793 perlatorem.
1359 4724 1413 4781 Sed
1429 4727 1455 4778 et
1469 4736 1507 4776 eea

257 4809 385 4878 elegisse,
403 4811 435 4862 ut
451 4828 502 4879 por
520 4827 548 4862 se
567 4809 627 4863 illas
646 4811 789 4875 offerrent,
807 4809 871 4863 hinc
890 4809 1037 4879 colligitur.

258 4898 304 4946 107
343 4894 360 4957 1)
379 4892 428 4944 Ed.
449 4899 486 4954 in,
506 4908 624 4961 nroxquc
643 4916 715 4963 qutun
734 4900 895 4950 dilectissimo
910 4901 963 4962 filio
1034 4905 1136 4960 nostrae
1155 4899 1308 4949 uuecuonu.
