3204 5506
185 355 248 418 710
638 368 666 415 s.
683 365 865 415 svuuncur
887 366 1001 413 innan

78 523 278 588 colunchis
300 521 419 603 salute,
449 542 514 585 non
537 520 752 585 Orientalium
780 519 921 604 partium
948 523 1095 604 tantum,
1126 519 1181 584 sed
1202 520 1321 606 trium)
1336 540 1402 605 prope

185 626 355 709 plagamm
377 622 563 687 habitabilis
585 622 706 705 mundi,
730 643 789 686 aon
811 629 1006 702 corruptibili
1027 634 1156 702 arpemo
1176 634 1230 688 out
1248 629 1409 689 omonim-

180 739 307 808 ptorum
322 733 361 790 dc
375 746 455 789 oona
469 733 698 791 conversatione
712 746 732 788 o
745 731 922 805 pareatibus
942 731 1073 805 tradito,
1095 730 1152 790 scd
1162 733 1290 805 pretioso
1301 731 1417 806 scapum

74 824 170 945 lieth
186 834 267 907 Aoni
292 834 364 906 Boi,
402 830 487 892 sicut
519 826 627 892 docuit
659 828 771 892 beatus
802 827 1012 912 gloriosorum
1045 828 1261 912 apostolorum
1290 830 1425 914 princeps,

72 933 172 1063 Mtzffll'·
186 933 276 1015 eujus
306 930 491 995 cathedram
519 930 710 993 beatitudini
737 933 812 993 tuae
840 930 975 994 credidit
998 929 1146 995 Christus
1172 932 1308 1016 optimus
1327 934 1432 1015 pastor,

87 1083 118 1131 ,3
133 1084 172 1130 11.
186 1034 241 1118 qui
268 1032 358 1097 venit
386 1053 543 1115 quaerens
571 1034 604 1094 et
631 1031 772 1095 liberans
801 1030 883 1116 quod
906 1032 1063 1116 perierat,
1102 1035 1136 1096 et
1161 1054 1285 1118 ponens
1311 1033 1442 1099 emmam

85 1119 172 1211 20:28.
186 1157 277 1199 suam
299 1135 334 1199 in
357 1133 608 1217 redemptionem
630 1155 688 1217 pro
710 1133 830 1198 multis.

271 1236 301 1300 2.
340 1235 441 1311 Quem
468 1235 683 1320 imitantes³),
719 1235 914 1299 sanctissimi
940 1235 1200 1321 beatissimique,
1237 1237 1376 1303 festinate
1400 1235 1452 1300 ad

186 1339 403 1421 adjuvandum
425 1359 494 1420 nos,
518 1338 601 1402 sicut
622 1338 735 1402 heatus
751 1337 869 1425 Paulus
884 1337 995 1402 doctor
1010 1341 1116 1403 vester
1131 1338 1172 1403 ad
1188 1340 1335 1405 auxilinm
1351 1362 1454 1425 quan-

187 1442 288 1526 doque
310 1439 521 1504 Macedonum
543 1440 720 1539 festinavit.
762 1439 808 1504 nt
829 1439 957 1523 quidem
981 1440 1036 1504 illc
1059 1441 1093 1504 in
1115 1441 1239 1507 visione
1262 1465 1456 1528 cognoscens

186 1542 363 1627 periclitari
394 1541 602 1625 Macedones,
642 1543 677 1605 in
711 1542 846 1606 veritate
877 1542 1028 1626 adjuvare
1061 1564 1115 1607 eos
1147 1546 1372 1632 properavit⁴)3
1416 1550 1454 1615 tn

189 1648 296 1709 autem
324 1645 515 1708 affectuosus
542 1643 578 1707 in
605 1644 687 1708 filios
715 1646 823 1728 pater,
862 1666 929 1709 non
956 1645 991 1709 in
1019 1645 1142 1711 visione
1176 1647 1231 1711 sed
1261 1647 1452 1717 inveritate

188 1746 407 1831 spiritualibus
430 1767 564 1810 cernens
586 1746 685 1810 oculis
707 1749 877 1831 pereuntes
898 1747 932 1810 in
947 1747 1224 1830 praevaricatione
1239 1750 1338 1834 patris
1350 1755 1447 1820 nostri

188 1849 317 1932 Aeacii,
345 1848 410 1912 noli
435 1848 602 1931 remorari,
631 1848 736 1932 magis
759 1851 865 1912 autem
872 1899 881 1931 ,
911 1849 1016 1913 atita
1037 1849 1144 1915 dicam
1172 1851 1266 1916 sicuti
1289 1851 1441 1938 propheta,

72 1945 172 1998 Psalm.
186 1973 248 2017 aon
270 1957 428 2028 dormires,
457 1956 511 2014 scd
535 1954 651 2028 festino
681 1956 723 2013 od
749 1956 942 2015 liberandum
964 1972 1035 2016 nos:
1066 1951 1142 2036 quia
1169 1975 1236 2017 non
1265 1955 1299 2019 in
1324 1954 1438 2040 ligando

80 2019 166 2079 ηομ·
185 2057 314 2118 tantum
335 2055 477 2137 potestas
500 2056 550 2116 est
570 2053 631 2116 tibi
655 2053 741 2135 data,
765 2052 870 2117 sedin
886 2052 1035 2117 solvendo
1051 2055 1247 2139 quoquediu
1269 2056 1383 2121 vinctos
1399 2059 1435 2121 ed

187 2156 401 2219 imitationem
422 2155 586 2240 magistri,
608 2177 711 2239 nequo
733 2155 768 2217 in
784 2154 975 2218 eradicando
990 2153 1040 2218 vel
1056 2155 1224 2240 diruendo,
1247 2158 1303 2222 sed
1315 2158 1347 2222 in
1359 2158 1434 2242 plan-

34 2269 171 2335 Jer.1,1o.
186 2257 285 2322 tando
308 2261 341 2321 et
363 2257 570 2340 aedificando,
595 2256 770 2320 secundum
792 2256 923 2320 beatum
943 2255 1129 2342 Jercmiam,
1156 2259 1262 2345 magis
1284 2260 1434 2325 secundum

187 2360 378 2425 salvatorem
400 2359 511 2424 mundi
534 2358 712 2442 Christum,
743 2358 778 2423 in
809 2358 899 2442 cujus
927 2358 981 2422 ille
1010 2360 1135 2425 exstitit
1162 2365 1257 2446 typo3
1292 2383 1379 2447 neque
1396 2362 1436 2424 in

38 2473 120 2529 icor.
129 2479 182 2541 5,o.
190 2461 345 2527 tradendo
367 2465 496 2527 tantum
518 2461 658 2526 Satanae
680 2462 715 2525 in
738 2460 904 2525 interitum
927 2460 1043 2544 carnis,
1067 2461 1122 2526 sed
1138 2466 1172 2527 et
1187 2463 1221 2527 in
1238 2463 1362 2529 caritate
1377 2462 1440 2526 for·

187 2565 304 2628 mando
327 2564 425 2649 longa
447 2563 633 2628 adversione
642 2564 667 2646 δ)
690 2563 846 2647 dejectos:
869 2573 931 2646 ine,
955 2563 1038 2648 quod
1061 2563 1161 2647 absit,
1186 2565 1300 2649 majori
1319 2563 1447 2630 tristitia

35 2696 175 2761 aconas.
188 2666 347 2751 absorptis
369 2667 461 2730 nobis
485 2689 503 2730 a
519 2665 640 2731 Seiana
662 2666 835 2730 videamini
849 2665 1018 2750 pertulisse
1034 2665 1248 2748 dispendium.
1280 2667 1349 2732 Nou
1360 2667 1454 2731 enim

187 2770 317 2854 ignoras
341 2768 409 2852 ejus
431 2769 615 2853 ingenium,
645 2769 699 2853 qui
727 2767 868 2852 quotidie
896 2789 915 2830 a
937 2789 1028 2831 sacro
1050 2767 1181 2833 doctore
1208 2773 1265 2834 tuo
1286 2768 1369 2834 Petro
1383 2767 1458 2831 do

188 2873 269 2936 ceris
291 2891 365 2935 oves
388 2870 508 2936 Christi
530 2893 587 2956 per
609 2873 713 2933 totvun
734 2868 943 2933 habitabilem
970 2870 1125 2934 mundum
1154 2871 1291 2936 creditas
1315 2871 1366 2937 tibi
1382 2884 1465 2954 pa·

188 2995 287 3058 scere,
311 2996 377 3037 non
399 2973 431 3037 vi
454 2973 508 3036 sed
531 2975 646 3056 sponte
669 2973 813 3056 coactas,
837 2971 891 3056 <lui
915 2993 986 3036 eum
1009 2970 1193 3037 doctissimo
1216 2972 1313 3038 Paulo
1334 2962 1474 3038 clanzfl

90 3053 174 3108 ‘²⁰⁰¹‘
188 3076 280 3140 nobis
307 3074 459 3159 subjectis
488 3077 521 3138 et
547 3073 643 3138 dieis:
681 3078 749 3138 Nou
782 3081 861 3138 enim
889 3080 1081 3139 dominamur
1112 3081 1195 3140 vobis
1226 3083 1259 3141 ia
1288 3082 1357 3154 fide,
1384 3056 1480 3137 55⁶

99 3129 169 3188 aas.

254 3314 275 3380 ²)
293 3311 424 3365 Alluderc
441 3311 551 3365 videtur
573 3311 610 3365 ad
631 3311 689 3366 tres
707 3310 828 3365 Orientis
844 3309 1036 3379 patriarchas,
1058 3327 1128 3380 quos
1152 3312 1275 3382 Xenqias
1294 3313 1321 3367 in
1340 3311 1401 3367 sedit
1433 3302 1496 3381 ‘¹¹¹⁵

187 3396 242 3451 suis
260 3396 369 3467 quietos
386 3412 442 3450 non
460 3397 583 3463 sinebat,
606 3395 800 3450 Macedonium
819 3395 1171 3466 Constantinopolitanum,
1193 3398 1350 3454 Flavianum
1367 3374 1496 3451 inl*

188 3482 324 3536 ochenum
342 3484 371 3535 et
387 3481 478 3535 Elium
495 3480 765 3550 ierosolymitanum.

256 3571 276 3634 ³)
294 3567 312 3619 b
327 3569 353 3620 c*
370 3583 426 3634 seq.
447 3573 557 3620 imitatos
573 3572 729 3620 sanctissime
748 3570 951 3636 centuriaeque,
969 3566 1080 3621 mutata
1096 3566 1244 3637 primaeva
1259 3568 1375 3624 lectione
1478 3540 1496 3598 il

87 3668 90 3675 ’
187 3653 243 3707 ista
260 3650 373 3720 quidem
394 3651 534 3706 locutione
558 3651 671 3720 majoris
694 3651 865 3705 reverentiae
884 3649 1116 3722 significationem
1134 3652 1261 3708 affectari
1279 3645 1496 3709 erman&

187 3738 285 3804 Neque
303 3736 377 3790 onim
394 3735 440 3801 iis,
463 3736 511 3804 qui
533 3736 605 3790 hanc
627 3735 775 3806 epistolam
797 3751 852 3789 non
873 3736 910 3791 ad
932 3755 1017 3791 unum
1035 3737 1248 3807 Symmachum,
1269 3739 1318 3794 sed
1337 3737 1363 3793 et
1375 3720 1495 3789 ⁸15²oe

189 3821 346 3877 Occidentis
368 3821 514 3891 episcopos
536 3820 649 3875 missam
671 3838 731 3876 esse
753 3820 818 3875 binc
840 3822 1012 3891 conjectant,
1038 3821 1167 3878 assentiri
1187 3840 1240 3879 nos
1261 3823 1375 3879 subnexa
1391 3817 1488 3890 ι’*

188 3908 303 3961 tiuutur.

255 3995 276 4061 ⁴)
295 3998 383 4054 llaec,
406 3990 497 4060 inquit
513 3990 663 4058 Batonius,
686 4014 758 4062 qrrum
776 3998 872 4056 dicioni,
897 3999 1028 4062 clepoaler
1045 3999 1164 4048 uiderim
1179 4000 1296 4050 alludere
1311 3999 1346 4050 ad
1359 3993 1471 4046 Mer*

188 4075 287 4133 doniam
299 4082 357 4144 jara
376 4083 508 4144 expulsum
526 4079 557 4130 ab
576 4083 744 4145 imperatore,
764 4082 914 4145 indicentem
932 4084 1030 4133 mixtio
1049 4083 1156 4134 Romani
1170 4085 1308 4148 pontilicis.
1335 4077 1461 4133 athnoe

187 4162 382 4233 interpretatio
400 4161 541 4216 subtiliter
559 4161 668 4216 videtur
687 4180 770 4229 quam
789 4162 888 4216 verior.
920 4163 979 4216 Hoc
997 4163 1101 4233 quippe
1118 4163 1200 4219 Pauli
1217 4165 1341 4237 exemplo
1356 4161 1449 4218 orien-

188 4251 259 4303 tales
281 4248 447 4317 Symmacho
469 4248 637 4317 persuadere
659 4247 796 4313 nituntur,
819 4250 850 4301 ut
872 4247 895 4300 si
918 4249 1076 4317 apostolum
1097 4247 1176 4302 illum
1199 4248 1347 4319 aliquando
1360 4247 1439 4303 Μ

189 4334 272 4387 donia
289 4334 349 4387 sola
367 4333 403 4387 ad
416 4350 445 4386 se
457 4333 621 4401 pertrahere
633 4332 759 4400 valuerit,
778 4335 883 4402 quanto
895 4333 985 4402 magis
998 4336 1027 4388 et
1037 4333 1204 4389 Macedonia
1215 4333 1292 4406 ipsa,
1307 4352 1373 4406 qnae
1381 4347 1430 4404 μυ

189 4424 231 4473 est
254 4418 368 4486 lllyrici,
391 4419 420 4471 ct
441 4420 531 4473 totum
552 4417 693 4487 illyricum
715 4418 841 4486 aliaeque
865 4418 985 4472 Orientis
1010 4417 1170 4488 provinciae
1197 4423 1344 4490 paternam
1365 4417 1429 4490 ipsias

190 4503 458 4558 commiserationem
480 4519 655 4559 commovere
677 4504 811 4570 debcant,
834 4520 885 4558 nec
908 4510 1038 4574 apparet,
1068 4504 1145 4574 apud
1161 4522 1247 4575 quem
1269 4505 1431 4576 symmetra

190 4589 233 4642 cui
249 4589 403 4657 imperator
420 4587 532 4657 quidem
550 4588 749 4643 infensissimus
767 4593 839 4656 crat,
854 4589 953 4657 juvare
970 4588 1165 4644 Macedonium
1183 4591 1329 4661 potuisset
1387 4617 1394 4632 ·

256 4676 277 4740 ⁵)
295 4674 355 4726 Hoc
373 4675 427 4726 estz
448 4673 698 4741 anirriadversionc,
717 4692 772 4742 qna
786 4675 846 4743 jam
864 4673 968 4728 ‹ludimi
986 4692 1003 4729 a
1020 4676 1114 4730 vestra
1130 4676 1325 4734 communione
1341 4680 1438 4751 propter

190 4757 320 4812 Acacium
338 4757 440 4826 dejecti
456 4777 556 4812 sumus.
589 4759 719 4823 Quamvis
731 4765 915 4813 cairrrodoersic
932 4759 1021 4813 minus
1038 4759 1155 4815 launum
1166 4761 1216 4830 sit,
1235 4763 1351 4834 elegum
1361 4767 1443 4821 tam

190 4844 232 4896 est
248 4848 383 4897 advertere
400 4850 426 4897 iri
443 4850 549 4914 aliquem
567 4862 618 4913 pro
635 4853 735 4912 pirairc.
772 4844 862 4909 Quare
880 4844 992 4898 naiuinre
1011 4861 1073 4899 eum
1090 4846 1148 4900 bo²
1164 4862 1224 4917 sitq.
1242 4850 1448 4919 pnefeoendtm

190 4929 232 4980 est
249 4934 389 4985 aversione.
