3224 5506
587 383 778 433 1111110111
801 375 885 432 16-
899 376 946 434 18.
1362 376 1402 439 19

141 545 193 600 dem
207 543 437 606 archimandritas,
454 560 533 618 quam
548 543 628 600 iidem
644 545 767 601 monachi
781 545 861 602 simul
876 544 1054 620 pertulerant,
1070 547 1118 604 sed
1135 565 1204 622 quae
1219 549 1399 616 desideratur,

142 629 215 686 veluti
230 629 366 705 appendix
381 636 422 685 est
438 637 467 684 et
481 628 710 703 supplementum.

397 763 435 823 In
456 762 570 823 Felicis
593 762 754 839 epistolem
775 763 809 824 17
829 758 950 845 (‚,Quod
969 762 1132 847 unitatis“).

216 885 290 942 lianc
310 901 421 960 quoque
442 884 584 958 epistolam
604 884 720 941 lacobus
736 885 896 942 Sirmoudus
917 889 945 942 in
967 887 1127 943 Virduueusi
1147 888 1239 945 codice
1263 899 1357 946 nactus
1373 893 1401 947 in
1414 895 1466 962 [o³]

140 971 279 1045 appendice
299 971 360 1026 cod.
378 969 481 1026 Theod.
503 969 603 1044 publici
620 969 690 1041 juris
713 970 786 1027 lecit.
824 970 987 1027 Clericcrum
1004 989 1019 1026 a
1034 971 1134 1028 Flavita
1148 972 1180 1028 ad
1197 973 1311 1030 Felicem
1328 975 1400 1032 dele-

140 1066 255 1129 gatorum
276 1057 379 1112 mentio
402 1063 563 1131 argumento
585 1063 636 1117 est,
670 1073 727 1112 eam
748 1072 803 1112 non
825 1072 885 1112 csse
908 1055 992 1112 tribus
1014 1056 1200 1131 superioribus
1222 1062 1399 1123 anteriorem

139 1143 213 1197 immo
227 1150 254 1196 et
269 1141 350 1197 simul
367 1158 427 1198 cum
443 1140 496 1197 illis
512 1142 582 1197 mitti
597 1142 698 1215 potuit.

417 1275 456 1336 In
476 1274 590 1335 Felicis
612 1275 775 1352 epistolam
798 1274 834 1334 18
857 1269 977 1353 („Quod
987 1271 1120 1356 plene“).

217 1396 401 1452 hSirmondo
423 1413 482 1453 cum
504 1396 562 1452 aliis
584 1414 598 1452 e
619 1396 712 1452 codice
728 1395 890 1451 virdunensi
911 1404 988 1451 eruta
1008 1404 1036 1451 et
1057 1396 1165 1470 vulgata
1188 1384 1248 1453 tutt'.
1276 1399 1399 1455 Andreae
1412 1401 1464 1469 [nil

141 1483 251 1555 episcopi
267 1481 513 1538 Thessalonicensis
529 1489 600 1537 artes
617 1490 644 1539 et
659 1481 738 1537 dolos
753 1497 804 1538 nec
819 1497 875 1536 non
891 1482 918 1536 in
934 1481 1078 1536 schismate
1093 1482 1266 1554 pertinaciam
1277 1481 1398 1539 Gelasius

140 1574 210 1622 notat
226 1568 305 1640 epist.
325 1567 362 1625 18
379 1585 405 1623 u.
421 1566 450 1622 4.

229 1752 267 1812 In
287 1750 401 1814 Felicis
423 1751 455 1813 11
477 1751 625 1829 epistolas
646 1755 711 1812 tros
732 1749 944 1829 supposititios
966 1749 1136 1811 Constantii
1159 1767 1297 1812 cemma.

218 1874 245 1928 1.
275 1874 342 1929 'lrcs
357 1872 418 1928 illae
433 1874 571 1947 epistolae,
588 1872 691 1928 scilicet
703 1871 735 1927 ad
747 1871 855 1927 Petrum
870 1870 1012 1927 Fullouem
1028 1870 1057 1944 („
1069 1868 1131 1940 Τίς
1143 1860 1291 1936 dnr‘oet“,
1305 1873 1398 1943 „Quis

136 1957 249 2029 dobit“l,
271 1958 303 2013 ad
319 1958 430 2014 Petrum
445 1959 643 2014 Antiocheuum
663 1944 846 2029 („’Erretdr}
870 1952 1095 2030 duocvpoie‘t
1117 1958 1279 2028 „Quoniam
1293 1962 1398 2031 impor-

137 2041 299 2115 tabilibus“)
315 2042 389 2098 etad
404 2042 538 2099 Zenonem
559 2045 749 2116 imperatorem
769 2042 798 2116 („
809 2037 951 2118 Πρέπει
962 2043 988 2112 “,
1013 2042 1171 2112 „Consecuti
1187 2043 1396 2115 clementioe“),

135 2130 203 2185 iuter
224 2128 353 2202 epistolas
374 2126 553 2184 Romanorum
574 2126 732 2201 pontificum
753 2144 813 2183 cum
834 2129 932 2184 ceteris
954 2126 1048 2182 Felicis
1063 2125 1086 2181 ll
1108 2127 1196 2184 editae
1211 2136 1289 2192 sunt,
1312 2130 1398 2202 prima

133 2213 240 2287 quidem
256 2222 283 2269 et
298 2221 435 2287 postrema
455 2229 487 2268 er
508 2212 614 2286 synodo
631 2210 937 2287 Constantinopolitana,
961 2211 1077 2268 secunda
1098 2230 1131 2268 11
1152 2213 1244 2269 codice
1259 2213 1396 2269 Vaticano.

131 2298 231 2354 lieinde
245 2315 317 2354 anun
333 2297 413 2354 1618
434 2297 467 2353 ad
482 2297 581 2352 calcem
597 2296 702 2353 concilii
718 2297 1010 2372 Constantinopolitani
1026 2295 1077 2352 sub
1095 2296 1170 2354 lleua
1185 2298 1276 2354 Biuius
1292 2314 1398 2372 graece.

130 2382 233 2439 Fronto
249 2383 369 2439 busaeus
384 2384 412 2438 in
425 2382 572 2456 appendice
586 2381 705 2437 Zonarae
721 2399 818 2457 graece
839 2391 866 2438 et
881 2383 964 2439 latine
986 2382 1093 2438 casdem
1118 2399 1177 2438 cum
1199 2383 1324 2458 pluribus
1340 2383 1399 2439 aliis

129 2469 245 2524 aliorum
260 2469 451 2542 episcoporum
466 2467 498 2522 ad
514 2466 638 2523 eumdem
653 2466 762 2523 Petrum
777 2469 884 2541 scriptis
895 2468 997 2523 litteris
1014 2465 1203 2543 vulgaverunt.
1236 2468 1288 2523 llas
1304 2485 1398 2524 omnes

130 2551 422 2609 1111011011110483
438 2561 485 2607 aut
499 2552 584 2608 refert
599 2561 645 2607 aut
660 2560 745 2614 notat,
767 2569 867 2626 easque
888 2555 915 2608 iu
938 2569 993 2608 uno
1014 2551 1166 2627 eodemque
1188 2545 1312 2626 codice¹)
1328 2554 1399 2609 Vati·

130 2656 197 2695 cauo
215 2637 306 2694 baberi
321 2645 422 2693 mouet.
454 2637 582 2693 Nimirum
604 2636 675 2692 Petri
691 2635 811 2692 Fullonis
832 2653 939 2692 causam
961 2637 1012 2692 hoc
1033 2654 1104 2693 anno
1126 2646 1154 2693 et
1169 2637 1201 2694 ab
1218 2640 1313 2694 beneio
1329 2637 1399 2693 Con·

128 2722 374 2797 stantinopolitauo
395 2730 422 2777 et
449 2738 463 2776 1
483 2721 573 2779 Felice
593 2720 692 2778 llomae
713 2721 816 2777 tluabus
838 2722 949 2795 synodis
973 2721 1143 2792 dijudicatam
1165 2741 1224 2780 esse
1245 2722 1398 2786 arbitratur,

128 2811 209 2882 eique
225 2810 376 2864 sententiae
392 2806 569 2874 subscribunt
585 2807 676 2865 binius
691 2807 789 2880 aliique
805 2805 920 2863 subinde
935 2806 1111 2863 conciliorum
1128 2808 1256 2866 editores.
1290 2808 1357 2864 Hinc
1372 2810 1397 2863 in
1463 2867 1466 2874 ,

128 2894 259 2969 lupercis
271 2892 473 2966 labbeanisque
488 2892 609 2948 conciliis
625 2891 764 2949 1110483
780 2891 849 2947 duae
864 2900 1006 2966 ponuntur
1017 2892 1123 2965 synodi,
1137 2891 1235 2949 Romae
1247 2892 1298 2948 sub
1309 2892 1398 2948 Felice

128 2988 157 3034 et
172 2978 408 3051 Constantinopoli
423 2977 474 3032 sub
489 2979 594 3040 dcacio,
617 2986 644 3033 et
666 2975 716 3032 sub
737 2985 852 3051 utraque
875 2994 969 3033 omnes
991 2977 1052 3032 illae
1075 2977 1182 3032 litterae
1198 2978 1400 3034 distribuuntur

128 3064 206 3120 velut
222 3072 279 3119 acta
295 3062 424 3119 adversus
439 3062 548 3119 Petrum
564 3061 704 3118 Fullonern
720 3061 861 3136 producta.
890 3061 937 3118 His
953 3063 976 3117 si
992 3060 1059 3117 fides
1075 3062 1163 3135 aliqua
1181 3061 1302 3119 habenda
1317 3063 1398 3125 soret,

127 3152 248 3224 primum
263 3147 561 3222 Constantinopolitano
577 3156 642 3203 tunc
656 3146 773 3202 Romana
788 3146 946 3203 collocanda
961 3146 1065 3209 luisset,
1083 3164 1166 3220 quum
1182 3146 1277 3203 Felicis
1293 3147 1399 3203 litterae

129 3234 216 3306 hujus
233 3232 329 3308 synodi
345 3234 454 3290 nomine
469 3235 584 3307 scriptae
600 3232 672 3287 Petri
684 3230 738 3302 jam
754 3231 786 3286 ab
802 3233 897 3289 Acacio
913 3233 940 3288 in
964 3231 1070 3305 syuodo
1086 3230 1201 3287 damnati
1218 3233 1398 3288 meminerint.

217 3320 247 3376 2.
277 3318 331 3375 Sed
348 3317 477 3374 lletrricus
493 3318 614 3374 Valesius
630 3317 662 3372 ad
683 3316 781 3372 calcem
798 3316 1015 3373 observationum
1031 3315 1063 3372 ad
1081 3316 1254 3372 Theodorum
1269 3317 1399 3373 lectorem

126 3409 167 3463 de
182 3406 282 3478 synod.
300 3406 365 3460 cdv.
383 3404 463 3459 Petr.
480 3405 594 3460 Fullone.
611 3421 635 3459 c.
652 3400 672 3457 4
693 3401 772 3457 ialsas
794 3410 820 3458 ct
845 3403 1031 3476 supposititias
1053 3418 1113 3457 esse
1134 3410 1212 3476 putet
1232 3419 1326 3458 omnes
1341 3401 1399 3456 illas

127 3489 271 3567 epistolas.
306 3489 397 3545 Primo
425 3490 486 3562 quia
512 3489 631 3562 quamvis
659 3504 673 3541 a
692 3486 809 3545 diversis
830 3489 964 3562 episcopis
985 3488 1114 3561 scriptae,
1143 3503 1236 3543 omnes
1257 3495 1346 3544 tamen
1368 3501 1400 3541 ex

127 3592 235 3652 graeco
244 3591 370 3631 sermone
386 3575 412 3630 iu
430 3573 541 3630 latinum
558 3581 622 3629 sunt
637 3589 792 3636 conversae,
809 3573 836 3628 id
853 3572 926 3646 quod
942 3590 971 3630 re
988 3574 1044 3646 ipsa
1060 3573 1105 3646 qui
1123 3581 1264 3646 utramque
1280 3572 1400 3648 linguam

127 3661 275 3717 calluerint
301 3676 357 3716 nou
379 3657 578 3716 inficiabuntur.
607 3656 707 3713 lleinde
728 3659 835 3713 nomina
856 3659 913 3731 ipsa
934 3660 1141 3733 episcoporum,
1169 3660 1215 3731 qui
1236 3658 1269 3713 ad
1290 3657 1399 3715 Petrum

128 3746 276 3802 Fullonem
290 3743 421 3807 scribunt,
439 3743 510 3799 haud
525 3742 605 3799 dubie
620 3740 733 3799 condeta
754 3751 781 3798 et
796 3745 978 3799 commentitia
994 3751 1067 3804 sunt,
1089 3751 1185 3817 utpote
1206 3743 1287 3799 nullis
1303 3759 1401 3799 mouu-

128 3832 236 3887 mentis
256 3839 328 3887 nota.
360 3829 502 3885 Praeterea
517 3830 540 3884 si
554 3827 670 3884 Felicem
692 3836 719 3883 et
736 3828 859 3883 Acacium
875 3829 1000 3902 excipias,
1023 3845 1077 3902 quo
1090 3827 1152 3898 jure
1173 3827 1200 3883 id
1221 3827 1273 3884 sibi
1289 3839 1399 3901 arroga-

127 3925 198 3972 1111
218 3912 390 3971 modicarum
403 3913 510 3969 urbium
535 3913 653 3987 episcopi
674 3921 701 3968 et
729 3914 755 3969 in
776 3911 887 3969 diversis
908 3915 1053 3987 provinciis
1076 3913 1159 3988 louge
1180 3913 1212 3968 ab
1234 3913 1401 3970 Antiocheno

128 4002 253 4058 dioecesi
266 4000 361 4062 dissiti,
385 4008 415 4054 ut
438 3998 518 4069 hujus
535 3998 712 4072 patriarcham
734 3998 842 4071 scriptis
858 3997 954 4054 litteris
971 4000 1068 4055 acriter
1083 3999 1252 4072 corriperent
1267 4006 1294 4055 et
1310 3997 1401 4053 admo·

130 4087 251 4143 nerent?
276 4084 395 4158 lienique
411 4083 485 4157 quod
501 4082 675 4158 epistolarum
691 4083 796 4138 illarum
813 4082 955 4138 falsitatem
972 4083 1149 4145 demonstrat,
1166 4099 1259 4139 omnes
1275 4082 1334 4138 illas
1346 4083 1401 4156 epi·

130 4171 220 4227 stolas
242 4170 305 4226 lieet
325 4187 340 4224 a
360 4169 473 4224 diversis
495 4168 627 4242 episcopis
650 4175 677 4223 et
697 4169 723 4224 iu
745 4167 857 4223 diversis
879 4169 1041 4242 provinciis,
1068 4185 1122 4224 uuo
1143 4177 1233 4224 tamen
1251 4166 1401 4241 eodemque

131 4256 199 4312 stilo
215 4258 235 4311 i.
251 4272 276 4311 e.
298 4254 359 4310 rudi
379 4270 410 4309 ac
432 4252 543 4309 barbaro
564 4269 689 4308 sermone
705 4252 830 4308 observat
848 4269 908 4309 esse
923 4252 1082 4309 elaboratas.
1119 4252 1207 4314 audit,
1224 4261 1251 4308 et
1266 4251 1401 4308 Romanos

131 4343 279 4416 episcopos
300 4338 354 4395 illis
377 4337 543 4413 temporibus
563 4337 613 4392 alia
636 4354 715 4410 quam
737 4339 818 4400 latina
838 4336 930 4412 lingua
956 4337 988 4392 ad
1010 4340 1153 4412 episcopos
1169 4354 1282 4413 graecos
1298 4337 1401 4393 litteras
1443 4365 1452 4378 ,

131 4425 254 4482 scribere
269 4441 324 4481 non
341 4424 524 4481 consuevisse.
551 4421 657 4478 Nollem
673 4431 761 4478 tamen
777 4438 835 4477 eam
852 4422 886 4478 ob
902 4424 1042 4485 rationem,
1058 4424 1081 4478 si
1097 4438 1150 4478 uua
1165 4422 1280 4486 adesset,
1297 4422 1401 4478 litteras

131 4511 192 4568 illas
205 4509 326 4581 rejicere,
343 4525 428 4583 quum
444 4506 501 4564 lieri
516 4508 646 4582 potuerit,
660 4514 691 4563 ut
705 4506 780 4563 Felix
794 4508 937 4583 exemplari
953 4508 1036 4564 latino
1053 4523 1176 4582 graecam
1192 4509 1341 4564 versionem
1357 4506 1402 4563 ad·

128 4596 263 4668 junxerit,
279 4594 322 4651 vel
338 4596 419 4650 etiarn
435 4595 524 4670 graeci
535 4593 663 4668 episcopi,
680 4591 755 4665 quod
767 4591 816 4648 sibi
836 4592 919 4649 latine
936 4594 1057 4657 missurn,
1075 4609 1172 4668 graece
1190 4594 1259 4649 verti
1275 4593 1401 4654 curarint,

204 4813 227 4879 ¹)
244 4808 294 4864 ma
310 4807 399 4864 codex
416 4806 584 4862 collectionis
601 4807 752 4861 Avellanne
769 4803 919 4861 Vaticanus
937 4786 1012 4873 3181,
1044 4807 1121 4876 canius
1143 4806 1286 4876 exemplar
1302 4805 1400 4926 princi·

132 4880 200 4950 pale
222 4876 375 4934 Vaticanus
397 4881 472 4930 4961.
508 4875 601 4943 (Plura
623 4876 658 4929 de
679 4877 775 4929 nostm
797 4875 895 4929 eadem
920 4892 950 4929 re
973 4876 1152 4929 conferentur
1178 4874 1253 4944 opud
1270 4875 1311 4928 Ba
1322 4875 1398 4927 lemn.

133 4949 171 5001 de
189 4947 296 5014 cnhqu.
316 4945 425 5001 collect.
445 4961 503 4998 eon.
523 4962 548 5013 p.
563 4944 588 4996 ll
607 4962 628 4998 c.
645 4950 674 4997 11
694 4949 738 5007 §3
756 4945 785 4997 ct
802 4950 871 4998 111
889 4950 946 4997 nt
964 4946 1093 5011 (tt-78).

1157 5028 1199 5089 2*
