3204 5506
188 341 252 409 994
628 358 657 407 1.
674 357 880 406 nonmsnnn
907 357 1022 405 eneas

798 527 841 591 Π.

190 657 218 695 a.
228 636 289 694 514
304 645 389 709 temp.
407 644 535 694 autumn.
578 637 712 693 Caesarii
724 638 903 693 Arelatensis
917 639 957 692 ad
970 637 1161 693 Hormisdam
1174 654 1234 709 pro
1251 639 1461 708 confirmatione

341 722 523 794 fundationis
538 725 706 779 monasterii
716 725 883 793 puellarum
896 725 1004 792 petitio.

276 823 433 879 siracusa!
450 823 617 879 llormistlam
634 822 732 879 litteris
754 832 862 879 sanctus
878 822 1016 878 Caesarius
1039 823 1184 886 iudicavit,
1211 840 1242 878 se
1264 827 1294 880 in
1310 825 1465 880 Arelatensi

191 912 315 966 ecclesio
331 926 420 981 super
435 912 607 965 clericorum
623 916 650 963 et
665 910 869 965 monachorum
885 909 1026 964 excubias
1042 916 1207 965 consuetas
1220 911 1386 981 puellarum
1402 928 1461 982 quo·

190 1010 245 1068 que
261 995 316 1050 Dei
329 997 440 1050 nouiter
455 995 558 1050 choros
573 997 738 1063 instituisse,
761 992 951 1067 poscebatque,
974 1001 1005 1047 ut
1021 997 1050 1049 in
1064 993 1210 1065 praefato
1232 997 1397 1066 puellarum
1411 1014 1459 1050 mo-

190 1082 318 1135 nasterio
333 1081 441 1135 nullam
452 1086 623 1150 potestatem
639 1094 824 1134 successores
840 1080 1011 1150 quandoque
1033 1079 1121 1151 ipsius
1142 1079 1257 1135 habere
1270 1084 1388 1150 penitus
1400 1097 1459 1151 per-

190 1167 386 1220 mitterentur:
402 1171 545 1236 quatenus
560 1164 767 1220 sacratoelleo
784 1167 907 1236 viryines
922 1164 958 1219 ab
974 1167 1050 1219 omni
1062 1166 1266 1236 inpatietudine
1282 1168 1327 1220 oet
1341 1168 1458 1220 molestia

190 1251 339 1306 absolutae
354 1252 537 1321 omnipotenti
551 1249 611 1304 Deo
632 1250 729 1304 liberis
750 1248 890 1304 mentibus
910 1250 1040 1304 ualerent
1049 1251 1167 1321 jupiter
1186 1249 1342 1321 famulari.
1383 1250 1458 1304 Simul

190 1331 288 1389 ibidem
302 1332 456 1406 postulavit,
473 1342 503 1388 ut
518 1333 639 1406 pontilex
655 1335 841 1390 uenditionem
863 1331 894 1387 ab
909 1334 969 1406 ipso
986 1335 1226 1406 donationemque
1248 1337 1279 1390 in
1295 1339 1458 1391 monasterio

191 1421 354 1474 earumdem
365 1421 534 1490 puellarum
550 1426 616 1474 ante
634 1418 748 1490 saetam
764 1434 812 1472 sua
828 1421 1002 1473 auctoritate
1018 1415 1169 1481 roboraret,
1192 1417 1331 1489 adjiciens,
1353 1436 1381 1474 se
1401 1436 1458 1490 spe·

191 1518 275 1573 rare,
298 1510 328 1560 ut
344 1505 606 1560 ecclesiasticorum
628 1505 764 1559 alienatio
780 1504 969 1574 praediorum
990 1520 1047 1558 non
1060 1510 1309 1575 praesumeretur
1329 1508 1358 1559 in
1370 1513 1456 1576 postc-

191 1606 255 1644 rum
281 1589 356 1644 sedis
382 1591 560 1659 apostolicae
584 1590 738 1644 interdicta
764 1590 888 1644 decretis
913 1586 1016 1658 (llorm.
1040 1589 1120 1660 epist.
1135 1588 1198 1645 150
1217 1590 1279 1644 1.1
1303 1597 1330 1643 et
1346 1587 1385 1660 3).
1427 1589 1457 1642 he

191 1681 321 1744 tempore,
338 1689 393 1746 quo
408 1675 507 1747 scripta
523 1673 587 1729 haee
603 1673 725 1747 epistola,
742 1672 808 1728 nihil
829 1673 896 1727 certi
912 1673 995 1727 statui
1009 1680 1110 1745 potest.
1154 1671 1244 1740 Quum
1267 1679 1355 1729 tamen
1376 1690 1456 1729 mom

190 1759 303 1812 starium
323 1757 389 1813 illud
411 1757 559 1831 puellarum
581 1757 636 1828 jam
663 1760 732 1814 eirca
758 1756 938 1813 1111111512
965 1756 1121 1812 aCaesario
1149 1757 1293 1813 conditum
1319 1760 1355 1813 sit
1380 1758 1454 1829 (conl.

191 1843 270 1916 epist.
286 1842 346 1900 150
360 1851 419 1899 not.
436 1841 475 1915 3),
499 1859 560 1899 moa
574 1852 636 1917 post
651 1852 772 1915 acceptas
788 1840 820 1897 ah
836 1840 976 1897 llormisda
996 1841 1177 1898 ordinationis
1199 1842 1303 1899 indices
1320 1845 1456 1916 exemptio

190 1942 251 1982 nem
266 1935 294 1983 et
309 1925 538 1984 confirmationem
554 1929 631 1986 istam
647 1929 758 2002 petitam
774 1943 834 1984 essa
849 1926 994 1982 verisimile
1010 1934 1062 1988 est.

797 2054 857 2120 ΙΠ.

192 2183 220 2221 a.
233 2163 295 2222 514
309 2167 337 2222 d.
355 2165 395 2222 28
411 2165 481 2222 llec.
535 2166 672 2222 Vitaliani
684 2169 814 2238 mayislri
827 2168 944 2220 militum
966 2166 1005 2220 ad
1018 2165 1202 2221 Hormisdam
1220 2165 1256 2220 de
1271 2168 1411 2222 mittendis
1424 2169 1457 2221 od

341 2253 480 2324 synodum
496 2251 722 2307 Heracleensem
735 2253 841 2323 leyatis
853 2265 968 2321 preces.

276 2351 309 2407 Ut
330 2350 410 2408 rebus
435 2353 461 2408 in
483 2352 631 2432 desperatis
655 2352 808 2407 Anastasius
832 2349 982 2421 juraverat,
1010 2350 1154 2406 concilium
1170 2350 1353 2408 Heracleensis
1368 2352 1455 2408 saltem

192 2435 376 2492 fraudulenter
390 2438 493 2510 agitare
507 2439 612 2511 eoepit,
639 2453 756 2510 suasque
776 2452 864 2491 sacras
880 2434 990 2490 Romam
1011 2435 1169 2499 mittendas,
1196 2435 1297 2510 quihus
1318 2455 1410 2512 papam
1428 2437 1456 2491 al

191 2520 258 2576 illud
282 2522 407 2577 invitaret
422 2521 526 2594 (llorm.
543 2523 622 2596 epist.
637 2520 674 2593 1).
696 2521 859 2595 Theophane
875 2521 1021 2594 chronogr.
1038 2521 1169 2594 pag.138
1185 2520 1284 2593 (Bonn.
1298 2521 1370 2595 248)
1385 2532 1456 2584 teste

191 2605 242 2678 ipsi
259 2604 388 2662 vitaliano
406 2605 524 2661 tradidit.
562 2605 611 2674 Qui
627 2612 750 2678 accepta
773 2607 809 2662 ab
825 2609 1000 2676 imperatore
1013 2608 1131 2662 licentia
1153 2595 1224 2662 suos
1240 2609 1281 2663 od
1292 2626 1400 2681 papam
1413 2609 1456 2663 ho-

190 2693 280 2745 mines
300 2692 466 2761 destinauit,
497 2693 542 2764 qui
563 2690 643 2746 simul
665 2692 788 2765 proprias
809 2689 928 2761 ejusdem
950 2689 1052 2746 litteras
1067 2689 1177 2746 Romam
1199 2692 1383 2765 pertulerunt.
1426 2691 1457 2746 lhi

191 2774 337 2831 Vitalianus
353 2784 445 2849 aperte
461 2775 618 2839 declaravit,
636 2775 687 2831 sihi
702 2775 734 2830 ad
750 2775 776 2831 id
791 2778 935 2832 licentiam
951 2777 987 2831 ab
1001 2779 1176 2847 imperatore
1191 2779 1308 2847 datam,
1331 2779 1457 2850 simulque

191 2858 223 2914 ab
238 2860 291 2916 hoc
306 2859 440 2916 addictum
456 2877 524 2924 esse,
552 2869 591 2924 ut,
612 2865 638 2916 si
651 2868 786 2933 speraret
806 2879 823 2916 a
840 2861 999 2916 beatissimo
1010 2878 1094 2932 papa
1116 2868 1147 2916 ut
1164 2879 1223 2932 pro
1239 2867 1341 2919 causis
1362 2864 1459 2918 tatibus

192 2946 273 3017 apud
286 2961 350 3003 eum
364 2947 568 3003 discussionem
584 2962 702 3011 causae,
719 2947 765 3001 his
778 2949 919 3018 personis,
936 2947 1038 3018 quibus
1052 2947 1166 3002 deloco
1180 2956 1282 3018 posset
1297 2963 1359 3004 esse
1373 2951 1456 3002 inten-

193 3033 239 3101 lio,
256 3034 369 3105 inteyra
385 3035 478 3088 omnia
493 3038 683 3088 servarentur
697 3029 800 3103 (llorm.
817 3030 924 3104 epist]
941 3046 967 3085 n.
983 3030 1001 3087 3
1017 3038 1044 3085 et
1060 3028 1100 3101 5).
1141 3029 1175 3086 Ut
1192 3033 1279 3105 igitur
1293 3032 1414 3106 pontiler
1428 3048 1457 3086 ue

192 3115 225 3170 atl
246 3117 389 3172 concilium
411 3117 502 3172 venire
521 3115 727 3191 dedignaretur,
755 3116 862 3171 institit.
911 3113 983 3182 Quae
1004 3115 1119 3188 epistola
1140 3115 1234 3171 eadem
1256 3134 1311 3191 qua
1334 3118 1456 3173 hnastrsii

191 3198 294 3271 (llorm.
312 3199 765 3275 111311)1131111111111111111,
782 3200 876 3256 eodem
892 3216 1001 3273 quoque
1017 3208 1148 3274 tompore,
1164 3202 1183 3258 i.
1198 3218 1222 3257 e.
1241 3201 1332 3258 vest.
1348 3203 1456 3258 ianuarii

191 3284 299 3350 1514,
317 3285 377 3342 data
392 3302 452 3341 esse
467 3294 586 3360 apparat.

795 3413 853 3479 IV.

191 3522 295 3581 1514
310 3526 338 3581 d.
357 3524 395 3582 28
412 3525 481 3581 Dec.
528 3526 740 3597 Episcoporum
755 3526 970 3593 Dardanorum,
987 3524 1175 3597 illyricorum
1191 3532 1219 3580 et
1235 3524 1410 3599 Scytharum
1423 3527 1456 3581 ml

343 3611 527 3666 Hormisdam
537 3628 596 3682 pro
611 3613 792 3682 impetranda
808 3612 1003 3667 communione
1018 3611 1133 3682 lcyatio.

278 3709 417 3766 llormisda
439 3728 462 3768 a.
484 3710 510 3765 d.
528 3710 561 3765 lll
577 3710 637 3767 ldus
654 3711 824 3785 Septembres
846 3729 869 3766 a.
888 3711 948 3767 515
971 3709 1002 3765 ad
1018 3709 1169 3765 Caesarium
1191 3710 1377 3768 Arelatensem
1397 3713 1453 3767 seri·

191 3794 257 3851 bens
267 3794 370 3867 (llorm.
384 3797 463 3870 epist.
474 3796 491 3852 9
504 3795 577 3867 nu).
594 3800 729 3868 episcopi,
752 3799 797 3860 ait,
820 3805 876 3853 tam
892 3797 1027 3852 Dardani
1039 3813 1125 3868 quam
1140 3796 1259 3869 Illyrici
1275 3814 1353 3869 pene
1368 3813 1454 3854 omnes

192 3896 246 3937 nec
262 3899 317 3937 non
335 3881 461 3954 Scythae
477 3897 605 3936 errorem
620 3884 782 3938 danrnarulo
795 3885 994 3953 praeteritum,
1008 3888 1140 3953 petentes
1155 3883 1234 3936 beati
1247 3883 1332 3938 Petri
1345 3890 1451 3955 aposto·

191 3968 283 4022 larum
297 3969 441 4037 principis
457 3971 687 4037 communionem,
711 3975 736 4023 et
752 3971 869 4038 scriptis
884 3974 910 4021 et
924 3967 1114 4040 leyatioaibus
1131 3966 1286 4023 destinatis
1301 3984 1332 4022 se
1348 3976 1449 4038 aposto·

189 4054 266 4106 licae
288 4053 363 4106 sedis
378 4053 485 4124 repulis
500 4052 613 4108 obedire
628 4055 809 4124 confirment.
850 4051 934 4107 Simul
950 4051 1085 4124 adjungit,
1108 4051 1327 4107 anathematizari
1343 4069 1412 4108 nunc
1424 4051 1451 4105 sl·

190 4135 243 4190 illis
260 4136 422 4193 Nestorium
440 4179 494 4206 ...,
518 4138 669 4209 Eutychen
687 4179 743 4205 ...,
767 4138 936 4193 Dioscorum
957 4137 1186 4193 Alexandrinum
1203 4178 1263 4206 ...,
1288 4138 1450 4193 Timotheum

191 4221 340 4290 Aelurum,
368 4222 487 4277 Petrum
507 4223 734 4278 Alexandrinum
756 4230 782 4277 et
803 4223 920 4278 Petrum
936 4223 1157 4284 Antiochenam
1188 4222 1264 4295 quod
1285 4223 1379 4296 utique
1399 4237 1450 4275 ane

192 4304 279 4358 thema
295 4307 401 4378 scriptis
417 4307 525 4361 illorum
541 4306 641 4361 directe
656 4309 787 4362 insertum
805 4308 887 4363 luisse
903 4305 1065 4362 eradendum
1077 4315 1128 4361 est.
1151 4305 1239 4362 Porro
1252 4323 1302 4380 per
1314 4307 1450 4380 Scythiam

192 4387 226 4442 ihi
243 4392 328 4444 notari
344 4391 479 4463 Scythiam
496 4391 629 4447 Ponticam
645 4391 677 4446 ad
693 4394 854 4466 provinciam
870 4392 1006 4447 Thraciam
1022 4393 1216 4465 pertinentem,
1240 4400 1314 4447 recte
1330 4392 1450 4447 Coastes·

192 4473 244 4526 tias
260 4473 292 4528 ad
309 4476 448 4547 epistolam
465 4477 482 4532 9
500 4483 584 4531 notat.
621 4476 793 4551 Legationem
809 4485 897 4533 autem
918 4477 990 4532 illam
1006 4475 1100 4532 eodem
1117 4483 1259 4550 tempore.
1283 4477 1451 4551 qualitatis

191 4573 255 4620 niis,
278 4561 377 4632 etipse
396 4561 498 4617 Thrace
514 4562 554 4616 vel
571 4562 680 4634 Scytha
701 4561 802 4624 hctus,
829 4579 896 4619 suos
917 4564 956 4617 ad
969 4563 1152 4617 Hormisdam
1167 4563 1298 4619 homines
1311 4565 1451 4620 deshnarit

190 4639 292 4712 (llorm.
311 4646 389 4716 epist.
405 4646 420 4700 l
438 4664 464 4701 n.
479 4646 517 4715 3),
534 4648 551 4700 1.
565 4664 588 4701 e.
606 4647 773 4704 «theusthes.
791 4649 851 4702 anni
868 4646 928 4702 ott
944 4655 990 4701 am
1004 4656 1077 4701 ceste
1092 4646 1174 4719 paulo
1190 4655 1265 4721 post,
1282 4647 1377 4704 iactam
1391 4663 1451 4703 esse.

190 4725 260 4781 haut
277 4736 377 4784 temore
392 4730 574 4801 conjiciemus.
614 4732 667 4786 Noc
689 4733 754 4787 levis
776 4733 893 4806 suspirio
916 4732 1006 4793 atlost,
1028 4730 1059 4786 atl
1075 4731 1197 4787 camdem
1213 4734 1367 4806 pertinere.
1387 4731 1450 4807 qaod

190 4809 366 4885 Theophanes
387 4815 534 4888 chronogr.
551 4816 894 4889 pessinuntensium
912 4815 984 4886 516)
1005 4818 1031 4872 11
1053 4816 1124 4870 hanc
1145 4816 1259 4873 modum
1281 4819 1381 4875 reiert:
1400 4821 1451 4890 cpi

188 4911 276 4971 scopo
295 4898 544 4957 Tlressolonirensi
563 4903 596 4956 ob
617 4906 801 4975 imperatoris
821 4910 922 4958 rhoetum
944 4918 1007 4958 cum
1031 4901 1177 4959 Timotheo
1200 4902 1451 4977 Constantinopoli·
