3204 5506
126 364 276 415 ananan.
292 364 403 414 nrrsr.
416 351 510 412 a-t.
526 384 566 392 -
581 361 726 409 somma
741 360 853 410 nsrsr.
870 356 940 407 sou
956 357 1125 408 nxsraur.
1146 357 1179 404 r.
1194 354 1216 404 1.
1289 337 1351 403 993

84 543 162 585 cura
183 518 379 604 pontificem.
430 516 651 581 Praesentium
678 513 821 596 bajulus,
859 511 1013 576 honestus
1041 510 1198 592 moribus,
1235 511 1351 573 natura

83 621 246 704 sublimis,
269 619 390 706 gemini
412 618 518 682 solatii
540 618 671 681 orbatus
692 614 867 700 praesidio,
890 613 1026 677 Romam
1046 635 1104 698 pro
1119 611 1262 676 honestis
1278 611 1352 676 arti·

83 724 161 806 bus,
184 723 261 787 licet
283 721 567 806 peregrinaturus,
589 718 732 802 expetiit.
773 716 870 798 Vide,
894 716 921 780 si
943 719 1128 780 mereantur
1150 736 1169 778 a
1190 714 1351 799 religiosa,

83 826 166 888 bene
188 828 283 907 nato,
312 823 464 909 locupleti
481 821 590 906 juvari
612 821 692 904 ista,
721 840 802 903 quae
831 819 979 902 praetuli.
1024 816 1120 883 Nunc
1142 816 1249 882 officio
1271 817 1353 880 salu-

83 925 219 991 tationis
241 924 383 990 exhibito
405 946 499 1009 rogo,
530 926 565 987 ut
592 923 620 987 si
647 944 715 1005 me,
746 921 773 986 si
794 922 913 986 bonam
936 942 1031 1005 quam
1060 919 1203 985 coimisti
1231 918 1353 1004 opinio

83 1050 160 1093 nem
181 1027 308 1112 diligis,
331 1027 486 1112 impensis
507 1025 645 1110 portitor
667 1023 829 1088 adulescat
851 1022 988 1088 auxiliis.

598 1193 780 1298 Epistola
806 1194 840 1277 6.

1367 1316 1475 1374 Ennod.

237 1349 442 1415 Ennodius
464 1348 697 1414 Hormisdae
720 1348 895 1412 diacono.
1364 1386 1476 1454 Ἥβῃ

171 1468 373 1554 sicignano
402 1469 487 1533 eirca
514 1489 565 1531 me
591 1468 748 1552 promissa
774 1467 918 1549 duraret,
949 1470 1145 1532 assereretur
1172 1466 1355 1553 frequentia

85 1572 276 1635 litterarum.
315 1569 379 1634 Vix
402 1570 579 1654 respiciunt
599 1569 753 1652 humiles,
777 1590 856 1654 quos
879 1569 919 1633 ad
941 1590 1046 1634 arcem
1069 1573 1201 1634 eventus
1223 1590 1356 1654 prosper

86 1674 237 1736 evexerit.
282 1670 388 1736 Grave
411 1676 475 1756 est,
505 1672 533 1735 si
555 1692 628 1754 spes
650 1672 862 1735 secundarum
888 1692 994 1735 rerum
1018 1673 1162 1736 caritatis
1184 1694 1285 1736 nexus
1307 1673 1356 1737 in·

86 1774 188 1839 cidat:
215 1795 281 1838 non
304 1772 398 1837 debet
419 1773 639 1858 praejudicare
661 1772 864 1858 diligentiae,
894 1774 944 1837 cui
973 1774 1147 1839 secundum
1168 1776 1243 1838 vota
1264 1774 1355 1838 blan-

85 1876 182 1940 ditur.
230 1874 264 1940 si
286 1879 396 1940 tamen
419 1874 539 1959 aliquid
563 1876 648 1940 circs
669 1897 719 1939 me
742 1875 865 1960 gratiae
888 1876 1064 1959 custoditis,
1088 1877 1115 1941 si
1137 1877 1219 1941 vivit
1239 1878 1354 1942 amoris

85 1978 223 2063 polliciti
258 1977 415 2060 scintilla,
454 1975 591 2041 Beatum
629 1977 814 2041 commendo
850 1977 1084 2042 nobilissimum
1120 1978 1355 2046 adolescentem

86 2080 303 2163 praesentium
325 2080 530 2164 portitorem3
568 2079 619 2143 cui
644 2079 767 2162 justum
795 2083 858 2162 est,
887 2082 925 2143 ut
952 2081 1205 2146 consideratione
1232 2083 1295 2146 mei
1323 2087 1356 2147 et

86 2184 254 2265 parentem
275 2180 439 2245 beatitudo
462 2183 568 2244 restra
589 2180 755 2264 impendat
771 2185 804 2244 et
817 2180 965 2264 patriam.
999 2180 1079 2246 Esto
1093 2183 1242 2267 specialis
1256 2187 1353 2268 tutor,

86 2283 230 2346 omnium
252 2304 325 2346 mox
339 2282 482 2346 futurus!
514 2280 651 2345 Domine
667 2282 776 2364 frater,
801 2282 1003 2347 salutationis
1018 2282 1200 2349 humilitate
1215 2285 1355 2371 depensa

85 2406 177 2468 rogo,
200 2388 237 2449 ut
258 2384 317 2448 sub
340 2384 514 2466 celeritate,
539 2383 738 2467 quambene
761 2383 905 2468 valeatis,
930 2385 1104 2470 scriptione
1126 2386 1273 2471 signetis.

601 2553 784 2656 Epistola
809 2554 842 2637 7.

240 2705 445 2770 Ennodius
467 2704 698 2771 Hormisdae
721 2706 898 2774 diacono
1364 2695 1471 2818 Fffintgd·

1418 2805 1425 2831 ,
1450 2807 1455 2817 .

173 2825 327 2891 Caelestis
349 2824 545 2909 dispensatio
568 2825 790 2909 epistolaribus
805 2824 968 2892 beneficiis
984 2829 1114 2912 junctos
1130 2830 1264 2895 caritate
1282 2853 1354 2895 con·

88 2927 205 2991 sociat:
229 2927 304 2991 dum
325 2948 403 3010 quos
425 2927 579 2991 discernit
600 2929 752 2992 itinerum
773 2929 956 3012 prolixitas,
985 2929 1020 2993 in
1042 2932 1181 2996 remedio
1203 2932 1355 2998 sollicitu-

88 3029 173 3093 dinis
191 3028 304 3114 juugit
325 3028 461 3112 affectio,
486 3029 513 3092 si
536 3029 578 3093 sit
601 3051 676 3094 cura
698 3031 863 3095 sermonis.
897 3029 1068 3096 Silentium
1088 3036 1199 3097 tamen
1213 3037 1354 3098 vestrum

87 3131 185 3194 nimis
208 3130 361 3212 admiror,
395 3130 478 3214 quod
505 3133 578 3214 post
609 3131 771 3215 depositae
792 3132 935 3197 sarcinas
957 3133 1168 3218 aegritudiuis
1190 3134 1278 3199 nulla
1305 3158 1355 3201 me

89 3231 281 3297 allocutione
309 3231 508 3296 sublevastis.
560 3231 621 3295 Sed
649 3232 724 3316 quia
752 3232 907 3317 loquendo
941 3238 1120 3320 opportune
1149 3236 1291 3321 cogimus
1319 3242 1356 3302 ut

89 3332 246 3417 loquaris,
275 3333 324 3397 vel
348 3332 469 3417 garruli
490 3333 671 3397 imitatione
693 3334 859 3418 responde.
908 3334 996 3400 Bene
1019 3337 1104 3401 cuim
1131 3359 1182 3401 res
1209 3338 1355 3403 desiderii

89 3438 123 3498 et
143 3434 286 3518 poscitur
314 3437 347 3498 et
367 3435 558 3519 impetratur
580 3434 744 3520 exemplis.
790 3436 877 3522 Ergo
899 3438 1052 3502 honorem
1074 3439 1276 3504 salutationis
1297 3441 1355 3505 im·

89 3536 248 3620 pendens,
272 3536 378 3600 indico
399 3557 450 3600 me
471 3534 539 3599 Deo
561 3536 701 3620 propitio
719 3538 789 3622 jam
811 3539 931 3604 valere:
954 3540 1155 3624 supplicam,
1179 3546 1215 3606 ut
1236 3543 1356 3607 vicaria

90 3638 168 3702 mihi
190 3638 265 3722 styli
286 3638 543 3722 promulgatione
565 3638 745 3704 benedicas.

623 3813 652 3821 ..a
662 3814 824 3822 -0———a

597 3913 668 3990 No
687 3919 705 3989 t
724 3917 737 3988 i
757 3920 776 3989 t
794 3917 807 3988 i
827 3941 850 3990 a

120 4043 323 4114 epistolarum
341 4058 402 4100 non
421 4046 624 4115 excitandum,
644 4062 722 4116 quae
741 4048 778 4102 ad
797 4063 823 4103 s.
842 4048 1032 4104 llormlsdum
1051 4064 1158 4118 papam
1176 4051 1323 4108 attinent.
1367 4037 1443 4109 [Ed]

710 4182 727 4247 1

92 4311 119 4348 a.
133 4289 194 4348 514
210 4308 278 4348 ntea
289 4296 356 4364 posi
370 4292 397 4347 el.
415 4291 539 4348 XXVII
551 4292 629 4348 latii.
674 4293 847 4351 Hormisdae
858 4312 958 4368 pupae
973 4298 1013 4352 ad
1025 4297 1192 4354 Caesarium
1203 4298 1354 4356 Arelaten-

243 4392 302 4433 sem
317 4377 505 4434 ordinationis
519 4393 591 4434 suae
605 4379 723 4434 indices.

176 4478 273 4534 Codice
288 4477 372 4551 Regio
388 4477 530 4534 l‘arisicusi
546 4477 627 4536 3849
650 4479 697 4535 sol.
716 4479 753 4536 21
777 4481 830 4537 lroc
850 4481 989 4555 protertur
1009 4482 1204 4557 fragmentum:
1226 4486 1357 4542 Dilectis-

91 4568 161 4621 simo
173 4563 268 4636 sratri
283 4564 420 4620 Caesario
436 4561 602 4621 Hormisda.
645 4562 780 4631 Qreamuis
800 4571 875 4624 ratio
891 4571 1003 4642 exigat,
1035 4576 1067 4624 nt
1082 4569 1269 4640 fraternitati
1290 4578 1358 4626 tuae

91 4653 185 4706 nostri
197 4651 353 4705 sacerdotii
364 4651 508 4720 primitias
521 4653 682 4705 nuntiemus
697 4658 790 4707 tamen
806 4651 861 4708 Dei
874 4653 1013 4726 beneficia
1030 4661 1139 4710 tacere.
1177 4654 1277 4722 Quibus
1293 4656 1358 4710 satis

91 4736 177 4809 palam
195 4733 232 4795 tit,
249 4732 416 4789 llormisdam
431 4732 467 4789 ibi
483 4732 605 4789 Caesario
616 4734 765 4791 Arelatensi
779 4735 952 4809 pontificatus
967 4740 1009 4795 sui
1024 4740 1098 4795 initia
1114 4741 1260 4802 nuntiasse,
1276 4739 1358 4813 idque

92 4837 154 4875 mox
171 4826 234 4893 post
253 4826 404 4891 susceptam
426 4818 637 4883 ordinationem.
661 4821 678 4875 i.
692 4837 715 4875 e.
733 4829 795 4894 post
810 4821 837 4878 d.
854 4821 942 4878 llllVll
956 4823 1020 4879 lulli
1035 4840 1059 4879 a.
1073 4824 1149 4889 514.
1177 4825 1276 4881 iactum
1297 4841 1357 4880 esse

92 4912 303 4961 consentancum
319 4914 369 4961 est.

126 5015 282 5053 seraranan
296 5018 400 5058 noum.
414 5019 528 5056 ronrrr.
546 5005 569 5058 1.
1115 5015 1155 5073 63
