3204 5506
191 337 276 384 1111
622 334 820 382 PRAEFATIO
845 335 1021 383 aulroars.

187 494 491 568 membranaceus
517 494 577 565 fol.
597 517 695 565 max.
715 493 855 566 formae
877 497 947 566 163
975 517 1020 567 ex
1045 496 1191 569 saeculo
1216 495 1267 567 XI
1294 499 1362 569 aut
1389 496 1461 568 XII

187 617 226 706 (a
251 614 410 687 Baronio
443 617 481 687 et
514 612 715 687 editoribus
742 611 918 685 Romanis
944 613 1106 687 breviter
1132 617 1235 688 cuna
1269 617 1460 689 Vaticanus

187 735 343 823 1111113,
376 734 465 806 dum
493 732 578 804 Vat.
607 735 704 804 4961
742 731 789 803 ab
822 732 1012 805 illocales
1040 733 1160 806 sirleti?
1194 738 1459 830 nuncupatim),

187 852 334 926 Vatia.
364 855 478 926 3786
506 857 546 925 31
572 853 699 923 4903.
753 849 838 922 Alia
864 851 1028 944 ejusdem
1054 854 1281 946 exemplaria
1306 853 1460 926 11111311-

188 973 241 1044 nii
266 973 291 1044 l.
320 995 351 1045 c.
378 975 585 1045 recensent:
621 993 665 1042 ex
700 969 923 1042 bibliotheca
949 969 1167 1065 Angelica
1194 971 1263 1043 ΡΡ.
1290 971 1461 1045 Eremi-

189 1095 341 1164 tarum
367 1115 395 1164 s.
423 1089 673 1185 Augustini
700 1092 734 1160 b.
760 1087 824 1159 ΠΙ.
851 1091 892 1177 9,
922 1111 966 1161 ex
992 1089 1159 1161 biblioth.
1188 1089 1462 1164 Corsiniana

188 1209 259 1282 Nr.
281 1212 377 1299 817,
406 1233 450 1282 ex
476 1208 642 1280 biblioth.
670 1231 698 1279 s.
726 1205 1058 1280 MarciVeneta
1082 1207 1153 1280 Nr.
1178 1211 1258 1280 171
1288 1213 1333 1282 31
1363 1212 1460 1280 172.

189 1328 393 1403 Vaticanus
421 1331 517 1401 3787
547 1332 604 1401 331
636 1327 697 1399 ille
725 1328 972 1413 ,1311333131
1006 1328 1230 1416 Vulicunns“,
1256 1329 1320 1422 qui
1346 1329 1462 1402 edito

190 1448 291 1521 ribus
317 1448 494 1521 Romanis
520 1447 762 1541 epistolarum
788 1445 1064 1540 pontificiarum
1090 1445 1244 1535 (Romae
1266 1448 1378 1538 1591)
1406 1471 1462 1520 ce·

189 1567 388 1640 laberrima
420 1567 484 1638 illa
510 1570 549 1638 31
574 1566 651 1638 1313
684 1565 880 1636 innumera
906 1568 1149 1636 monumenta
1175 1566 1316 1638 inedita
1342 1569 1463 1660 (pmc-

191 1686 320 1780 primis
345 1684 563 1780 pontificum
581 1681 769 1777 Simplicii,
798 1682 928 1756 Felicis
946 1682 992 1772 Π,
1020 1682 1239 1757 Hormisdae
1265 1688 1304 1757 et
1322 1683 1463 1778 Vigilii)

191 1804 501 1877 subministravit.
547 1801 785 1874 Constantius
803 1801 933 1875 deinde
953 1802 1116 1895 eiusdem
1144 1801 1308 1875 familiae
1336 1805 1464 1889 ..Vati-

192 1928 347 1995 cunnrn“
373 1947 439 2018 per
456 1944 722 1996 amanuensem
740 1920 1000 1993 conferendum
1018 1922 1180 2010 curavit,
1209 1922 1313 2015 cujus
1338 1921 1464 1994 lectio·

192 2064 257 2114 nes
275 2045 403 2116 tamen
420 2066 686 2137 nonnunquam
704 2065 727 2114 a
746 2039 936 2114 Vaticanis
963 2041 1052 2131 illis,
1080 2064 1170 2135 qnos
1188 2041 1296 2115 modo
1315 2064 1463 2112 enumc-

152 2252 156 2263 .
192 2162 290 2250 ravi,
319 2162 520 2236 discedunt.
574 2160 804 2255 Quapropter
830 2159 990 2234 codicem
1017 2161 1220 2255 principem
1237 2159 1464 2232 Vaticanum

194 2281 313 2368 4961,
342 2305 427 2354 cum
444 2303 516 2373 quo
543 2280 608 2352 alii
626 2278 800 2352 Vaticani
817 2279 912 2351 mire
930 2283 1151 2368 consonant,
1180 2281 1299 2352 denuo
1317 2301 1466 2350 31111111

193 2398 387 2493 diligentia
414 2403 481 2470 aut
508 2400 585 2492 ipse
612 2402 680 2470 aut
707 2420 771 2491 per
797 2420 910 2490 snpra
936 2397 1052 2470 dictos
1079 2399 1217 2471 amicos
1244 2397 1395 2471 contuli.

299 2519 367 2588 111·
388 2515 443 2588 Ex
469 2518 544 2589 alia
561 2515 744 2590 Ecclesiae
769 2519 877 2609 parte
900 2516 1049 2610 propria
1065 2517 1249 2608 quaedam
1267 2516 1467 2612 magnique

194 2636 375 2708 momenti
406 2636 570 2709 collectio
603 2638 660 2708 est
693 2633 964 2728 Hispanico,
998 2635 1162 2729 vulgos
1190 2635 1357 2708 Isidori
1385 2634 1466 2706 Hi·

194 2754 422 2849 spalensis
448 2754 558 2828 dicta.
605 2752 705 2838 Quae
731 2753 803 2825 etsi
830 2752 1003 2846 epistolas
1030 2754 1239 2850 pontificias
1266 2753 1467 2849 31111111)-

194 2874 301 2945 siana
327 2873 494 2967 repetiit,
522 2876 651 2946 tamen
678 2873 771 2945 alias
798 2872 964 2966 proprias
992 2873 1144 2967 adjecit,
1172 2877 1211 2946 31
1237 2875 1277 2944 in
1303 2875 1411 2945 textu
1429 2877 1468 2944 31

195 2992 234 3062 11
266 2992 475 3064 recensione
510 2991 732 3087 synodorum
766 2991 823 3063 sui
851 2991 947 3084 juris
979 2996 1046 3065 331.
1101 2990 1221 3075 Quina
1255 2992 1336 3085 ipsa
1367 2993 1469 3062 intra

196 3134 311 3183 annos
339 3114 411 3183 133
440 3116 478 3183 31
506 3113 577 3183 636
607 3110 763 3183 fortasse
790 3113 941 3183 auctore
962 3134 989 3182 s.
1008 3109 1147 3183 Isidoro
1165 3110 1375 3205 Hispalensi
1393 3110 1468 3204 epi·

196 3253 304 3324 scopo
322 3231 544 3303 concinnata
561 3231 625 3319 sit,
654 3229 794 3303 codices
821 3229 900 3323 ejus
926 3232 1055 3301 tamen
1077 3230 1267 3302 saeculum
1284 3228 1370 3298 Vlll
1395 3252 1468 3299 non

196 3348 388 3422 excedunt.
430 3348 532 3422 11131
549 3372 639 3443 quos
658 3350 753 3421 forte
771 3348 1088 3442 praeclarissimus
1101 3347 1350 3421 Caesareus
1368 3346 1469 3417 Vin·

197 3467 469 3540 dobonensis
497 3471 580 3539 411
610 3468 655 3540 ol.
685 3470 731 3538 41
761 3468 889 3558 (antea
915 3466 1183 3539 Ambrasianus
1212 3469 1317 3558 281),
1353 3489 1470 3538 mem·

196 3585 400 3659 branaceus
426 3586 486 3659 fol.
515 3610 613 3659 max.
642 3586 782 3658 ferinae
810 3586 984 3676 3141131.
1014 3588 1213 3658 310-314
1241 3589 1369 3658 autem
1395 3586 1472 3657 alia

197 3704 267 3777 etsi
286 3705 443 3799 antiqua
460 3728 576 3776 manu
594 3705 754 3798 adjecta)
781 3704 918 3777 litteris
936 3705 1089 3778 cursivis
1108 3704 1271 3778 Gothicis
1298 3705 1469 3797 scriptus

196 3847 292 3917 quae
318 3824 509 3898 saeculum
518 3821 542 3912 ¹)
569 3821 655 3894 VHI
680 3824 737 3896 vel
764 3822 814 3893 lX
845 3824 1074 3913 (13131033.
1103 3823 1264 3913 31331)
1291 3824 1469 3896 referunt.

197 3940 394 4016 Saeculum
419 3941 471 4012 lX
497 3943 613 4014 etiam
631 3942 701 4014 sibi
727 3943 920 4037 postulant
938 3942 1190 4016 Vaticanus
1212 3946 1326 4031 1341,
1354 3967 1471 4015 mem·

197 4061 401 4134 branaceus
429 4060 489 4133 fol.
516 4085 613 4134 max.
641 4063 783 4134 somnae
805 4065 893 4149 188,
921 4061 984 4154 qui
1011 4085 1097 4135 cum
1114 4061 1321 4134 Constantii
1340 4061 1471 4134 codici·

196 4179 265 4250 bus
299 4179 377 4272 ejus
410 4180 576 4252 familiae
609 4182 719 4274 plane
751 4180 966 4267 concordat,
1000 4182 1038 4252 et
1064 4178 1319 4254 Vaticanus
1353 4183 1468 4250 ,1127

197 4299 502 4372 membranaceus
529 4298 701 4371 foliorum
732 4302 819 4388 165,
854 4299 917 4392 qui
950 4298 1059 4370 simul
1091 4300 1130 4371 in
1157 4300 1264 4372 initio
1289 4298 1472 4392 quasdam

197 4417 352 4489 notitias
384 4418 578 4492 historicas
611 4418 747 4491 saecuh
779 4414 863 4507 Dc)
898 4417 1061 4510 praebet.
1121 4417 1354 4491 Johannes
1386 4417 1471 4491 Ba·

201 4588 338 4596 .-—----
345 4589 363 4593 --
403 4587 478 4594 ,-

268 4669 287 4735 ¹)
304 4667 442 4722 11113141
460 4666 532 4737 sigla
549 4666 684 4738 epistolae
702 4669 838 4721 somratae
856 4666 965 4737 graecis
983 4666 1127 4722 elementis
1143 4666 1334 4737 producuntur
1350 4667 1380 4721 in
1397 4667 1472 4721 hunc

198 4752 323 4806 modum:
343 4752 422 4807 ΠΤΑ
437 4765 441 4821 Ι
457 4756 484 4806 Π
500 4754 504 4818 Ι
519 4751 556 4806 ΒΙ
574 4751 612 4805 IN
627 4753 632 4814 Ι
647 4751 752 4805 AMHN
767 4754 772 4817 Ι
786 4750 1002 4819 cccxxxvii.
1031 4751 1119 4816 Quam
1137 4750 1379 4806 ultimamlineam
1391 4752 1471 4806 Lam·

199 4835 293 4891 bacina
310 4853 361 4907 pro
380 4852 496 4892 numero
515 4835 581 4890 anni
599 4852 717 4901 11111313,
736 4835 860 4890 codicem
878 4837 1006 4891 nostrum
1018 4842 1099 4908 1736
1118 4837 1262 4890 exaratum
1281 4853 1340 4890 esse
1358 4835 1448 4906 ponit.

265 4925 286 4977 ²l
306 4921 418 4977 Scilicet
435 4922 453 4974 1.
471 4928 480 4974 1
501 4922 573 4975 3131
595 4924 717 4975 :Vetilium
737 4926 926 4988 provinciaram
949 4927 1189 4982 ecclesiasticarum,
1217 4925 1239 4986 f.
1256 4926 1349 4975 9-10
1368 4925 1469 4976 Catale-
