3204 5506
240 111 303 175 486
712 124 740 171 s.
758 121 898 170 oaunsu
922 119 1034 167 eneae

240 281 373 364 patitur,
397 277 597 362 subrogabis,
628 280 663 341 ut
689 277 777 341 locus
800 273 1011 360 processionis
1036 272 1263 337 celeberrimus
1284 271 1323 336 ad
1343 266 1534 356 mysteri&

242 403 312 445 rum
335 379 610 446 consecrationem
632 402 692 444 nec
715 378 879 443 sacerdote
901 376 1048 461 indigeat
1068 397 1130 441 nec
1151 372 1312 440 ministro.

706 546 987 652 Fragmentum
1014 548 1048 629 6.

612 691 644 740 tt
663 689 833 739 Grumentinis
851 689 982 737 (lineorum
1001 694 1141 740 consecret.
1575 694 1595 747 p.

396 805 585 869 Gelasius
609 804 756 870 Sabino
779 804 977 888 episcopo.

328 924 484 999 Quartum
506 925 706 988 defensorem
729 923 898 987 diaconum
921 922 1051 986 sibimet
1073 921 1256 986 consecrari
1278 919 1581 1005 populosa-:11-

242 1027 407 1090 ment-inae
430 1027 569 1091 civitatis
592 1026 745 1111 exposcit.
791 1025 888 1089 Hunc
911 1046 1005 1109 ergo,
1040 1025 1067 1088 si
1095 1023 1142 1087 nil
1170 1027 1221 1088 est
1248 1023 1332 1108 quod
1354 1022 1417 1107 ejus
1436 1033 1583 1107 per·

243 1150 340 1192 sonae
363 1130 466 1213 possit
480 1129 610 1212 opponi,
634 1129 773 1192 diaconii
788 1129 994 1212 provectione
1009 1127 1190 1191 decorabis:
1213 1130 1251 1190 ut
1264 1126 1390 1190 noverit
1401 1128 1479 1188 tam
1518 1138 1585 1181 ⁴211

243 1231 372 1294 dilectio
400 1234 472 1313 tua,
510 1231 571 1294 hoc
602 1252 635 1294 sc
664 1230 887 1315 delegantibus
915 1228 1007 1293 nobis
1035 1229 1165 1313 exsequi
1194 1227 1369 1293 visitatoris
1394 1225 1467 1293 offic
1500 1220 1586 1303 jo,

244 1354 309 1395 non
332 1335 494 1416 potestate
517 1332 638 1416 proprii
661 1333 845 1396 sacerdotis,

708 1503 989 1605 Fragmentum
1017 1503 1050 1583 7.

263 1642 419 1706 Corripitur,
440 1645 508 1708 quod
522 1618 601 1707 popu·
613 1645 754 1693 inconsulto
770 1643 806 1691 ud
823 1644 964 1692 concitatum
981 1641 1165 1706 pnasecdoncnc
1182 1648 1268 1705 paret.
1296 1641 1338 1691 De
1352 1641 1575 1697 reuerent-ia,
1589 1652 1601 1704 p

656 1744 720 1792 puae
738 1729 830 1778 diuinis
848 1729 973 1792 mysteriis·
992 1727 1106 1780 debetur.

397 1844 582 1907 Gelasius
606 1843 766 1927 Elpidio
788 1844 976 1928 episcopo
997 1841 1280 1907 Volaterrano.

333 1966 359 2027 l.
398 1965 466 2037 Quo
495 1986 589 2044 ausu,
621 1986 682 2046 qua
710 1963 892 2027 temeritate
921 1963 1069 2026 rescribis
1092 1961 1317 2047 Ravennam)
1345 1967 1379 2028 te
1406 1983 1573 2047 parare

246 2064 416 2148 proficisci,
441 2087 538 2148 quum
555 2087 693 2128 canones
702 2065 727 2149 ²)
744 2064 908 2128 evidenter
923 2063 1126 2148 praecipiant
1147 2063 1274 2128 nullum
1296 2066 1427 2129 omnino
1439 2085 1568 2149 pon·

246 2165 365 2229 tifiecm
388 2167 451 2229 nisi
474 2167 566 2230 nobis
590 2168 700 2250 antei)
724 2166 800 2229 visis
829 2170 925 2251 atquc
954 2166 1109 2231 consultis
1132 2166 1172 2229 ad
1196 2166 1385 2231 comitatrun
1405 2167 1567 2231 debere

248 2268 457 2331 contendere!
492 2269 582 2343 (laod
597 2291 694 2352 quum
710 2268 858 2352 longaevi
881 2267 930 2332 vel
947 2272 1053 2332 aetate
1075 2268 1125 2332 vel
1148 2268 1269 2332 honore
1283 2268 1493 2353 pontifioe5‚
1535 2266 1563 2328 id

247 2372 296 2431 est
317 2368 538 2451 Pistorieusis‚
573 2369 725 2433 Lucensis
749 2374 781 2433 et
803 2369 994 2453 chulanus,
1025 2393 1128 2455 nuper
1150 2373 1373 2436 monstrentur
1393 2370 1560 2447 fecisse,

247 2472 293 2552 tu,
317 2471 371 2554 qui
388 2493 562 2554 paucorum
577 2471 700 2535 dierum
718 2473 811 2557 fungi
827 2473 1005 2537 sacerdotio
1020 2472 1147 2555 videris,
1171 2472 1437 2556 quemadmodum
1481 2467 1559 2533 tibi

247 2575 341 2656 putas
364 2572 479 2655 licere,
508 2574 590 2657 quod
614 2574 794 2656 nonlicet,
829 2575 892 2638 uisi
916 2575 999 2658 quod
1021 2574 1082 2638 hoc
1104 2575 1211 2639 officio
1234 2595 1344 2640 carere
1371 2574 1558 2650 festinas,

248 2676 343 2759 quo⁴)
366 2678 398 2739 te
421 2675 471 2738 his
494 2676 674 2739 excessibus
697 2676 838 2740 ostendis
860 2676 1055 2760 indignum?

333 2778 363 2841 ἱ).
401 2776 614 2842 sacrosancta
638 2778 761 2862 religio,
785 2801 866 2862 quae
889 2777 1080 2842 catholicam
1102 2781 1194 2843 tenet
1210 2778 1425 2864 disciplinam,
1466 2777 1559 2839 aar·

248 2883 313 2943 tam
337 2879 398 2942 sibi
420 2880 632 2943 reverentiam
656 2880 814 2963 vindicat,
853 2884 889 2944 ut
916 2881 954 2944 ad
983 2903 1053 2944 cam
1082 2879 1218 2964 quilibet
1245 2881 1310 2946 nisi
1336 2902 1418 2966 pura
1461 2894 1559 2941 eon·

248 2980 383 3043 scicntia
405 3004 471 3044 non
494 2981 610 3044 aruleat
631 2983 808 3064 pervenire.
854 2982 939 3048 Nam
961 2985 1116 3066 quomodo
1124 2985 1151 3066 ⁵)
1179 2983 1221 3048 ad
1248 2982 1351 3048 divini
1377 2972 1558 3068 mysfssll

248 3082 522 3146 consecrationem
547 3083 692 3147 coelestis
716 3084 854 3167 Spiritus
875 3085 1042 3149 invocatus
1065 3085 1225 3168 adveniet,
1255 3085 1283 3149 si
1306 3086 1509 3161 succidua,
1536 3075 1559 3137 ‘l

247 3185 301 3266 qui
325 3205 396 3246 eum
420 3185 528 3247 adesse
551 3185 752 3269 depreeatur,
777 3186 955 3251 criminosis
978 3186 1092 3271 plenus
1112 3186 1294 3252 actionibus
1310 3172 1558 3273 reprobem?

266 3477 280 3524 7
319 3475 336 3537 ¹)
356 3472 390 3536 0²
408 3480 444 3527 ud
462 3478 616 3537 linaearum,
634 3474 663 3526 iu
681 3491 737 3540 qua
754 3472 884 3526 nimirum
903 3474 970 3527 urbe
990 3473 1156 3528 Theodorici
1174 3475 1249 3545 regis
1267 3476 1333 3531 arula
1350 3478 1418 3531 erat.

315 3559 336 3619 ²)
355 3556 425 3611 Vide
444 3577 519 3613 conc.
539 3560 667 3613 Antioch.
688 3566 768 3625 cll,
788 3559 892 3613 Sardic.
914 3578 935 3612 c.
951 3565 982 3612 27
997 3560 1025 3612 et
1037 3566 1083 3625 28,
1102 3559 1204 3613 Zosimi
1222 3578 1315 3631 papae
1329 3560 1408 3632 epist.
1427 3564 1443 3612 1
1485 3552 1544 3607 lli·

247 3639 336 3693 Hilari
355 3641 435 3710 epist.
456 3650 470 3696 7
489 3662 514 3696 n.
534 3650 550 3697 4
568 3654 597 3697 ct
615 3645 759 3711 vulgatum
778 3643 902 3697 codicem
921 3643 985 3697 eccl.
1006 3643 1089 3697 Afric.
1110 3661 1170 3714 cap.
1193 3651 1250 3700 106.

316 3727 336 3792 ³)
355 3730 393 3779 c¹⁰
411 3728 515 3782 omittit
526 3740 595 3784 ante.
613 3728 733 3796 Moxque.
746 3729 764 3781 Z
779 3728 881 3782 delevit
899 3735 1051 3798 quodquam
1068 3736 1228 3799 loupeeor'-
1239 3737 1348 3795 viderie,
1365 3726 1440 3801 quod
1480 3734 1532 3772 “²¹¹

247 3810 381 3864 Romanis
399 3813 602 3867 correctoribus
621 3831 654 3867 cx
676 3813 830 3882 Polycarpo
849 3814 866 3866 l.
885 3814 897 3866 l
915 3815 936 3867 t.
957 3819 986 3866 17
1005 3814 1034 3867 ct
1051 3813 1113 3869 aliis
1131 3815 1331 3872 revocavimus.
1366 3805 1530 3871 lbidcflfl
1599 3815 1602 3866 l

248 3905 286 3948 est
305 3913 338 3949 ex
356 3896 390 3948 X'
410 3896 575 3951 addidimus.

315 3983 336 4047 1“)
355 3980 429 4033 Editi
448 3988 516 4050 quod
534 3983 562 4049 (Z
583 3985 641 4051 quo)
661 3988 699 4035 lu'r
717 3987 864 4036 excessibus
883 3995 915 4035 le.
1509 4054 1513 4062 Ι

316 4068 336 4121 5l
355 4064 460 4134 Supplo
478 4072 504 4119 in
521 4071 692 4121 celebratione
715 4072 853 4122 divinornm
875 4075 1059 4137 mysteriorum,
1097 4071 1228 4134 Quamvis
1245 4074 1340 4128 autem
1356 4054 1514 4141 hujmffldl

249 4152 415 4216 argumento
433 4152 554 4218 probare
573 4153 680 4207 soleant
699 4155 727 4206 ct
744 4153 792 4207 alii
810 4155 917 4223 patres,
936 4172 1020 4221 quam
1032 4155 1188 4211 neccssaria
1198 4155 1236 4211 aa
1247 4153 1513 4213 mantuanum·

249 4231 342 4299 ditias,
365 4251 504 4302 quamque
527 4237 691 4303 absurdum,
714 4237 849 4308 Spiritum
866 4241 992 4293 stinctum
1015 4241 1103 4295 abeo
1125 4239 1263 4308 invocari,
1285 4240 1332 4310 qui
1350 4240 1423 4311 lpum
1462 4234 1513 4277 ¹²⁰⁹

247 4315 390 4383 habuerit;
412 4336 468 4372 non
485 4318 642 4375 inficiantur
659 4323 766 4390 tamen,
785 4323 918 4393 Spiritum
936 4327 1061 4380 sanctum
1079 4324 1239 4381 invocatum
1257 4326 1362 4392 masa,
1378 4320 1439 4391 qul*
1474 4317 1515 4391 Ψ

249 4398 328 4452 nistri
346 4402 443 4457 vitium
461 4406 572 4473 supplet
591 4406 727 4471 Christus,
746 4410 822 4477 cujus
841 4409 951 4464 nornine
969 4410 1027 4465 sinc
1045 4427 1063 4465 a
1080 4411 1161 4466 bonis
1179 4410 1237 4467 sive
1254 4429 1272 4467 a
1288 4409 1363 4467 mli
1374 4390 1517 4462 w
1598 4439 1602 4450 ¹

249 4500 328 4539 sacra
345 4487 478 4555 mysteria
495 4493 676 4560 peraguntur.
