3204 5506
557 381 729 432 11111111
752 370 824 429 125.
1272 362 1333 426 937

151 541 306 625 Liber¹⁶),
329 538 385 625 qui
406 538 587 623 appellatur
608 536 850 601 Testamentum
871 534 951 618 Job,
976 534 1185 619 apocryphus.
1344 537 1463 608 (1111.)

150 645 261 728 Liber,
285 644 340 729 qui
363 641 542 727 appellatur
564 639 768 704 Poenitentia
791 638 956 723 Origenis,
982 635 1192 721 apocryphus.

150 749 254 831 Liber,
279 747 334 832 qui
349 745 529 830 appellatur
544 742 749 807 Poenitentia
762 740 784 805 J
785 762 878 804 amne
894 744 927 804 et
941 739 1096 821 Mambre,
1120 737 1331 823 apocryphus.

150 851 260 934 Liber,
285 850 338 934 qui
362 847 542 933 appellatur
564 845 671 911 Sortes
694 843 925 929 apostolorum,
950 840 1160 927 apocryphus.

150 953 261 1035 Liber,
285 952 337 1036 qui
361 950 542 1034 appellatur
563 947 622 1012 Jus
633 948 669 1032 ¹⁷)
693 946 923 1031 apostolorum,
948 942 1158 1029 apocryphus

150 1056 260 1137 Liber,
285 1054 338 1138 qui
362 1052 542 1138 appellatur
564 1050 711 1116 Canones
735 1048 965 1133 apostolorum,
989 1046 1201 1132 apocryphus.

150 1158 246 1222 Liber
267 1155 494 1240 Physiologus,
525 1153 566 1217 ab
593 1151 764 1216 haereticis
788 1152 987 1233 conscriptus
1009 1151 1042 1212 et
1063 1149 1149 1213 beati
1171 1148 1334 1213 Ambrosii

63 1261 196 1326 nomine
217 1259 457 1344 praesignatus,
483 1257 692 1340 apocryphus.

153 1364 202 1426 ll.
239 1360 384 1424 Historia
405 1358 536 1423 Eusebii
558 1356 720 1441 Pamphili
742 1355 936 1442 apocrypha.

151 1461 312 1549 Opuscula
334 1461 525 1525 Tertulliani
547 1460 740 1545 apocrypha.

151 1564 314 1650 Opuscula
336 1562 498 1628 Lactantii
521 1561 714 1647 apocrypha.

151 1666 314 1751 Opuscula
335 1665 483 1728 Africani
506 1664 699 1749 apocrypha.

151 1767 314 1854 Opuscula
335 1767 534 1832 Postumiani
559 1765 749 1851 apocrypha.

151 1870 313 1956 Opuscula
334 1869 499 1951 Montani,
527 1868 692 1933 Priscillae
714 1871 747 1932 et
769 1867 964 1933 Maximillae
987 1866 1180 1953 apocrypha.

151 1972 313 2058 Opuscula
335 1972 445 2035 Fausti
467 1970 648 2035 Manichaei
672 1972 864 2055 apocrypha.

150 2075 312 2160 Opusonla
334 2073 553 2139 Commodiani
576 2073 769 2158 apocrypha.

150 2177 314 2263 Opuscula
336 2176 467 2241 alterins
490 2175 664 2241 Clementis
686 2175 898 2240 Alexandrini
922 2176 1115 2260 apocrypha.

150 2278 311 2366 Opusoula
333 2279 440 2344 'Pascii
462 2278 614 2364 Cypriani
637 2276 830 2362 apocrypha.

151 2381 313 2468 Opuscula
335 2381 472 2445 Arnobii
495 2381 687 2465 apocrypha.

151 2484 313 2569 Opuscula
335 2483 458 2548 Ticonii
482 2481 674 2568 apocrypha.

150 2585 313 2671 Opusoula
335 2585 481 2651 Cassiani
504 2585 681 2670 presbyteri
705 2585 877 2651 Galliensis
900 2584 1093 2670 apocrypha.

150 2688 314 2775 Opuscula
335 2687 495 2752 Victorini
518 2687 731 2753 Pietabiensis
754 2688 946 2772 apocrypha.

150 2791 312 2876 Opuscula
334 2790 445 2854 Fausti
467 2789 637 2876 Regiensis
661 2790 836 2856 Galliarum
861 2789 1055 2876 apocrypha.

150 2894 312 2978 Opuscula
334 2892 500 2957 Frumenti
523 2892 616 2958 Caeci
640 2892 832 2978 apocrypha.

151 2995 310 3061 Centones
333 2994 372 3058 de
394 2994 535 3077 Christo,
560 2995 751 3079 Virgilianis
774 2996 1007 3081 compaginati,
1032 2994 1215 3079 apocryphi.

153 3097 202 3161 12.
247 3096 393 3182 Epistola
415 3096 493 3161 Jesu
516 3099 555 3161 ad
578 3098 745 3182 Abgarum
768 3097 960 3181 apocrypha.

149 3199 297 3284 Epistola
319 3199 443 3283 Abgari
466 3199 506 3263 ad
528 3199 639 3264 Jesum
662 3198 853 3283 apocrypha.

149 3301 262 3366 Passio
284 3300 404 3376 Quirici
426 3304 459 3366 et
479 3301 600 3367 Julitae
623 3300 815 3386 apocrypha.

149 3403 261 3468 Passio
284 3403 415 3490 Georgii
438 3402 630 3488 apocrypha.

150 3504 332 3590 Scriptura,
356 3528 437 3590 quae
460 3505 641 3590 appellatur
662 3505 840 3570 Salomonis
863 3506 1064 3590 interdicti0,
1088 3506 1281 3592 apocrypha.

151 3609 201 3674 13.
238 3607 432 3672 Philacteria
455 3608 572 3691 omnia,
597 3630 678 3692 quae
700 3631 766 3671 non
789 3609 986 3693 angelornm,
1010 3610 1046 3672 ut
1067 3608 1115 3672 illi
1132 3609 1332 3693 confingunt,

58 3712 119 3777 sed
142 3711 333 3775 daemonum
355 3711 458 3796 magis
482 3711 663 3795 conscripta
685 3714 761 3775 sunt
782 3711 981 3794 nominibus,
1006 3710 1199 3795 apocrypha.

149 3811 239 3878 Haec
268 3815 300 3876 11
321 3813 372 3877 his
394 3813 526 3896 similia,
555 3835 636 3897 qnae
659 3812 768 3878 Simon
791 3812 922 3898 Magus,
952 3812 1121 3895 Nicolaus,
1150 3812 1332 3899 Cerinthus,

59 3915 226 3998 Marcion,
251 3914 424 3997 Basilides,
448 3915 570 3998 Ebion,
594 3915 713 3979 Paulus
736 3916 833 3980 etiam
856 3916 1098 3998 Samosatenus,
1123 3915 1279 3982 Photinus
1302 3920 1334 3981 et

59 4018 226 4099 Bonosus,
261 4017 314 4102 qui
338 4017 433 4081 simili
457 4039 561 4082 errore
585 4018 785 4102 defecerunt,
820 4017 994 4082 Montanus
1017 4039 1141 4102 qnoque
1168 4041 1240 4083 cum
1269 4020 1334 4084 suis

61 4119 321 4185 obscoenissimis
343 4119 540 4204 sequacibus,
564 4121 794 4205 Appollinaris,
811 4119 1013 4203 Valentinus,
1038 4120 1104 4184 sive
1125 4119 1334 4186 Manichaeus

61 4222 202 4286 Faustus
236 4221 428 4304 AfricanuS,
470 4219 643 4305 Satellius,
683 4224 797 4305 Arius,
838 4223 1060 4305 Macedonius,
1094 4220 1332 4308 1111111118),

59 4323 238 4405 Novatius,
269 4321 456 4403 Sabbatius,
487 4322 654 4408 Callistus,
697 4324 861 4406 DonatuS,
891 4324 1099 4406 Eustathius,
1129 4323 1331 4408 Joviniauus,

60 4424 229 4510 Pelagius,
262 4424 411 4489 Julianus
440 4425 647 4510 Eclanensis,
686 4426 900 4511 Coelestinus,
936 4426 1167 4511 Maximianus,
1205 4427 1333 4492 Priscil-

58 4527 170 4592 lianus
193 4527 233 4590 ab
255 4526 425 4611 Hispania,
449 4527 616 4592 Nestorius
640 4528 1026 4614 Constantinopolitanus,
1055 4530 1215 4595 Maximus
1238 4528 1333 4614 Cyni·

131 4681 164 4748 ¹⁶)
182 4679 268 4735 Deest
284 4681 313 4733 in
331 4681 371 4747 J0,
390 4697 474 4748 quum
492 4680 520 4734 11
538 4680 599 4735 aliis
617 4682 744 4737 habetur.

132 4767 164 4833 ¹⁷)
182 4765 226 4819 Ita
242 4765 271 4818 1².
301 4764 447 4831 11711111,
470 4765 688 4821 ι1111111111.
714 4769 1249 4838 11111111.1111(1111,1.1.111.66).
1287 4766 1333 4822 Se-

59 4850 180 4920 quentia
197 4850 231 4903 de
249 4854 386 4905 canonibus
404 4858 574 4919 apostoloram
593 4851 694 4907 desunt
710 4853 739 4907 in
753 4854 870 4924 exempl.
885 4853 976 4909 Gelas.

132 4937 164 5002 ¹⁸)
183 4934 209 4987 Je·
228 4935 290 4990 add.
311 4940 449 4998 01111111.
467 4937 602 5003 mendosa
619 4938 809 5002 antecedentis
828 4939 967 5008 repetitio.
