3204 5506
654 357 898 416 sc1sroua30.
1310 408 1312 412 a
1346 347 1408 414 441

215 523 256 587 7.
292 524 394 600 Quum
416 523 521 586 denuo
537 522 705 604 sedissent,
730 520 877 585 Gelasius
893 520 1060 604 episcopus
1076 519 1171 584 dixit:
1194 518 1316 603 „Sedes
1333 543 1407 603 apo·
1420 544 1445 582 a.
1456 532 1515 581 aaa.

143 624 255 689 stolica
287 624 429 710 quidem,
462 646 543 708 quae
573 623 701 689 Christo
734 621 872 687 Domino
907 609 1079 707 delegante
1108 622 1208 686 totius
1241 622 1406 686 Ecclesiae

144 725 261 793 retinet
281 727 508 815 principatum,
537 747 595 810 pro
622 724 862 809 dispensatione
885 746 1021 808 curaque
1043 725 1197 808 generali,
1233 746 1329 808 quam
1356 724 1406 789 vel
1514 708 1521 722 ⁸

146 847 196 909 pro
217 828 283 893 fide
305 828 464 894 catholica
493 828 544 892 vel
570 849 628 912 pro
653 826 798 911 paternis
832 827 1008 890 canonibus
1036 826 1216 911 regulisque
1249 827 1407 911 majorum

146 931 320 996 necesaria
341 951 467 1015 semper
483 929 768 1014 circumspectione
782 928 945 1012 dependit,
969 928 1128 992 Misenum
1144 931 1239 1012 atque
1253 924 1405 1012 Vitalem,

147 1050 222 1112 quoa
244 1037 353 1098 contra
374 1031 599 1118 Eutychianae
620 1029 826 1115 pestilentiae
848 1032 1021 1095 sectatores
1050 1031 1100 1094 vel
1124 1035 1236 1095 contra
1258 1054 1322 1115 eos,
1352 1034 1406 1116 qui

146 1131 257 1198 talium
276 1157 309 1198 se
332 1134 556 1200 communione
578 1132 770 1218 polluerant,
795 1154 870 1197 suae
892 1133 1062 1217 potestatis
1082 1132 1246 1217 legatione
1261 1135 1407 1199 suffultos

136 1231 189 1294 'ad
209 1234 368 1302 Orientem
389 1236 509 1302 dudum
536 1235 595 1300 sub
618 1238 749 1299 sanctae
777 1235 949 1299 memoriae
971 1235 1135 1299 decessore
1161 1258 1232 1299 meo
1260 1237 1406 1320 praesule

146 1329 327 1422 destinarat,
355 1338 439 1422 quod
468 1336 643 1423 apostolica
672 1341 845 1421 praecepta
866 1337 1066 1401 declinantes
1088 1337 1231 1421 quolibet
1256 1338 1350 1402 modo
1372 1339 1406 1403 in

148 1453 260 1523 eorum,
287 1440 456 1506 adversum
478 1462 556 1524 quos
585 1440 676 1504 missi
703 1439 844 1522 fuerant,
875 1439 1038 1504 consortia
1065 1439 1270 1528 recidissent,
1306 1440 1388 1525 gest'

147 1541 344 1616 synodalibus
367 1564 474 1608 rerum
495 1542 692 1606 discussione
713 1541 889 1626 patefacta,
915 1541 1136 1605 communione
1158 1541 1280 1626 pariter
1298 1546 1331 1608 et
1352 1542 1407 1607 ho-

147 1653 227 1705 nore
247 1645 357 1710 merito
381 1645 516 1729 jureque
544 1643 714 1711 submovit.
759 1643 881 1719 Quibus
908 1647 1018 1723 tamen
1040 1643 1277 1732 misericordiae
1303 1645 1408 1709 locum

147 1755 261 1808 memor
285 1768 442 1832 supernae
470 1746 603 1831 pietatis
630 1768 688 1830 pro
717 1768 774 1809 suo
801 1745 1019 1810 moderamine
1046 1746 1236 1829 reservavit,
1272 1752 1305 1811 et
1331 1748 1407 1811 dum

149 1845 355 1912 conditionem
377 1848 486 1932 posuit
506 1848 648 1931 ultionis,
679 1869 768 1932 spem
794 1848 899 1911 noluit
919 1848 1158 1931 propitiationis
1181 1848 1318 1913 abscidi:
1347 1851 1406 1914 sic-

147 1957 210 2020 que
229 1969 310 2014 suam
340 1950 534 2014 sententiam
561 1949 768 2034 temperavit,
796 1953 834 2013 ut
859 1950 994 2013 istorum
1022 1951 1149 2014 veniam
1179 1973 1251 2014 cnm
1279 1952 1406 2015 illorum

148 2044 252 2114 mallet
277 2051 379 2115 salute
407 2053 587 2135 provenire,
611 2073 746 2136 quorum
772 2051 903 2115 fuerant
929 2051 1178 2135 participatione
1200 2053 1337 2137 decepti,
1368 2076 1407 2117 ac

149 2147 248 2219 potius
268 2154 461 2237 praeberent
479 2154 535 2236 eis,
560 2154 686 2239 quos¹⁵)
709 2177 766 2217 suo
781 2154 989 2216 finnaverarrt
1004 2154 1038 2217 in
1054 2154 1214 2236 pravitate
1237 2156 1404 2238 consensu,

149 2244 178 2303 ti
192 2251 345 2319 salubrem
361 2256 620 2340 correptionisffl)
637 2260 756 2320 metum
772 2259 805 2318 et
827 2255 1059 2319 emendationis
1081 2256 1257 2320 imitandae
1281 2280 1406 2321 consor-

148 2340 233 2446 ·fissm.
275 2356 421 2441 Denique
449 2358 496 2422 sic
523 2358 594 2442 ipsa
621 2357 907 2422 animadversionis
929 2358 1027 2421 verba
1050 2357 1167 2422 librata
1194 2363 1279 2442 sunt,
1310 2364 1346 2424 ut
1372 2383 1406 2424 se
1446 2393 1447 2399 κ

145 2438 187 2506 ¹ffi
212 2458 429 2523 cicunias
451 2460 614 2543 perculsos
637 2459 851 2542 adverterent,
881 2464 913 2523 et
943 2482 981 2522 ex
1005 2482 1113 2524 corum
1136 2461 1318 2525 conditione
1339 2483 1407 2525 non

142 2537 323 2624 diffiderent
344 2582 437 2645 posse
460 2561 587 2625 salvari.
622 2562 661 2625 ln
683 2583 745 2646 quo
767 2561 877 2645 utique
900 2564 933 2624 et
954 2561 1004 2626 his
1026 2584 1093 2626 non
1116 2566 1165 2627 est
1187 2564 1219 2627 in
1236 2568 1340 2628 totum
1354 2564 1406 2628 via

135 2656 305 2755 &seclusa
333 2663 508 2746 remeandi,
539 2667 572 2727 et
593 2664 668 2747 illis,
698 2663 725 2726 si
747 2650 891 2745 mallent,
921 2687 978 2747 per
1001 2664 1078 2728 istos
1102 2670 1151 2730 est
1172 2666 1282 2730 oblata
1305 2689 1406 2731 corre·
1441 2675 1443 2678 ‘

131 2742 208 2834 ⁰²¹0,
243 2765 443 2850 studiumque
465 2771 662 2850 porrectum,
693 2788 754 2850 quo
775 2768 901 2848 possint
922 2766 1053 2830 meliore
1076 2771 1193 2831 conatu
1215 2769 1406 2852 praeteritos

124 2857 345 2941 ⁰⁰¹¹lpensare
367 2867 545 2951 prolapsus,
569 2868 596 2930 si
617 2868 770 2949 favorem,
794 2890 888 2953 quem
910 2869 1220 2952 praevaricatoribus
1242 2870 1330 2933 facili
1355 2894 1406 2933 vo-

126 2956 265 3032 untsste
287 2968 481 3046 detulerunt,
512 2969 545 3033 in
568 2970 829 3033 reformationem
857 2969 1087 3034 catholicorum
1115 2971 1220 3055 potius
1243 2976 1405 3036 converte·
1454 3053 1455 3056 Ἴ

110 3052 199 3117 ΓθΠῐ
231 3071 492 3156 sacerdotumfl).
960 3075 971 3089 “

214 3168 253 3234 8.
298 3171 429 3249 Dictum
452 3178 502 3237 cst
523 3171 620 3255 enim,
650 3180 766 3238 tamdiu
788 3181 859 3237 istos
877 3178 951 3250 sore
972 3196 1138 3254 suspensos,
1164 3181 1260 3239 donec
1282 3188 1407 3240 auctore

151 3273 182 3367 ξ’
226 3285 260 3336 et
287 3281 399 3339 adnisa
427 3281 646 3340 catholicorum
668 3283 847 3356 principum
876 3283 922 3340 vet
943 3283 1055 3355 populi
1086 3282 1253 3340 Christiani
1274 3284 1405 3342 Alexarc-

100 3340 230 3432 irffla
254 3381 433 3441 catholicam
444 3377 481 3462 ¹⁸)
497 3378 683 3442 saceraotem
698 3386 858 3458 recepisset
873 3385 1008 3442 ccclesia.
1034 3377 1268 3442 Gratulandum
1283 3378 1407 3444 scilicet

100 3456 331 3560 'sederam
355 3478 444 3542 nullo
466 3479 559 3542 modo
575 3479 714 3544 Graecos
736 3503 802 3543 non
824 3502 916 3564 posse
931 3501 1075 3563 renuere,
1099 3481 1182 3564 quod
1204 3480 1350 3546 viderent
1366 3482 1407 3546 ab

100 3592 234 3640 N

193 3721 240 3799 ¹⁵)
257 3733 300 3786 lta
317 3731 351 3786 Gt
365 3733 414 3800 Ni,
433 3737 460 3787 a¹
479 3753 542 3802 qaas
552 3754 625 3791 suos,-
643 3733 718 3796 missi
731 3752 761 3788 re
772 3734 835 3802 ipsa
847 3734 957 3787 fucrant
968 3733 1067 3788 Vitalis
1081 3736 1109 3787 ct
1120 3734 1255 3801 Misenus,
1275 3740 1305 3789 nt
1316 3740 1345 3790 ct
1357 3739 1406 3792 Pc-

100 3787 201 3904 {3¹3¹
233 3816 400 3872 Alexandria
417 3817 563 3887 ejicerent,
582 3820 611 3872 et
622 3819 753 3873 Acacium
771 3819 807 3873 ad
825 3817 972 3873 dicendam
984 3835 1095 3873 causam
1107 3818 1136 3872 in
1148 3821 1252 3874 Urbem
1264 3825 1404 3877 vocarent.

105 3865 206 3996 tum
235 3917 297 3955 vero
315 3901 392 3956 aliud
410 3902 572 3969 effecerunt,
595 3903 648 3956 nisi
671 3906 702 3957 ut
717 3904 746 3956 in
763 3903 904 3973 pravitate
923 3920 973 3956 sua
990 3899 1139 3973 utrumque
1157 3906 1313 3961 firmarent:
1335 3908 1406 3961 adeo

100 3980 103 3986 “
159 3960 265 4038 Petri
280 3985 462 4041 Alexandrini
479 4005 593 4055 nomen,
617 3989 692 4056 quod
710 3989 795 4042 antea
813 3989 883 4042 clam
906 3987 934 4040 in
952 3987 1038 4041 sacris
1057 3987 1195 4058 diptychis
1214 3990 1406 4046 Constantino-

100 4036 176 4183 ἒξ
217 4069 402 4138 recitabatur,
428 4076 492 4142 post
514 4090 610 4127 eorum
632 4073 782 4128 adventum
809 4073 902 4141 palam
929 4072 1096 4142 publiceque
1123 4073 1234 4129 recitari
1261 4076 1404 4145 coepisset.

138 4203 149 4214 ,
172 4154 200 4192 0
229 4156 256 4208 et
271 4155 300 4208 in
318 4173 443 4211 errorem
459 4156 565 4212 inducti
584 4157 685 4225 quique
698 4157 880 4227 simpliciores
892 4156 1099 4226 divulgantibus
1116 4158 1275 4225 haereticis,
1295 4161 1326 4212 ut
1338 4160 1406 4214 Eva-

100 4204 215 4368 ’ξιξ
235 4238 260 4293 b.
274 4257 297 4294 e.
354 4283 362 4307 ,
379 4248 413 4297 20
425 4243 455 4296 et
465 4249 496 4296 21
515 4243 616 4310 tradit,
639 4243 752 4297 Petrum
770 4259 788 4296 a
805 4242 933 4295 Ronlana
950 4242 1016 4296 sede
1034 4243 1062 4295 in
1081 4243 1304 4297 communionem
1322 4243 1406 4298 irrisae

214 4325 303 4392 ptum.

100 4460 108 4472 ,
197 4402 241 4475 ¹‘)
259 4414 433 4480 correptionis
452 4411 633 4478 correximus,
653 4411 727 4479 quod
745 4414 803 4469 fere
821 4427 931 4480 semper
950 4429 967 4465 a
984 4411 1124 4465 veteribus
1141 4411 1263 4466 librariis
1276 4430 1337 4465 cum
1350 4433 1405 4467 cor-

100 4468 253 4583 {fet-⁰¹¹⁶
264 4495 419 4565 promiscue
432 4499 564 4551 mutatur.
594 4496 714 4565 Moxque
733 4496 769 4550 Ν6
780 4515 917 4565 percussos
929 4502 1093 4550 aduerterent
1106 4517 1141 4550 ec
1152 4516 1245 4558 eoram,
1264 4499 1294 4551 et
1305 4497 1406 4552 deiude

176 4584 254 4632 ssata
269 4600 381 4648 pensare
396 4587 544 4650 prolapsas.

207 4659 241 4729 17)
256 4663 315 4719 Hoc
332 4666 387 4719 est:
406 4665 489 4720 adid
506 4667 599 4736 potius
618 4669 824 4735 converterent,
844 4669 874 4720 ut
891 4665 1014 4735 episcopi
1033 4665 1174 4733 catholici,
1193 4666 1241 4734 qui
1253 4667 1336 4735 ejecti
1348 4670 1405 4722 fue

100 4709 224 4809 ³³¹²,
239 4749 345 4804 sedibus
363 4749 419 4803 suis
437 4750 627 4806 redderentur.
646 4764 651 4779 “
1229 4819 1232 4826 ,

214 4830 243 4898 ¹⁸)
258 4833 293 4887 N⁴
304 4838 330 4889 0⁰
348 4840 472 4891 catholico
489 4843 626 4892 sscwdote
643 4844 770 4906 coepisset
789 4843 906 4892 Ecclesia
921 4843 1050 4905 prestulari
1066 4848 1094 4890 at
1110 4843 1215 4893 scilicet.
1248 4837 1282 4891 (³¹
1296 4839 1322 4892 a¹
1336 4838 1355 4891 b
1368 4841 1407 4903 e'sl

112 4887 285 4974 enomlicata
300 4926 461 4980 sacerdotem
478 4927 618 4991 recepisset
636 4927 763 4981 Ecclesia.
801 4928 983 4981 maurontum
1000 4928 1097 4977 scilicet
1114 4923 1168 4984 etc,
