3204 5506
613 382 786 432 ners'rona
812 375 860 431 15.
1311 371 1369 436 161

83 534 195 598 etiam
224 534 388 600 universis
413 526 622 618 presbyteris,
645 535 849 599 adstantibus
871 542 995 619 quoque
1017 536 1215 621 diaconibus,
1239 538 1370 605 Hilarus
1383 557 1478 606 utos.

83 636 268 721 episcopus
292 635 446 702 ecclesiae
468 637 645 703 catholicoe
670 637 757 701 urbis
780 636 902 701 Romae
924 639 1044 721 synodo
1068 639 1252 722 praesidens
1275 641 1370 706 dixit:

716 823 759 888 Π.

180 944 213 1008 2.
262 947 411 1020 Quoniam
432 950 592 1023 reliqiosus
612 954 720 1008 sancto
743 947 863 1023 Spiritu
889 958 1097 1024 conqreqante
1117 957 1280 1030 concordus
1301 952 1370 1012 lior·
1433 984 1436 993 ·

89 1057 199 1123 ἰσίαν,
241 1058 278 1111 ut
303 1036 499 1126 quaecunque
522 1067 582 1126 pro
611 1051 774 1125 disciplina
801 1052 1008 1111 ecclesiastico
1040 1055 1213 1112 neccssaria
1223 1048 1261 1131 16)
1287 1060 1369 1125 sunt,

89 1170 177 1213 cura
197 1153 393 1229 diliqcntiore
414 1140 587 1220 tractemus,
608 1155 637 1211 si
652 1153 766 1227 placet,
787 1150 917 1225 fratres,
941 1169 979 1210 ea
994 1170 1073 1227 quae
1088 1156 1132 1213 ad
1145 1156 1370 1215 ordinationum

91 1262 234 1315 tenorem
250 1257 415 1331 pertinent,
438 1258 536 1330 Juxta
563 1256 695 1329 diuinae,
708 1255 785 1328 lcqis
803 1261 973 1330 praecepta
1000 1262 1030 1314 et
1051 1255 1255 1316 Nicaenorum
1279 1273 1370 1316 cono

91 1373 169 1417 niati
190 1359 352 1427 constitida
373 1359 418 1416 ito
440 1358 609 1432 adjuvante
630 1357 759 1415 Domino
786 1357 817 1414 in
847 1373 933 1416 omne
960 1374 1064 1417 aeuum
1096 1375 1242 1418 mansura
1264 1359 1370 1416 solide-

89 1476 173 1534 mus,
203 1465 239 1519 ut
265 1460 345 1519 nulli
365 1457 422 1531 fas
442 1461 481 1519 sit
501 1460 567 1518 sine
586 1463 684 1518 status
711 1460 761 1517 sui
775 1460 915 1533 periculo
937 1460 984 1518 oet
1005 1460 1125 1519 divinos
1146 1463 1373 1520 constitutiones
1382 1459 1512 1514 sill-25

89 1563 142 1621 ael
156 1561 446 1637 apostolicaesedis
467 1561 591 1620 decreta
613 1567 780 1628 temeram
802 1563 876 1647 quia
898 1576 962 1632 nos,
987 1564 1040 1635 qui
1057 1557 1254 1640 potissimi¹⁷)
1270 1578 1370 1621 socer-
1406 1545 1451 1596 qu.
1465 1536 1486 1581 ¹·

90 1663 177 1722 dotis
203 1661 452 1722 administramus
474 1660 589 1736 ospicia,
620 1662 725 1721 talium
753 1666 1028 1736 trunsqressionum
1050 1665 1142 1739 ctdpa
1171 1667 1321 1739 respiciet,
1345 1666 1373 1723 si

89 1768 123 1824 in
154 1765 261 1824 causis
282 1762 341 1823 Dei
364 1764 482 1824 desides
500 1761 653 1835 fuerimus
679 1765 803 1838 inventi,
833 1765 905 1837 quio
932 1767 1127 1839 meminimus,
1160 1767 1242 1839 quod
1267 1767 1371 1824 timere

89 1867 249 1939 manus,
273 1867 406 1942 qualiter
426 1868 625 1926 comminetur
645 1866 793 1925 Dominus
808 1847 1011 1940 neqliqentiae
1031 1868 1233 1927 sacerdotum.
1271 1867 1371 1942 Siqui-
1398 1850 1495 1905 3²0⁰h·

89 1971 163 2031 dem
184 1975 278 2028 reatu
297 1971 416 2044 majore
439 1968 595 2043 delinquit,
625 1969 678 2041 qui
693 1969 811 2042 potiori
830 1968 945 2027 bonore
955 1967 1142 2044 perfruitur,
1173 1977 1202 2027 ct
1222 1926 1519 2052 qrot=iorne³³i3¹3⁷‚‡⁸„

84 2070 177 2145 socr't
198 2070 275 2130 aitia
291 2078 486 2146 peecatorum
511 2070 677 2130 sublimitas
699 2070 891 2143 diqnitotum.
937 2071 1109 2130 Cartendum
1130 2088 1204 2144 crqo
1225 2073 1371 2146 imprimis

87 2181 152 2243 est,
184 2188 228 2232 ne
247 2169 293 2230 od
312 2168 496 2253 socrotos¹⁸)
516 2173 649 2246 qrndus,
674 2174 753 2232 sicut
772 2174 862 2245 qestis
880 2173 1035 2247 prioribus
1056 2180 1127 2232 ante
1143 2175 1370 2248 praescriptam

85 2283 148 2343 est,
171 2277 346 2349 qaisquam
370 2276 425 2348 qui
443 2290 569 2334 aamcm
586 2290 648 2334 non
661 2276 808 2348 oirqinem
824 2276 924 2347 duait,
942 2277 1087 2350 adspiret.
1117 2269 1369 2353 depellendmffl)

87 2384 137 2437 est
164 2377 260 2436 mam
289 2377 422 2451 quisque,
458 2378 513 2450 qui
542 2378 573 2435 in
600 2377 754 2435 secundae
780 2378 888 2435 umoris
920 2378 1043 2451 nuptias
1068 2382 1179 2435 contra
1202 2377 1370 2453 apostolica

82 2485 266 2557 praecepta
286 2480 434 2538 convenit.
472 2478 569 2538 Inscii
587 2494 705 2552 quoque
718 2479 900 2551 litterarum,
925 2494 1040 2537 necnon
1063 2484 1092 2536 ct
1107 2479 1213 2552 aliquo
1227 2479 1369 2538 membro·

86 2598 160 2643 rum
182 2581 304 2640 danna
321 2570 469 2656 perpesse,
492 2586 522 2639 et
543 2581 585 2656 lei,
613 2582 668 2655 qui
687 2596 727 2639 ea
750 2580 972 2654 poenitentibus
994 2587 1073 2652 surrt,
1098 2581 1141 2638 ad
1161 2597 1266 2640 sacros
1288 2581 1370 2640 ordi-

85 2701 144 2743 nes
155 2683 329 2757 odspirare
342 2699 403 2742 non
418 2683 560 2742 audeant.
586 2681 725 2756 Quisquis
740 2683 844 2740 talium
859 2689 1054 2741 consecrator
1070 2684 1227 2755 exstiterit,
1249 2682 1370 2755 sacttrm

84 2803 178 2847 sirm
202 2779 320 2864 ἕρπω)
342 2785 495 2858 dissolvet,
518 2791 548 2842 et
569 2785 652 2858 quod
672 2785 818 2844 commisit
839 2785 944 2843 illicite
964 2790 1019 2842 aut
1040 2800 1060 2842 a
1082 2785 1288 2844 decessoribus
1309 2787 1371 2843 suis

84 2888 209 2948 inuenit
235 2885 417 2958 admissum,
447 2887 475 2944 si
500 2878 658 2960 proprium
683 2887 853 2960 periculum
881 2887 944 2976 nult
973 2888 1081 2958 nitore,
1113 2887 1270 2944 damnabit
1276 2905 1286 2952 ;
1316 2902 1371 2946 nos

85 2992 171 3050 enim
195 2990 231 3048 in
253 2988 339 3047 nullo
360 2988 494 3047 uolumus
514 2989 700 3047 severitatem
722 2989 843 3046 ultionis
865 3003 1019 3046 exercerc.
1058 2986 1121 3045 Sed
1141 2990 1195 3060 qui
1215 2990 1247 3046 in
1269 2990 1371 3047 causis

85 3093 147 3153 oei
164 3090 370 3152 wmumoct'a
390 3083 485 3167 oel²¹)
507 3091 616 3149 delicto
638 3089 814 3166 deliquerit,
844 3096 898 3148 aut
920 3091 984 3164 ipse
1005 3089 1088 3163 quod
1106 3105 1270 3163 perperam
1289 3088 1370 3160 sccit

84 3196 221 3256 dodae
239 3193 384 3264 noluerit,
408 3194 439 3251 in
461 3207 504 3266 se,
528 3193 677 3266 quidquid
698 3193 729 3251 in
742 3193 839 3268 plium
854 3207 914 3250 uon
930 3194 1087 3264 resecarit,
1112 3193 1248 3250 inueniet.
1286 3191 1372 3261 Ortod

84 3306 120 3357 ut
141 3297 298 3369 deinceps
319 3296 416 3368 possit
442 3296 578 3353 tenacius
605 3295 766 3366 custodiri,
795 3295 824 3351 si
840 3295 952 3369 placet,
976 3288 1123 3373 omncs-⁴²²)
1153 3295 1318 3351 sententias
1343 3301 1372 3351 et

82 3397 334 3472 nosenptimcs
348 3397 498 3471 proprias
519 3396 717 3471 commodate,
740 3402 773 3454 ut
792 3396 935 3471 synodali
947 3396 1069 3469 jttdt'cio
1091 3396 1193 3453 aditus
1206 3395 1372 3454 claudatur

82 3502 217 3562 illicitis·

155 3753 195 3819 ¹⁸)
213 3748 251 3802 In
269 3763 332 3800 mss.
346 3745 387 3800 10
405 3748 434 3801 cl
452 3745 533 3800 editis
552 3745 664 3800 additur
680 3752 836 3809 necessaria,
856 3746 932 3814 quod
950 3747 985 3799 nb
1004 3762 1066 3801 mss.
1086 3747 1112 3800 H
1130 3747 1217 3801 aliosi.

155 3839 194 3903 ¹⁴¹)
214 3832 269 3898 QZ
285 3837 455 3908 potentissimi
472 3834 534 3898 (cd
552 3829 581 3884 C.
595 3836 628 3884 25
645 3849 671 3898 q.
687 3834 720 3897 1).

154 3923 195 3989 ¹⁰)
214 3918 245 3972 h¹
260 3935 359 3971 meror.
382 3913 462 3981 Quod
474 3914 575 3969 deinde
592 3917 731 3969 memorat
745 3922 826 3983 qertir
843 3920 972 3984 prioribus
990 3927 1049 3969 ante
1066 3923 1263 3983 praescriptum.
1282 3914 1371 3969 Sin'cii

81 4020 184 4078 papae
203 4001 317 4073 episbl
336 4017 363 4054 n.
378 4007 417 4066 12,
434 4000 589 4053 Innoccnbii
601 4000 708 4069 spisse
726 4017 753 4054 n.
767 4008 792 4065 9,
810 4000 891 4068 epid.
905 4007 937 4054 ili
957 4007 1012 4053 nt
1030 4002 1060 4053 ab
1077 4000 1187 4069 saepius
1204 4001 1371 4053 inculcatum

81 4096 134 4148 est.
177 4088 262 4144 Num
280 4101 347 4139 vero
365 4084 414 4139 illu
431 4085 556 4150 decreta,
581 4101 616 4138 nn
635 4084 729 4154 priora
746 4085 807 4153 ejus
829 4084 915 4153 ipsius
934 4084 1044 4152 synodi,
1068 4102 1150 4153 qums
1170 4084 1371 4152 adloquebantur,

80 4180 134 4231 nub
152 4170 282 4229 alterius
300 4169 415 4239 abipso
433 4172 499 4223 nube
516 4168 631 4223 habilae
649 4173 730 4238 gesta
747 4169 831 4236 dicul,
849 4187 948 4239 purum
967 4170 1060 4238 liquet.

155 4262 194 4327 ¹⁹)
212 4256 255 4311 Ηίὶ
268 4255 306 4309 H'
318 4254 355 4308 Η*
373 4259 542 4323 depellendus
558 4259 634 4308 etiam
652 4260 742 4324 quique
760 4265 786 4308 tn
856 4261 1020 4310 convenerint
1038 4255 1086 4322 (H⁸
1103 4258 1269 4322 convenerit).
1295 4253 1370 4307 0¹0⁴

80 4347 251 4418 depellendi
266 4351 327 4395 sunl
344 4346 418 4396 etiam
436 4346 528 4411 quique
545 4345 572 4393 in
647 4351 824 4394 conuenerunt.

152 4432 193 4498 ¹¹)
212 4429 242 4483 θ’
252 4424 467 4480 denominant
478 4431 542 4494 ipre.
568 4422 656 4477 Iidem
669 4440 733 4477 mox
745 4427 800 4478 Sed
811 4434 835 4477 el
847 4431 916 4494 quod
932 4426 963 4487 (i²
976 4428 1150 4495 quodcunque)
1169 4433 1225 4494 qais
1242 4429 1368 4478 conimistt.

152 4518 193 4583 ²¹)
213 4512 263 4567 lla
272 4510 398 4581 potiores
410 4508 474 4565 mss.
488 4508 584 4577 (oliam
601 4508 635 4562 Γ*
646 4509 684 4562 Η7
695 4509 733 4562 H*
744 4510 792 4579 Hs)
807 4511 836 4563 el
847 4510 889 4574 h¹;
907 4509 953 4563 ulii
972 4510 1121 4563 seeundum
1134 4512 1168 4560 (ll
1187 4516 1225 4562 nel
1241 4515 1268 4563 in
1286 4515 1371 4578 aliquo

78 4620 210 4664 extem
220 4596 372 4666 deliquerit
406 4600 471 4651 Mox
488 4594 675 4650 diminuere
693 4601 813 4653 uoluerit.
933 4608 937 4612 “

152 4688 192 4753 ²¹)
212 4683 262 4737 lta
279 4681 318 4734 Η7
329 4680 363 4745 i²3
380 4680 507 4750 plerique
520 4698 582 4734 mss.
610 4680 635 4732 H
653 4700 737 4734 omines
755 4699 847 4733 causas
865 4690 889 4733 et
907 4684 1106 4746 subscriptiones
1119 4681 1157 4745 (η’
1170 4684 1206 4732 ad
1215 4698 1300 4732 omues
1311 4699 1370 4733 oau-
1433 4704 1439 4712 ⁸

77 4793 126 4829 m
144 4772 362 4836 subuniplt'ones
378 4765 446 4820 mall
462 4767 493 4836 t).
534 4766 572 4819 H⁸
590 4765 691 4819 omisso
710 4774 737 4817 al
758 4765 865 4834 pergil:
890 4772 976 4833 placet
994 4767 1106 4816 omnibus
1123 4784 1223 4819 cousus.
1261 4764 1290 4816 ln
1317 4781 1371 4815 mss

77 4859 138 4925 10,
158 4855 201 4909 fl·
220 4850 350 4907 eraditis
366 4857 507 4907 sedatius
523 4869 614 4905 causas
632 4861 658 4903 et
674 4854 889 4918 subscriptiones:
907 4866 939 4902 ac
957 4838 1058 4901 deinde
1077 4850 1101 4901 εὖ
1112 4852 1138 4901 cl
1148 4851 1185 4902 0¹⁰
1202 4853 1371 4902 comacendare

138 4944 256 4995 adim
271 4943 409 4991 claudatur
426 4937 455 4990 et
472 4936 508 4989 nd
526 4952 615 5005 marg.
635 4940 719 4990 odilus
793 4939 903 4989 illicitus.

116 5040 272 5081 ustam
290 5039 396 5076 nom.
410 5038 524 5075 saurir.
543 5024 565 5078 Ι.
829 5021 833 5026 ’
1130 5027 1166 5080 11
