3204 5506
499 416 699 465 rasera'rus
724 418 774 464 111.
1204 404 1268 470 533

96 576 300 657 spermaneat
326 594 394 635 esse
421 571 570 656 quicquid
600 571 693 635 horno
716 576 774 635 cst.
821 571 854 636 si
888 573 1022 658 aliquid,
1057 577 1141 660 quod
1170 580 1265 662 absit,

97 673 257 739 divinitatis
285 674 334 739 vel
364 673 575 738 humanitatis
603 674 677 738 inde
705 673 886 758 decesserit,
917 679 1069 760 sequatur
1095 678 1266 745 ineffabilis

99 776 155 840 utic
179 776 387 858 sacramenti,
417 780 449 839 et
477 775 560 860 quod
589 776 677 839 dictu
706 776 878 861 audituque
905 777 1096 863 fugiendum
1123 785 1172 846 est
1178 832 1187 865 ,
1217 784 1264 847 vel

97 877 204 942 aDeus
226 899 294 942 esse
313 878 381 961 jam
404 878 540 960 desinat,
570 878 597 941 si
620 877 687 941 sola
712 878 778 941 illic
800 877 984 944 humanitas
1006 903 1072 945 nou
1095 882 1192 947 etiam
1214 885 1265 948 de-

103 982 286 1065 pone-verat,
317 980 368 1044 vel
389 980 476 1044 Deus
499 979 592 1044 homo
616 983 847 1065 cousequenter
874 1002 942 1045 esse
970 982 1119 1068 desistat,
1149 985 1266 1050 sisela

108 1083 247 1147 divinitas
278 1103 343 1146 nou
377 1083 474 1147 etiam
502 1082 686 1147 humanitas
713 1082 805 1145 unita
833 1088 1028 1166 permaneat.
1075 1086 1144 1151 Nec
1170 1088 1266 1174 glori-

98 1185 261 1250 arideatur
281 1188 391 1249 nostra
414 1185 554 1248 conditio
576 1184 721 1249 unitione
744 1184 872 1248 deitatis
895 1186 950 1250 sed
972 1189 1078 1271 potius
1101 1211 1169 1253 esso
1193 1212 1265 1254 eon·

98 1289 139 1369 ita,
160 1288 184 1350 si
207 1308 273 1351 non
289 1287 400 1351 eadem
421 1287 568 1351 subsistit
589 1287 624 1350 in
646 1286 759 1371 gloria,
784 1286 839 1350 sed
861 1287 929 1351 sola
951 1289 1123 1354 exsistente
1146 1291 1265 1356 deitate

98 1387 180 1453 mites
202 1389 268 1453 illic
296 1411 364 1453 esse
382 1389 451 1471 jara
474 1389 607 1452 destitit.
652 1388 822 1452 Videbitur
851 1391 973 1472 autem,
1003 1392 1086 1474 quod
1116 1392 1266 1459 abhorret

98 1511 128 1553 us
153 1491 255 1555 dicere
283 1490 338 1554 scd
367 1490 454 1574 cogit
475 1490 648 1554 necessitas
671 1512 736 1554 non
759 1492 875 1572 tacere,
901 1491 1053 1556 divinitas
1075 1493 1109 1558 in
1132 1499 1265 1579 utroque

99 1590 170 1675 bilis,
200 1592 226 1657 si
250 1591 300 1656 vel
323 1592 356 1654 in
381 1613 510 1655 carnem
533 1597 582 1655 est
604 1592 673 1676 ipsa
698 1613 860 1674 conversa,
891 1592 940 1656 vcl
964 1595 1009 1657 sic
1038 1595 1142 1659 estin
1166 1596 1265 1661 deita-

98 1691 293 1759 humanitatis
316 1695 480 1757 transfusa
504 1692 654 1775 conditis,
678 1697 715 1756 ut
736 1695 917 1778 proprietas
941 1696 1009 1778 ejus
1032 1719 1100 1760 csse
1123 1697 1263 1764 desierit.

98 1795 142 1859 iim
163 1820 199 1861 ex
222 1818 256 1860 se
279 1797 349 1880 ipsa
377 1817 414 1859 ex
443 1798 511 1858 toto
529 1795 599 1878 jam
620 1817 686 1858 non
714 1797 778 1876 cst,
808 1799 919 1878 restat,
949 1801 986 1860 ut
1014 1801 1184 1864 accesserit
1212 1801 1264 1864 ad-

101 1897 193 1982 ritque
216 1898 340 1978 deitati,
370 1897 471 1960 sicin
500 1898 629 1961 deitatis
656 1899 807 1961 naturam
835 1898 959 1963 scilicet
985 1902 1197 1985 transeundo,
1229 1908 1263 1967 ut

99 1997 247 2064 destiterit
268 2021 397 2084 prorsus
423 1997 617 2062 humanitas.
663 1999 728 2063 Ubi
756 2000 857 2063 modis
886 2001 1033 2065 omnibus
1062 2003 1170 2067 divina
1192 2005 1264 2069 sub·

99 2098 123 2162 ia
141 2101 387 2166 mutabilitatem
410 2101 551 2184 recipere
574 2101 716 2164 ridetur:
740 2122 940 2185 quaequam
963 2125 1022 2166 nec
1044 2103 1146 2168 minui
1163 2106 1264 2189 possit

99 2223 129 2265 no
149 2226 205 2268 nec
230 2225 381 2287 crescere,
405 2202 621 2267 transfusione
650 2202 860 2266 humanitatis
884 2203 1027 2286 adjectae
1055 2205 1140 2269 velut
1169 2211 1264 2272 eructa

99 2306 150 2369 tur.
194 2306 251 2371 Sin
279 2328 354 2369 vero
380 2305 521 2369 humana
551 2304 690 2369 conditio
718 2327 778 2368 nec
806 2305 841 2368 in
870 2305 1072 2371 divinitatem
1099 2309 1263 2373 transfusa

100 2406 151 2489 tit,
174 2430 214 2471 ne
238 2429 366 2471 accessu
389 2408 437 2470 sui
461 2406 544 2470 hanc
568 2407 727 2470 sentiatur
755 2406 943 2493 lrausisse5),
973 2431 1031 2473 nec
1061 2411 1094 2473 in
1121 2411 1169 2473 sui
1192 2433 1263 2494 pro-

100 2510 135 2572 de
160 2510 327 2593 perdurat:
356 2531 514 2592 nusquam
542 2530 671 2593 prorsus
705 2509 858 2573 resedisse
887 2511 1106 2595 cognoscitur,
1143 2535 1180 2576 aa
1207 2535 1264 2597 per

100 2630 144 2675 ion
165 2612 338 2675 sublimata
360 2611 414 2674 sed
438 2610 557 2675 abolita
581 2610 686 2694 potius
710 2611 883 2693 iuvenitur,
909 2615 1003 2696 atque
1026 2613 1072 2677 ita
1093 2613 1261 2678 indissolu-

101 2717 247 2795 quantum
271 2713 310 2776 ad
333 2713 418 2795 ipsos
440 2714 591 2796 pertinet,
616 2713 785 2776 resolvitur
807 2718 1053 2779 sacramentum.

100 2813 114 2876 l.
153 2815 323 2880 Praeterea
355 2817 381 2878 si
411 2815 446 2878 in
469 2815 631 2896 deitatem,
662 2816 697 2878 ut
725 2819 852 2898 putant,
876 2814 1077 2881 humanitate
1100 2820 1263 2883 transfusa

100 2919 219 2982 ramni
253 2920 345 3000 parte
373 2916 548 2998 translata,
578 2916 673 2981 desiit
695 2939 763 2980 esse
790 2918 931 2981 humana
954 2919 1151 3001 substantia,
1186 2942 1263 3005 ergo

100 3019 204 3083 nitatis
226 3020 329 3083 forma
352 3019 420 3082 sine
436 3019 484 3082 sui
501 3020 697 3102 proprietate
714 3019 859 3083 cessavit,
891 3019 924 3083 Si
940 3020 1061 3101 dicunt,
1085 3022 1119 3084 in
1142 3022 1261 3106 nadal)

101 3120 296 3185 ehumanae
319 3119 440 3184 formae
462 3121 658 3184 lineamenta
682 3124 838 3197 constare,
871 3121 945 3204 quid
969 3120 1054 3184 aliud
1076 3143 1173 3205 quam
1195 3124 1261 3186 An·
1332 3129 1337 3140 ’

101 3222 287 3306 amarphitas
311 3223 547 3286 convincuntur
568 3222 729 3303 inducere,
759 3243 836 3305 quos
860 3222 978 3285 dudum
1003 3221 1160 3286 catholica
1182 3223 1261 3287 talia

103 3327 190 3389 autes
213 3325 378 3388 damnavit
400 3323 568 3388 Ecclesia?
595 3323 680 3389 Nara
709 3323 735 3385 si
765 3327 798 3386 et
820 3323 1000 3387 substantia
1024 3328 1056 3388 et
1076 3325 1180 3388 forma
1207 3324 1261 3388 ho·

115 3425 190 3491 Jesu
214 3426 333 3491 Christi
355 3425 417 3489 hac
439 3425 657 3489 transfusione
681 3428 870 3509 cousumpta
892 3427 950 3506 est,
981 3425 1051 3509 quis
1078 3428 1137 3507 est,
1167 3448 1260 3510 quern
1342 3496 1355 3509 .
1374 3498 1399 3508 ..

101 3534 140 3592 ad
160 3535 318 3593 dexteram
341 3535 459 3592 virtutis
480 3539 608 3592 strrntem
624 3524 766 3591 ¹sanctus
789 3525 995 3610 Stephanus?
1029 3526 1106 3602 Quis
1135 3493 1411 3613 leominisliigii,i,’,⁰³'

101 3642 239 3695 uenturus
261 3643 304 3695 est
331 3629 579 3713 adjudicandos
609 3637 738 3694 risose!
765 3629 918 3694 morlacas?
961 3628 1038 3703 Quis
1067 3629 1137 3711 erit,
1167 3652 1260 3713 quem
1283 3633 1366 3715 ¹s32‘27·

102 3744 144 3811 ut,
173 3740 203 3797 ia
232 3754 318 3811 artem
344 3740 607 3812 compunxerunt?
652 3730 817 3795 Abolituni
852 3735 900 3795 cst
933 3752 1027 3795 omne
1061 3696 1411 3825 mysteriumffigsslilgtlj

102 3836 164 3898 tum
187 3838 236 3899 est
258 3833 505 3918 resolutumque,
530 3838 566 3897 ut
588 3834 709 3897 dictum
732 3837 790 3915 est,
815 3833 898 3916 quod
922 3833 1015 3916 absit,
1039 3855 1133 3897 omne
1156 3856 1260 3898 sacra·
1274 3832 1393 3885 Math-

102 3958 148 4020 im,
177 3936 358 4020 falsumque
385 3937 461 4017 erit,
491 3937 574 4020 quod
598 3936 644 3999 ait
664 3935 733 4018 ipse
762 3933 922 3998 Salvator:
951 3941 1081 4015 Palpatc
1102 3947 1131 3999 el
1154 3942 1258 4012 irruere,
1281 3906 1366 4019 ¹53¹?

102 4112 149 4118 „„
1273 4041 1365 4096 casa.

105 4221 176 4275 anet,
196 4215 297 4263 accedit
315 4214 384 4262 honio
398 4213 464 4265 Deo.
484 4219 509 4260 et
523 4215 554 4274 fi!
572 4229 620 4260 unu
638 4226 763 4275 persona,
783 4216 809 4258 nt
828 4226 877 4259 aaa
894 4212 927 4258 sit
939 4208 1075 4263 Semideus.
1095 4211 1169 4274 qnasi
1183 4215 1259 4273 purte

103 4315 130 4348 ur
146 4305 171 4348 et
189 4307 265 4364 parte
283 4298 387 4347 bominis
405 4298 486 4352 borio,
505 4298 553 4345 sed
570 4304 637 4346 torris
650 4296 718 4344 Dens
737 4301 761 4344 et
779 4302 847 4344 totus
864 4296 943 4343 toruo.
973 4288 1043 4342 Vide
1061 4287 1160 4342 Leonis
1178 4288 1258 4358 epist.

103 4378 196 4448 primis
215 4397 241 4432 n.
255 4383 280 4434 6.

103 4463 231 4517 Fortasse
249 4469 354 4517 laesisse
373 4463 531 4532 legendum.
566 4467 613 4518 Ed.

103 4548 132 4602 ld
148 4548 234 4602 moris
252 4551 295 4602 est
311 4548 450 4617 patribus,
471 4550 500 4601 ut
514 4547 565 4602 Dei
583 4547 667 4601 filium
687 4553 797 4601 induisse
811 4563 922 4600 carnem
935 4544 1042 4610 dicant,
1061 4561 1145 4612 quam
1158 4562 1260 4599 assum-

103 4634 209 4690 uocirca
228 4634 257 4687 et
274 4640 363 4687 audam
377 4638 495 4686 deterream
508 4635 621 4699 vocant,
641 4650 711 4699 quac
730 4649 840 4685 carnem
859 4648 914 4684 non
930 4630 1018 4684 habet
1030 4628 1084 4683 sibi
1095 4629 1260 4685 substantia·

102 4720 261 4791 injunctam
303 4717 362 4783 Quo
385 4736 468 4773 sensu
490 4719 610 4773 Hilarius
634 4718 667 4772 dc
686 4716 783 4772 Trinit.
803 4717 835 4783 X,
849 4724 879 4772 51
904 4734 937 4769 er
954 4715 1058 4785 placito
1076 4715 1260 4784 quorumdam

103 4822 209 4871 corum,
235 4803 283 4874 qui
300 4803 437 4859 Christum
455 4805 545 4859 Deum
563 4805 717 4874 negabant,
740 4803 819 4872 sequi
841 4801 922 4869 dixit,
945 4815 972 4857 ut
993 4805 1101 4856 Verbum
1122 4822 1171 4871 per
1188 4812 1261 4855 exte·

109 4898 249 4961 nudamque
273 4901 388 4945 naturam
410 4895 529 4944 torninem
551 4896 616 4943 illum
638 4896 693 4943 sola
716 4895 767 4943 aila
785 4895 882 4942 animae
900 4895 1019 4943 maneatis
1036 4892 1168 4942 animatum
1191 4889 1260 4940 tabi·
