3224 5506
468 362 640 413 El’lsTOLA
662 355 714 415 40.
1162 351 1225 417 829

109 521 171 604 ’νης
192 525 250 605 της
274 519 492 604 ἐγχειρήσεως
509 523 567 604 τῆς
618 520 687 604 μλο,
738 520 805 605 21²⁸)
849 520 1008 605 religiosis
1057 522 1225 606 institutis,
1239 555 1263 594 a,
1275 546 1332 595 εις,

109 624 168 700 νίας
199 626 446 707 τετιμωρῆσθαι
481 621 566 706 ἕνῃ)
618 622 759 686 timendo
786 622 1011 708 potiusquam
1038 627 1227 690 assumendo

156 722 258 805 Ὀζίας
286 725 324 790 ἐν
346 728 387 809 τῇ
409 722 567 808 εὐλαβείᾳ
618 723 750 788 meliora
782 727 1001 808 temperasset.
1057 726 1119 792 Sed
1152 729 1227 792 dum

109 823 268 913 ὑπηρεσίᾳ
284 826 462 910 διέμεινεν,
486 823 566 891 εἰδὲ
618 847 678 890 nec
700 825 944 910 prohibentibus
960 827 1133 895 cultoribus
1147 833 1226 894 tem·

109 929 181 1007 θείς
202 937 247 1015 τῷ
269 926 488 1012 ὑποδείγματι
508 931 566 1011 τῆς
616 927 663 1010 pli
693 928 841 1012 pertinax
867 913 1050 995 'temerator
1087 932 1225 1016 absistit,

109 1056 122 1109 ς
155 1031 360 1115 ἐπιπλήξεως
397 1027 462 1095 άπὸ
497 1033 565 1094 τῶν
617 1028 702 1094 inter
738 1031 842 1115 ipsam
878 1032 984 1115 leprae
1018 1034 1226 1099 abominatio·

111 1134 272 1212 ιατάξεων
301 1133 456 1218 ἐφοβήθη
478 1134 566 1215 μᾶλ-
617 1152 691 1195 nem
713 1154 897 1218 percussus,
927 1135 1042 1200 altaria
1065 1139 1097 1201 et
1119 1136 1225 1200 officia

109 1235 296 1320 ετετόλμησε
311 1234 454 1317 τούτων,
470 1230 566 1317 άμει-
617 1233 711 1319 regni
743 1235 898 1318 perdidit,
936 1237 1011 1301 dnm
1046 1238 1225 1303 ministeria

109 1338 330 1421 ἔβασίλενσεν.
352 1333 434 1399 Ἀλλ’
451 1334 566 1418 ἐπειδη
618 1335 790 1400 sacerdotis
822 1337 956 1402 invadit.
1006 1338 1120 1405 Sciant
1148 1362 1225 1426 ergo

109 1439 256 1507 λυόντων
272 1443 340 1504 τῶν
357 1438 566 1522 ἐπιμελητῶν
617 1459 683 1502 non
707 1460 774 1503 esse
797 1442 930 1523 accepta
949 1441 1066 1525 aDeo,
1090 1465 1171 1527 quae
1187 1443 1225 1507 de
1265 1517 1268 1521 Δ

109 1539 350 1625 ῡὸἐπίμονος
372 1540 567 1623 παραβάτης
617 1540 777 1604 mandatis
814 1541 883 1625 ejus
925 1565 943 1606 a
978 1545 1225 1631 praesumptori-

136 1644 174 1710 ἐν
211 1638 325 1719 αὐτοῖς
359 1641 566 1725 βδελύγματι
616 1641 675 1705 bus
712 1647 932 1727 assumuntur,
972 1648 1099 1730 quando
1125 1669 1225 1711 unum

109 1746 257 1831 πληγεὶς,
286 1754 356 1820 τοῖς
377 1750 565 1826 θυσιαστη-
617 1743 704 1829 adll)
735 1746 951 1810 ostensionem
978 1747 1158 1813 sententiae
1180 1749 1225 1813 vi-

109 1851 361 1929 νλειτουργίοιν
388 1851 447 1929 τῆς
467 1847 564 1929 βασι-
616 1846 704 1910 vacis
737 1846 899 1912 dedecoris
936 1870 1041 1933 poena
1073 1851 1222 1929 servavit,

109 1951 238 2032 ολέσας,
260 1953 301 2033 τῇ
322 1945 489 2033 ὑπηρεσίᾳ
504 1950 567 2011 τοῦ
617 1947 696 2012 alios
718 1948 809 2014 velox
831 1949 960 2014 flamma
983 1952 1187 2036 consumpsit.

109 2050 261 2117 ’πελθοίν
301 2049 565 2115 Γινωσκέτωσαν

109 2158 140 2218 ἰν
168 2150 211 2237 μη
235 2148 322 2217 εἶναι
347 2156 437 2217 Θεοῦ
459 2168 565 2234 προσ-

109 2254 176 2337 ἔπερ
200 2254 238 2320 ἐκ
260 2259 329 2319 τῶν
347 2250 453 2319 αὐτοῦ
470 2252 562 2318 ἐντο-

109 2353 139 2421 ιά
161 2361 230 2422 τῶν
252 2360 429 2440 τολμηρῶν
452 2352 565 2439 ὑφαρ-

119 2456 219 2525 δπότε
233 2459 292 2524 ἕνα
306 2454 390 2542 πρὸς
404 2457 565 2533 ἐπίδειξιν

109 2562 236 2646 pessos
263 2565 303 2646 τῇ
333 2564 391 2643 τῆς
419 2558 564 2643 μεγάλης

109 2665 275 2748 ςτιμωρίᾳ
299 2660 479 2746 ἐφύλαξεν,
503 2659 564 2725 ἄλ-

109 2763 174 2849 μνῆ
198 2761 282 2849 φλὸξ
305 2763 529 2848 κατηνάλωσε.

109 2864 180 2951 idyl
203 2864 288 2950 ἥπερ
311 2866 386 2930 τινά
410 2866 478 2930 είσί
496 2889 564 2929 τινι
657 2867 688 2931 9.
722 2866 839 2943 Quodsi
861 2872 951 2953 sunt,
988 2892 1069 2954 quae
1095 2872 1221 2957 religio·

142 2971 325 3052 θρησκείας
368 2967 561 3051 δεδεγμένα,
613 2969 664 3032 nis
686 2969 792 3053 aliquo
815 2971 919 3035 colore
934 2973 1128 3059 suscepta³⁰)
1144 2974 1219 3056 sint,

109 3095 170 3154 ηειν
199 3069 241 3136 od
269 3069 410 3135 δύναται
438 3069 561 3133 τοσαύ-
613 3070 697 3134 vires
719 3069 836 3135 habere
850 3078 1024 3157 nequeunt,
1047 3096 1128 3159 quae
1150 3078 1221 3139 tan·

109 3177 242 3249 tamisis
256 3171 560 3255 καταπαλαιόμενα.
613 3172 656 3236 tis
684 3172 865 3237 auctoribus
891 3175 1101 3241 reluctantur.
1151 3175 1220 3242 Ola-

109 3273 218 3352 λλοςὸ
245 3273 443 3350 α’πόστολος·
471 3270 560 3357 ,,κολν
610 3277 678 3337 mat
699 3272 816 3338 Paulus
844 3278 1019 3361 apostolus:
1053 3283 1139 3343 Licet
1161 3301 1346 3368 cossam,

111 3373 251 3460 ἄγγελος
274 3377 309 3454 ἐξ
331 3373 481 3458 οὐρανοῦ
505 3373 558 3439 εὐ·
613 3388 665 3440 aut
693 3382 818 3455 σογείιιι
850 3384 888 3441 de
915 3385 1000 3445 coelo
1032 3388 1221 3459 evanqelizee

108 3503 162 3543 ται
185 3476 288 3564 ὑμᾶς,
317 3476 396 3563 παρ’
422 3476 439 3544 ὁ
462 3476 561 3560 εὐαγ-
615 3484 707 3557 cobis,
731 3490 945 3559 praeterquam
968 3489 1050 3560 quod
1069 3491 1219 3563 σοαηγσῖί-

109 3589 169 3664 θα,
184 3579 336 3666 ἀνάθεμα
348 3585 470 3646 ἔστω.“
491 3577 562 3664 Οὐχ
611 3588 746 3646 zosimus
768 3587 861 3660 vobis,
888 3589 1050 3648 anatliema
1065 3593 1112 3649 sit.
1150 3585 1219 3650 Nec

109 3681 217 3767 ρηκεδς
258 3688 357 3748 τοῦτο
393 3681 559 3767 ἠρκέσθη·
612 3682 709 3747 semel
736 3683 797 3747 hoc
824 3683 941 3748 dixisse
962 3687 1097 3771 sufficit,
1131 3710 1220 3774 repe-

109 3788 141 3850 ls
178 3785 215 3851 δὲ
248 3783 309 3870 τὴν
337 3783 561 3868 ὑγιαίνουσαν
611 3786 653 3848 tit
668 3785 793 3849 salubre
804 3786 1006 3852 mandatum:
1029 3792 1115 3854 Sicut
1125 3811 1217 3869 proe-
1229 3811 1351 3878 (τηειρ,

109 3910 113 3924 ³
149 3886 223 3972 „dg
250 3890 471 3972 προείπομεν,
506 3886 562 3952 καί
613 3893 761 3966 diximus,
791 3900 820 3952 et
841 3911 923 3953 nanc
944 3897 1053 3955 ιἰετκιιι
1077 3897 1161 3957 dico:
1194 3900 1222 3956 si

109 3994 164 4056 λιν
201 3990 302 4073 λέγω·
341 3995 374 4055 εί
397 4013 447 4066 τις
476 3987 563 4074 ὑμᾶς
612 3997 677 4069 quis
706 3996 787 4055 cobis
814 3997 1071 4070 evanpelr'zooerit
1094 4006 1220 4074 praeter

109 4181 120 4216 s
136 4166 240 4215 inclinet
256 4167 359 4215 incauta
376 4165 531 4229 simplicitas.
571 4158 677 4214 Eadem
695 4176 749 4215 vox
765 4176 850 4230 supra
867 4176 941 4215 num.
955 4166 972 4214 4
988 4160 1063 4216 idem
1081 4164 1161 4217 sonat
1178 4164 1218 4218 at-

109 4251 163 4302 otio.

109 4352 139 4385 oc
155 4337 297 4401 ττῑῖμίοιιίε,
316 4331 349 4385 G'
364 4333 390 4385 α’
411 4351 442 4385 ac
458 4336 593 4400 relipiosir.
630 4329 769 4385 Orationis
791 4329 876 4384 series
900 4331 1025 4400 postulat
1046 4354 1062 4386 α
1083 4339 1218 4402 relipiosie,

109 4417 180 4471 ebat
198 4416 339 4487 exemplar
356 4413 517 4486 interpretis
536 4414 641 4484 graeci,
665 4414 713 4484 qui
730 4432 794 4470 mox
815 4431 868 4486 pro
886 4427 1053 4485 temperasset
1070 4435 1219 4489 perperam

109 4513 199 4561 russel.
1001 4542 1004 4552 .

121 4590 148 4642 σί
168 4594 203 4642 ad
219 4594 414 4642 desertutioaem
433 4590 461 4642 et
472 4604 537 4641 mox
552 4591 621 4655 foma
640 4586 839 4656 (profluentia),
857 4587 997 4643 mendose.
1029 4587 1125 4644 Oaiam
1140 4589 1220 4660 lepre

109 4691 116 4726 ι
128 4672 230 4727 vivacis
249 4672 392 4727 dedecoris
410 4687 502 4743 poena
519 4671 651 4738 servavit,
669 4670 769 4725 Nadab
783 4672 876 4726 autem
889 4675 919 4727 et
929 4672 1003 4727 Abin
1014 4674 1095 4728 velox
1107 4674 1220 4730 flamma

109 4760 125 4813 t
142 4759 224 4826 (conf.
243 4757 308 4813 Lev.
330 4765 372 4825 lo,
391 4764 418 4824 2,
437 4765 460 4811 2.
481 4757 581 4812 Chron.
600 4762 645 4822 20,
665 4759 716 4826 19).

121 4844 148 4897 α’
168 4854 323 4912 contemplo,
343 4847 368 4897 c⁷
381 4845 418 4896 ο10
435 4854 563 4905 conlecto,
582 4843 640 4895 bc3
653 4845 677 4895 0⁹
696 4859 749 4896 sec.
768 4858 860 4911 graec.
881 4857 1013 4913 suscepto:
1036 4845 1112 4915 quod
1129 4846 1219 4901 visum

109 4928 236 4983 rendum.
