3204 5506
622 371 792 421 aersrons
817 363 845 420 0.
1308 358 1369 424 327

26 522 176 588 ruitur:
208 524 261 589 de
288 525 367 590 illis
391 547 475 591 unua
497 525 663 609 exsistens,
687 527 863 611 dequibus
886 527 1000 591 Petrus
1024 528 1102 592 dicit
1125 529 1304 613 apostolus:
1327 535 1371 596 Hi
1382 539 1406 576 ἢ·
1421 528 1479 577 493·

26 646 111 691 aero
138 632 248 693 velut
275 633 520 694 r'rratr'oaobih'o
540 650 670 709 pecora,
703 636 889 694 ruotnrah'lcr
917 638 946 694 ia
970 639 1140 711 captionem
1163 643 1192 695 et
1213 638 1244 695 in
1263 640 1368 711 perai-
1382 608 1481 730 {13⁰}st

18 734 112 793 tien
141 736 185 794 ia
215 735 278 796 lues
305 752 396 811 qaae
418 740 562 810 innuunt
582 735 835 812 blasphemantes,
864 740 893 796 iu
917 741 1114 813 corruptione
1134 756 1191 798 saa
1208 740 1367 814 peribant,
1405 718 1411 742 ’
1440 716 1462 731 ”’

23 839 283 913 percupientes
310 839 485 899 mercedem
512 839 689 914 r'rp'ash'tiae.
735 833 858 898 Revera
888 836 972 898 enirn
1002 837 1048 900 sio
1077 838 1146 918 ejus
1173 836 1307 900 stolidus
1336 841 1369 902 et

26 935 192 1001 obtusus
222 940 290 1001 ess
317 937 463 1020 animus,
486 941 523 1002 nt
544 937 583 1002 de
605 940 656 1002 his
679 939 820 1020 uenenis,
845 960 926 1022 quiae
949 938 1032 1002 nrale
1054 939 1163 1002 hausit-
1185 944 1217 1003 et
1235 941 1367 1022 vomuit,

25 1038 177 1103 nnllam
205 1040 399 1104 rationem
422 1040 471 1105 vel
494 1041 639 1125 accipere
661 1041 767 1105 valeat
789 1041 919 1104 ‹nrnrino
942 1041 992 1105 vel
1015 1041 1159 1105 reddere:
1194 1041 1249 1104 sed
1277 1042 1368 1105 indu-

25 1146 133 1207 ratus
158 1141 435 1207 obcaecatione
454 1142 612 1208 ‹liuboliea
634 1144 758 1228 sibique
777 1144 847 1226 jam
874 1144 1023 1226 traditus,
1054 1145 1156 1207 cordis
1173 1145 1221 1207 sui
1236 1143 1367 1208 furiesto

24 1244 75 1309 sit
99 1244 378 1309 obstinatione
401 1245 582 1329 darmratns,
606 1245 750 1330 nihilque
773 1246 911 1329 supersit
934 1247 974 1329 ei,
998 1247 1062 1311 nisi
1085 1252 1121 1309 ut
1136 1247 1222 1309 Deus
1245 1251 1365 1330 noster,

23 1348 88 1432 qui
112 1346 238 1430 dixit,
270 1368 369 1431 quaa
386 1346 568 1413 hominibus
585 1348 797 1433 impossibilia
808 1349 968 1432 uidentur,
993 1349 1075 1433 apud
1100 1372 1133 1411 se
1154 1371 1223 1412 esse
1244 1349 1365 1428 fusilia,
1378 1325 1479 1449 ffih·

22 1449 257 1535 hujusmodi
291 1453 445 1515 mentem
472 1451 598 1535 potenti
627 1451 872 1535 compunctione
900 1453 1089 1535 transfigat,
1127 1456 1163 1515 ut
1192 1437 1434 1569 securrduqu’,
1461 1440 1466 1451 ’

23 1552 187 1618 beatum
208 1551 420 1637 apostolum
434 1551 581 1636 Paulum,
605 1561 764 1634 resipiscat
786 1576 805 1616 a
828 1560 944 1619 diurboh‘
959 1561 1084 1635 loqueris,
1108 1560 1214 1632 0010ιο
1228 1563 1366 1636 captiuas
1381 1552 1408 1650 Ξ,
1419 1533 1472 1639 ᾆξ’

24 1662 218 1723 weretun-
245 1655 431 1719 sententia
453 1655 552 1720 divini
571 1656 695 1738 judieii.
730 1655 833 1720 Multa
855 1657 912 1739 illi,
937 1678 1018 1741 (lurae
1034 1656 1072 1719 de
1088 1656 1273 1741 Pelagianis
1296 1679 1366 1721 sen-

22 1759 129 1825 sibus
158 1779 242 1824 nee
271 1758 317 1823 in
341 1758 464 1822 somnia
485 1758 617 1823 omnino
641 1759 868 1843 contigerat),
900 1781 957 1822 nos
981 1760 1084 1843 inagis
1108 1760 1272 1842 patefacta
1296 1782 1366 1844 pro-

24 1861 199 1927 didimus
235 1881 360 1945 eaque
392 1860 510 1925 dudum
539 1861 687 1925 convicta
715 1862 814 1925 fuisse
843 1863 1101 1924 monstrauimus.
1147 1860 1237 1925 Haec
1267 1863 1384 1926 etiam.
1478 1910 1488 1922 .

23 1966 121 2050 ipsa,
151 1985 265 2049 quae
297 1962 389 2027 idem
411 1964 553 2048 proferre.
575 1963 753 2046 videbatur,
778 1964 854 2027 olim
877 1969 909 2028 et
932 1965 973 2028 ab
995 1964 1164 2028 haereticis
1179 1963 1365 2049 Pelagianis

24 2067 65 2133 in
92 2066 281 2132 medium
309 2065 470 2149 producta
491 2066 672 2149 docuimus,
702 2070 735 2130 et
757 2088 776 2130 a
799 2066 965 2130 catholicis
987 2066 1259 2149 praedicatoribus
1283 2088 1365 2130 com-

26 2176 220 2256 petenter
262 2167 367 2232 elisa.
412 2168 595 2253 Pelagium,
625 2168 834 2251 coelestium,
865 2167 1030 2232 Julianum
1070 2174 1253 2252 ceterosque
1282 2190 1365 2232 eom-

26 2272 162 2358 plurea
192 2270 384 2336 oratoriae
405 2271 574 2335 facnrnliae
596 2272 680 2335 viros
703 2272 737 2335 in
760 2271 821 2335 hae
843 2272 1018 2339 assertione.
1041 2272 1243 2355 prolnuuimus
1266 2271 1376 2335 fuisse-

30 2376 261 2457 eonvietos,
300 2376 337 2437 et
364 2376 433 2437 tarn
455 2374 680 2438 ecclesiasticis
710 2373 895 2438 constitutis
923 2395 1018 2457 quarn
1047 2374 1265 2457 imperialibus
1292 2357 1379 2458 per-7

32 2500 166 2545 cuseos
205 2476 330 2541 fuisse
358 2476 557 2560 praeceptis,
594 2475 728 2559 proinde
756 2477 854 2540 istum
876 2476 994 2555 feruet)
1022 2499 1087 2540 non
1110 2498 1203 2560 posse
1226 2477 1376 2541 firmant·

31 2604 130 2665 mua,
160 2581 210 2645 in
239 2576 371 2662 quibus
393 2576 439 2641 illi
462 2577 542 2642 tales
566 2578 712 2663 tantique
734 2580 888 2662 prostrati
910 2583 995 2662 sunit,
1020 2579 1074 2663 qni
1098 2601 1157 2642 nec.
1177 2580 1258 2664 ipsa,
1283 2601 1363 2665 quae

33 2686 83 2756 ab
108 2683 196 2751 illis
226 2683 321 2747 sunt
343 2678 517 2764 disputata,
542 2679 593 2745 vel
612 2682 779 2745 nitellecta
795 2702 908 2766 capere
930 2681 980 2746 uel
997 2680 1120 2765 eloquio
1143 2683 1239 2746 simili
1261 2684 1377 2768 poesia

36 2789 259 2855 menore.
304 2780 379 2864 sed,
403 2786 440 2847 ut
453 2783 573 2848 dietum
589 2787 649 2866 est,
673 2789 1141 2863 01000110000000000ίὶ000
1159 2807 1308 2865 possesso,
1333 2748 1456 2882 orig}

32 2893 273 2973 profundam
301 2891 423 2950 uear'eas
436 2892 504 2965 jam
527 2893 685 2968 malaura,
709 2892 752 2950 ad
772 2892 905 2951 remedia
928 2892 1013 2950 arella
1035 2894 1192 2951 consentit.

138 2992 181 3057 4.
221 2987 440 3072 Quapropter
461 2988 500 3053 de
521 2988 698 3053 imrumeris
720 2988 991 3072 blasphemiarum
1007 2988 1189 3074 generibus,
1214 3011 1293 3074 quas
1308 3010 1375 3054 aa·

39 3099 168 3161 atores
198 3090 416 3175 Pelagianae
443 3090 585 3156 haeresis
613 3090 797 3173 ediderumt,
820 3091 899 3173 tria,
924 3093 1088 3175 quaesibi
1117 3093 1286 3176 praecipue
1308 3093 1376 3157 hio·

40 3218 162 3265 senex
188 3191 372 3279 lugendus
396 3192 540 3276 adscivit,
566 3193 755 3258 credidimus
778 3215 843 3258 non
866 3195 1014 3277 tacenda,
1038 3200 1074 3258 ut
1097 3199 1238 3259 reserata
1259 3195 1377 3259 mani-²

38 3299 185 3365 festius
221 3293 455 3380 panderentur
492 3298 524 3360 et
551 3296 620 3361 Deo
652 3296 838 3360 destruente
866 3296 993 3359 familias
1026 3296 1212 3361 uiderentur
1240 3316 1376 3363 eversa·

43 3402 93 3469 In
120 3399 263 3480 uteris
290 3396 453 3480 inquiunt,
474 3400 616 3465 matrum
638 3419 733 3482 (nuere
755 3398 863 3461 divino
886 3403 1036 3463 creantur
1051 3398 1210 3482 infantes,
1233 3406 1362 3485 propte·
1459 3483 1466 3491 1

43 3526 112 3571 rea
131 3502 291 3587 justum
312 3498 414 3567 videri
435 3521 501 3565 non
523 3503 656 3585 putant,
685 3500 769 3584 quod
797 3502 924 3565 factura
948 3501 1007 3565 Dei
1036 3503 1104 3566 sine
1128 3502 1200 3566 ullis
1223 3505 1374 3588 propriis=

44 3603 270 3673 sedenibus
297 3601 445 3686 cuiqnam
465 3605 599 3686 peceato
627 3602 783 3687 gignatur
811 3603 981 3686 obstricta,
1015 3605 1234 3689 injustumque
1256 3604 1375 3685 Deum¹

44 3708 226 3787 faciunt,
258 3703 292 3769 si
313 3704 361 3767 rei
382 3703 583 3787 efficiantur,
614 3707 786 3789 antequam
815 3706 894 3768 nati.
940 3704 1011 3769 Hoc
1034 3708 1120 3770 velut
1142 3708 1360 3773 acutissimum

47 3812 108 3877 sui
132 3804 325 3893 dogmatis
348 3811 497 3873 exserunt
519 3811 755 3891 argumentum,
779 3829 844 3871 non
866 3808 1079 3891 advertentes,
1103 3810 1178 3892 qma
1198 3810 1293 3893 prinri
1313 3811 1361 3875 illi

48 3915 240 3999 parentes
264 3909 398 3993 generis
419 3908 561 3992 hnmani,
585 3909 624 3973 de
638 3909 736 3975 nullis
751 3909 861 3992 ntique
876 3910 1076 3994 genitoribus
1098 3912 1154 3974 sed
1176 3912 1215 3975 de
1229 3913 1374 3977 innoxia.
1427 3970 1457 3997 ἱ.

48 4015 132 4089 limi
156 4009 317 4083 materia
338 4012 512 4094 procreati,
536 4015 575 4076 ‘et
602 4033 680 4097 pure
708 4017 804 4095 atque
832 4012 955 4076 sineere
983 4015 1132 4096 potenter
1156 3997 1228 4077 'arte
1251 4015 1373 4078 diuina.
1442 3998 1445 4003 ’

51 4113 246 4202 compacti
278 4110 420 4196 factique
448 4114 637 4192 rationales
675 4113 805 4198 propria
833 4114 997 4177 uoluntate
1032 4116 1230 4183 seductorem
1258 4117 1358 4183 secnti

51 4218 261 4296 diabolum,
288 4213 395 4297 pravis
418 4214 646 4299 cupiditatibus
668 4237 726 4299 per
748 4237 910 4278 excessum
934 4217 1217 4298 praeuaricationis
1245 4217 1357 4285 infecti

52 4326 155 4393 sunt.
213 4316 258 4381 In
289 4314 404 4399 quibus
431 4316 542 4401 utique
570 4316 711 4380 humana
738 4321 856 4380 indura
884 4317 1046 4400 peccant,
1078 4322 1110 4381 ct
1139 4317 1280 4381 limnana
1309 4320 1360 4382 est

81 4588 85 4593 .
115 4514 159 4590 -3j
184 4518 272 4575 Editi
291 4520 427 4588 (c'o⁷o¹⁰)
444 4526 619 4589 contigerant:
637 4518 820 4574 renitentibus
839 4520 900 4574 aliis
917 4520 1002 4573 libris.
1028 4522 1114 4575 Porro
1126 4519 1194 4574 illud
1207 4526 1373 4589 contigerat:

55 4629 76 4667 ῃ
95 4608 202 4669 verbo
221 4609 348 4673 eondnpo
365 4603 529 4672 derivatum,
555 4604 590 4660 de
607 4604 737 4674 imperito
755 4621 819 4659 sene
842 4605 1028 4674 praedicatur.
1064 4605 1129 4659 Mox
1146 4605 1175 4659 in
1194 4605 1372 4675 0111000001ἱ

56 4696 154 4751 editis
175 4712 214 4747 ea
233 4708 305 4761 quae
322 4694 429 4743 dudum
446 4690 586 4745 mendosa.
622 4689 729 4744 Deinde
748 4690 782 4743 G¹
803 4695 822 4743 C
823 4696 959 4745 atestinum.
1259 4738 1263 4745 .

135 4783 163 4837 71
184 4775 244 4831 Vel
262 4773 416 4845 legendum
431 4780 500 4843 semi
517 4778 579 4845 (pro
597 4781 716 4841 tolerari,
739 4775 795 4829 soil.
815 4782 841 4828 in
859 4782 1000 4830 assertione
1024 4795 1109 4829 eorum
1131 4782 1156 4829 ia
1179 4779 1290 4846 quillus),
1315 4780 1359 4832 vel

57 4872 143 4935 [em
163 4861 244 4931 (scil.
265 4878 298 4914 ea
320 4865 347 4913 iu
371 4863 468 4929 quita)
482 4875 537 4929 pro
551 4866 673 4929 perferre
690 4859 748 4915 siue
764 4868 891 4929 per-ficere
908 4860 1161 4930 interpretandum,
1185 4864 1260 4931 quod
1281 4864 1370 4918 hand·

60 4949 248 5006 inusitatam
267 4946 314 5001 est
331 4946 378 5013 (011
394 4960 437 5014 gr.
455 4951 540 5014 legem,
557 4950 658 5012 fruetus
673 4948 767 5015 serre).
779 4978 813 4987 -
824 4936 890 5002 Mox'
907 4945 975 5001 aditi
993 4951 1108 5003 haeresis
1125 4953 1304 5004 addiderunt..
