3204 5506
139 246 203 312 768
580 260 608 309 s.
623 258 831 308 uosmsnnn
852 256 969 307 annun

117 416 268 498 >Christo
296 414 459 499 legatione
485 414 691 498 fungentem:
723 434 791 478 non
818 411 989 498 patiamini
1021 411 1066 477 ab
1092 410 1241 499 improbis
1267 434 1303 479 cu

140 516 260 583 Christi
282 517 426 581 membra
447 516 599 600 discerpi3
622 537 703 600 quoe
722 513 917 579 insmrabilia
933 512 1064 598 videtis,
1086 512 1249 599 abscidite,
1266 518 1296 581 et

141 641 254 704 aegra,
278 622 398 682 curate.
445 617 509 683 Cur
530 639 611 701 quae
634 640 714 681 sana
736 620 813 681 sunt
833 615 985 694 invalidis
1006 615 1184 701 conjuncta
1200 616 1303 702 qustin

141 722 272 785 Servate
300 720 462 803 ordinem,
491 741 586 804 quem
614 719 767 804 veritasi)
795 719 866 802 ipsa
892 716 1061 803 praefinit,
1092 720 1128 783 et
1146 740 1256 804 pacem
1273 740 1303 783 m

140 844 236 906 quam
257 822 400 909 pascitis,
423 820 617 886 reddidistis.
655 820 746 885 Haec
769 823 801 884 et
823 820 883 884 sub
903 819 1070 903 praesenti
1092 821 1256 885 occasione
1269 820 1303 887 de

141 928 174 988 et
200 910 325 988 rursum
353 946 391 988 ac
419 924 545 1008 saepius
571 923 752 1008 supplicare
781 921 915 1003 curabo,
950 943 1102 1006 sperans,
1137 922 1303 1008 importuni

141 1025 225 1089 hmic
246 1048 351 1089 meum
373 1030 406 1089 et
428 1025 496 1088 Deo
524 1046 592 1089 esse
619 1023 812 1109 placituram
840 1027 872 1087 et
900 1024 985 1108 apud
1013 1047 1070 1089 vos
1097 1046 1222 1110 quoque
1246 1046 1297 1109 per

140 1128 219 1191 duas
241 1127 429 1211 petitiones,
453 1127 603 1211 quoniam
626 1127 658 1191 id
681 1148 739 1191 uos
755 1126 911 1191 Dominus
933 1125 1058 1209 docuit,
1082 1147 1217 1191 vacuam
1237 1147 1294 1191 uon

141 1250 220 1293 ram.
264 1229 394 1314 Datu⁴).

649 1415 832 1519 Epistola
857 1415 902 1500 14

751 1568 801 1606 seu

22 1643 127 1775 5Ᾱῇἕῇ
186 1661 404 1730 Rescriptum
425 1666 566 1718 senatus
588 1663 685 1718 urba
705 1663 833 1718 nomae
854 1663 900 1719 aa
919 1661 1146 1719 munium
1166 1663 1303 1732 augutu

277 1779 339 1832 per
361 1766 616 1834 uneopompum
638 1769 673 1821 et
695 1764 914 1821 Severianum
934 1764 1025 1822 viros
1047 1764 1259 1821 mimos

174 1897 259 1945 densis
277 1898 335 1960 ejus
348 1896 506 1946 Theoderico
524 1904 650 1946 anunente
667 1912 696 1945 se
713 1895 821 1946 libenter
838 1897 966 1960 pertriste,
983 1903 1012 1945 ul
1029 1913 1126 1961 papum
1142 1913 1192 1961 pru
1207 1895 1303 1962 perede]

175 1987 287 2031 curetur.
324 1981 446 2042 (ὶηιιηὶειυι
462 1983 536 2045 paris
557 1983 666 2031 slirdiam
687 1997 753 2045 pune
775 1998 803 2031 ae
822 1983 908 2030 suurn
926 1981 1075 2034 lluruisdu.
1113 1980 1191 2042 Quum
1211 1983 1300 2046 ι’κίᾳιει

174 2082 225 2130 pru
243 2069 317 2116 auius
335 2068 427 2117 Aeacii
444 2068 564 2116 memoria
581 2083 598 2115 u
615 2068 726 2116 caritate
743 2068 865 2116 recedere
883 2065 920 2128 (n.
935 2066 969 2130 l).
1010 2067 1127 2133 Denique
1143 2073 1243 2118 semes
1258 2066 1303 2115 ,4η

293 2155 356 2202 sinn
373 2154 452 2217 ipsum
470 2153 506 2201 uei
523 2153 641 2201 unitatem
659 2152 821 2201 ecclesiarum
837 2153 1026 2215 prornruudmn
1043 2152 1164 2202 torculur
1180 2150 1254 2215 (nt).

230 2287 257 2348 1.
296 2284 329 2349 Si
352 2285 457 2369 purime
478 2306 605 2369 semper
626 2288 691 2367 est,
720 2285 895 2368 imperator
921 2284 1057 2367 invicte,
1087 2307 1108 2348 a
1129 2283 1298 2370 regentibus

141 2385 260 2470 plicum
284 2389 430 2470 spectata
457 2387 597 2470 devotio,
633 2388 659 2450 si
689 2386 756 2450 sola
784 2386 890 2470 gratia
917 2385 1120 2451 dommorum
1148 2386 1303 2451 conciliatu

142 2489 266 2573 sequio;
288 2488 510 2551 indubitanter
532 2509 700 2572 agnosces,
723 2509 833 2552 sacrae
851 2487 1007 2571 jussionis
1026 2487 1157 2552 oracula
1177 2492 1303 2574 quantun

142 2594 193 2653 tus
218 2589 314 2654 vestri
337 2590 459 2653 fuerint
486 2589 704 2674 gratulatione
731 2594 897 2674 suscepta,
931 2590 1070 2654 maxime
1097 2613 1195 2676 quum
1221 2586 1303 2654 adb

142 2692 268 2755 animus
291 2691 411 2755 domiui
434 2692 538 2755 nostri
559 2691 760 2756 invictissimi
792 2691 877 2775 regis
899 2691 1089 2757 Theoderici
1116 2692 1175 2756 filii
1202 2691 1289 2756 vestn‘

141 2795 288 2858 datorum
313 2797 489 2858 vestrorum
511 2793 725 2858 obedientiam
747 2793 975 2878 praecipientis
991 2795 1159 2859 accederet
1168 2797 1202 2880 ¹),
1224 2798 1289 2859 eiu

141 2896 372 2980 superomnia
399 2896 555 2960 beneficia
578 2899 689 2960 vestra
714 2898 793 2959 tunc
820 2896 924 2980 magis
951 2917 1010 2959 uos
1037 2896 1137 2982 erigi,
1171 2917 1266 2982 quum

143 2998 282 3082 creditis,
306 2998 420 3083 quibus
442 2998 558 3061 debeat
579 2998 740 3082 imperari.
782 2997 857 3061 Mox
878 2998 980 3083 igitur
1002 3021 1113 3062 sacrae
1134 2998 1237 3063 studio
1253 2998 1274 3082 j·

141 3101 322 3186 implendae
344 3100 563 3164 beatissimum
585 3123 702 3184 papam
718 3099 922 3165 Hormisdam
945 3101 1138 3165 credidimus
1160 3101 1266 3185 depree

142 3203 180 3265 de
202 3225 264 3287 quo
286 3224 399 3286 purum
422 3206 472 3266 est
493 3203 608 3284 dicere,
632 3203 707 3286 quia
728 3206 803 3266 vota
825 3202 1074 3287 supplicantium
1096 3203 1258 3289 benignita

142 3306 252 3387 cessit3
275 3305 330 3368 scd
343 3308 385 3369 et
400 3305 565 3369 nobiseum
581 3326 655 3367 suns
670 3326 791 3388 preces,
816 3309 852 3368 ut
866 3305 949 3390 quod
965 3305 1138 3370 hortamini
1159 3306 1226 3388 fiat,

142 3406 337 3490 evangelicis
360 3407 559 3471 volmitntem
582 3428 671 3470 suam
694 3406 888 3470 testimoniis
904 3406 1089 3489 adserendo,
1114 3408 1243 3472 ostende

142 3508 216 3572 dum
240 3530 336 3593 supra
363 3509 600 3573 multitudinem
627 3511 830 3592 peccatorum
859 3531 986 3573 suomm
1015 3509 1177 3574 scandalis
1204 3508 1236 3593 pl

2 3595 126 3729 ἅᾞξξὲ
141 3614 226 3695 tum,
256 3612 331 3675 dum
354 3634 413 3675 vox
436 3612 564 3675 sitista
592 3611 766 3676 dominica:
796 3618 859 3676 Vae
880 3618 992 3676 mundo
1019 3633 1040 3675 u
1061 3618 1228 3683 mundalia

144 3788 287 3794 -—--—-—--
311 3788 320 3793 .
338 3787 444 3794 -—.-...

104 3906 127 3928 ··
209 3883 297 3954 ²)Ed.
316 3891 399 3939 unitos
471 3889 580 3939 reddite.

209 3973 231 4038 ⁴)
248 3970 291 4024 Al.
315 3969 379 4023 add.
404 3975 504 4030 Itoniae,
523 3969 597 4039 quod
616 3968 649 4023 θ’
665 3972 690 4022 ε’
709 3969 848 4023 omittunt.
890 3969 928 4023 Ut
945 3970 1038 4024 autem
1061 3968 1200 4026 consulari

141 4054 254 4113 excidit.
273 4055 447 4125 suppleatur,
465 4053 693 4124 perpendendum
712 4058 766 4107 est:
786 4062 809 4107 1.
829 4054 975 4124 epistolam
992 4053 1069 4108 illam
1087 4071 1139 4124 per
1150 4055 1194 4109 'l'h

141 4141 329 4206 Severianum,
348 4157 417 4208 qnos
428 4139 589 4193 Anastasius
607 4139 725 4192 excunte
736 4138 810 4192 lulio
829 4156 922 4193 ruense
940 4139 1006 4193 anui
1018 4145 1068 4193 o1o
1086 4139 1116 4193 in
1132 4138 1190 4195 Urb

141 4227 223 4281 scrisse
241 4225 421 4290 destinatam
444 4231 467 4278 2.
487 4224 595 4294 legatus
612 4224 686 4286 illos,
710 4226 808 4293 utpote
831 4224 916 4278 laicos
935 4224 1037 4278 adeas
1059 4240 1117 4290 res,
1137 4242 1184 4295 pr(

140 4312 321 4381 spectabatur
343 4309 461 4379 legatio,
487 4309 648 4364 tractandas
675 4311 759 4378 atque
782 4309 987 4379 componendas
1008 4308 1099 4363 miuus
1124 4308 1178 4363 idon

140 4395 199 4464 ipse
217 4395 296 4465 epist.
315 4402 347 4448 22
365 4414 391 4448 n.
410 4402 425 4448 ‘3
444 4397 524 4448 notat
542 4394 690 4459 exstitisse;
708 4394 835 4462 adeoque
854 4394 921 4447 niun
940 4395 1036 4458 luisse,
1055 4412 1104 4447 cur
1122 4410 1170 4449 eos

140 4497 202 4535 mac
220 4480 322 4534 diutius
340 4480 485 4535 detineret.
522 4478 657 4544 Quocirca
675 4479 732 4533 veri
752 4482 793 4533 est
810 4479 992 4545 simillimum,
1009 4496 1057 4533 eos
1075 4479 1165 4535 eaden

139 4564 286 4634 tiuopolim
304 4581 454 4619 renreasse:
473 4569 557 4634 atqcue
576 4566 646 4620 adeo
665 4564 812 4634 epistolam
831 4565 902 4618 hanc
920 4582 982 4617 cum
1000 4568 1150 4633 sequente,

140 4649 198 4703 lata
220 4652 274 4714 est,
299 4656 377 4705 Petro
395 4660 507 4711 noviante,
531 4651 584 4705 hoo
607 4653 648 4704 est
671 4667 743 4704 anuo
765 4656 815 4703 olli
836 4652 901 4718 post
922 4651 1078 4718 Ausgustum
1102 4668 1153 4705 men

139 4731 203 4786 dum
223 4752 289 4787 esse.

141 4824 171 4872 14
208 4822 228 4887 ¹)
247 4820 289 4872 lta
307 4820 341 4873 G'
356 4824 381 4874 οὗ
395 4824 420 4873 c⁷
433 4825 481 4886 0¹⁰5
500 4824 530 4874 ut
548 4825 573 4875 a'
589 4822 606 4874 b
623 4827 814 4890 praecipientes
832 4826 991 4878 emendaret,
