<?xml version="1.0" encoding="UTF-8"?>
<!DOCTYPE html PUBLIC "-//W3C//DTD XHTML 1.0 Transitional//EN"
    "http://www.w3.org/TR/xhtml1/DTD/xhtml1-transitional.dtd">
<html xmlns="http://www.w3.org/1999/xhtml" xml:lang="en" lang="en">
 <head>
  <title>
</title>
<meta http-equiv="Content-Type" content="text/html;charset=utf-8" />
  <meta name='ocr-system' content='tesseract 3.04.00' />
  <meta name='ocr-capabilities' content='ocr_page ocr_carea ocr_par ocr_line ocrx_word'/>
</head>
<body>
  <div class='ocr_page' id='page_1' title='image "./epistolaeromano00thiegoog/epistolaeromano00thiegoog_0932.png"; bbox 0 0 3204 5506; ppageno 0'>
   <div class='ocr_carea' id='block_1_1' title="bbox 576 305 1420 386">
    <p class='ocr_par' dir='ltr' id='par_1_1' title="bbox 576 305 1420 386">
     <span class='ocr_line' id='line_1_1' title="bbox 576 305 1420 386; baseline 0 -6"><span class='ocrx_word' id='word_1_1' title='bbox 576 331 771 382; x_wconf 77' lang='lat' dir='ltr'>arrsroaan</span> <span class='ocrx_word' id='word_1_2' title='bbox 794 322 941 386; x_wconf 83' lang='lat'>81—85.</span> <span class='ocrx_word' id='word_1_3' title='bbox 1333 315 1396 382; x_wconf 84' lang='lat'>883</span> <span class='ocrx_word' id='word_1_4' title='bbox 1417 305 1420 309; x_wconf 75' lang='grc'>’</span> 
     </span>
    </p>
   </div>
   <div class='ocr_carea' id='block_1_2' title="bbox 121 484 1519 1897">
    <p class='ocr_par' dir='ltr' id='par_1_2' title="bbox 121 484 1519 1897">
     <span class='ocr_line' id='line_1_2' title="bbox 121 484 1519 571; baseline 0.002 -23"><span class='ocrx_word' id='word_1_5' title='bbox 121 486 225 549; x_wconf 91' lang='lat' dir='ltr'>tatem</span> <span class='ocrx_word' id='word_1_6' title='bbox 248 484 411 549; x_wconf 86' lang='lat' dir='ltr'>valeamus</span> <span class='ocrx_word' id='word_1_7' title='bbox 433 486 570 568; x_wconf 79' lang='lat' dir='ltr'>explere.</span> <span class='ocrx_word' id='word_1_8' title='bbox 615 485 738 571; x_wconf 86' lang='lat' dir='ltr'>Magna</span> <span class='ocrx_word' id='word_1_9' title='bbox 759 486 906 570; x_wconf 85' lang='lat' dir='ltr'>profecto</span> <span class='ocrx_word' id='word_1_10' title='bbox 925 484 1078 550; x_wconf 89' lang='lat' dir='ltr'>memoria</span> <span class='ocrx_word' id='word_1_11' title='bbox 1100 485 1265 551; x_wconf 87' lang='lat' dir='ltr'>felicitatis</span> <span class='ocrx_word' id='word_1_12' title='bbox 1290 488 1395 551; x_wconf 89' lang='lat' dir='ltr'>trans·</span> <span class='ocrx_word' id='word_1_13' title='bbox 1408 495 1519 567; x_wconf 70' lang='lat' dir='ltr'>(aare)</span> 
     </span>
     <span class='ocr_line' id='line_1_3' title="bbox 122 585 1397 672; baseline 0.002 -22"><span class='ocrx_word' id='word_1_14' title='bbox 122 585 215 651; x_wconf 90' lang='lat' dir='ltr'>ibitis</span> <span class='ocrx_word' id='word_1_15' title='bbox 236 586 277 650; x_wconf 90' lang='lat' dir='ltr'>ad</span> <span class='ocrx_word' id='word_1_16' title='bbox 298 589 453 671; x_wconf 89' lang='lat' dir='ltr'>posteros,</span> <span class='ocrx_word' id='word_1_17' title='bbox 477 587 552 671; x_wconf 89' lang='lat' dir='ltr'>quia</span> <span class='ocrx_word' id='word_1_18' title='bbox 573 608 630 651; x_wconf 87' lang='lat' dir='ltr'>vos</span> <span class='ocrx_word' id='word_1_19' title='bbox 652 588 687 651; x_wconf 93' lang='lat' dir='ltr'>in</span> <span class='ocrx_word' id='word_1_20' title='bbox 708 587 857 652; x_wconf 88' lang='lat' dir='ltr'>facienda</span> <span class='ocrx_word' id='word_1_21' title='bbox 878 609 957 672; x_wconf 90' lang='lat' dir='ltr'>pace</span> <span class='ocrx_word' id='word_1_22' title='bbox 980 588 1194 653; x_wconf 90' lang='lat' dir='ltr'>sollieitudine</span> <span class='ocrx_word' id='word_1_23' title='bbox 1210 591 1332 652; x_wconf 89' lang='lat' dir='ltr'>eertum</span> <span class='ocrx_word' id='word_1_24' title='bbox 1347 592 1397 654; x_wconf 89' lang='lat' dir='ltr'>est</span> 
     </span>
     <span class='ocr_line' id='line_1_4' title="bbox 122 687 1396 775; baseline 0.002 -24"><span class='ocrx_word' id='word_1_25' title='bbox 122 687 224 753; x_wconf 90' lang='lat' dir='ltr'>fuisse</span> <span class='ocrx_word' id='word_1_26' title='bbox 252 688 452 754; x_wconf 83' lang='lat' dir='ltr'>constrictos.</span> <span class='ocrx_word' id='word_1_27' title='bbox 497 688 634 753; x_wconf 77' lang='lat' dir='ltr'><strong>Habetis</strong></span> <span class='ocrx_word' id='word_1_28' title='bbox 663 690 747 774; x_wconf 87' lang='lat' dir='ltr'>apud</span> <span class='ocrx_word' id='word_1_29' title='bbox 768 688 982 754; x_wconf 88' lang='lat' dir='ltr'>Divinitatem</span> <span class='ocrx_word' id='word_1_30' title='bbox 1009 690 1174 774; x_wconf 88' lang='lat' dir='ltr'>meritum,</span> <span class='ocrx_word' id='word_1_31' title='bbox 1209 691 1297 775; x_wconf 90' lang='lat' dir='ltr'>cujus</span> <span class='ocrx_word' id='word_1_32' title='bbox 1324 691 1396 755; x_wconf 89' lang='lat' dir='ltr'>reli-</span> 
     </span>
     <span class='ocr_line' id='line_1_5' title="bbox 123 789 1394 877; baseline 0.002 -24"><span class='ocrx_word' id='word_1_33' title='bbox 123 790 216 874; x_wconf 85' lang='lat' dir='ltr'>gioni</span> <span class='ocrx_word' id='word_1_34' title='bbox 231 789 412 873; x_wconf 74' lang='lat' dir='ltr'>persolvitis</span> <span class='ocrx_word' id='word_1_35' title='bbox 423 790 585 855; x_wconf 87' lang='lat' dir='ltr'>affectum.</span> <span class='ocrx_word' id='word_1_36' title='bbox 618 791 751 876; x_wconf 86' lang='lat' dir='ltr'>Opercti</span> <span class='ocrx_word' id='word_1_37' title='bbox 762 791 890 877; x_wconf 90' lang='lat' dir='ltr'>quidem</span> <span class='ocrx_word' id='word_1_38' title='bbox 905 791 982 856; x_wconf 89' lang='lat' dir='ltr'>estis</span> <span class='ocrx_word' id='word_1_39' title='bbox 993 793 1215 877; x_wconf 87' lang='lat' dir='ltr'>generalitatis</span> <span class='ocrx_word' id='word_1_40' title='bbox 1227 792 1394 875; x_wconf 89' lang='lat' dir='ltr'>desideria,</span> 
     </span>
     <span class='ocr_line' id='line_1_6' title="bbox 123 891 1395 980; baseline 0.002 -25"><span class='ocrx_word' id='word_1_41' title='bbox 123 891 182 955; x_wconf 89' lang='lat' dir='ltr'>sed</span> <span class='ocrx_word' id='word_1_42' title='bbox 204 894 237 956; x_wconf 91' lang='lat' dir='ltr'>et</span> <span class='ocrx_word' id='word_1_43' title='bbox 257 895 365 956; x_wconf 87' lang='lat' dir='ltr'>vestra</span> <span class='ocrx_word' id='word_1_44' title='bbox 386 893 508 976; x_wconf 89' lang='lat' dir='ltr'>pariter</span> <span class='ocrx_word' id='word_1_45' title='bbox 531 893 689 978; x_wconf 86' lang='lat' dir='ltr'>completa</span> <span class='ocrx_word' id='word_1_46' title='bbox 716 895 793 957; x_wconf 90' lang='lat' dir='ltr'>sunt</span> <span class='ocrx_word' id='word_1_47' title='bbox 819 897 909 976; x_wconf 79' lang='lat' dir='ltr'>vota3</span> <span class='ocrx_word' id='word_1_48' title='bbox 938 896 970 958; x_wconf 91' lang='lat' dir='ltr'>et</span> <span class='ocrx_word' id='word_1_49' title='bbox 991 916 1089 980; x_wconf 89' lang='lat' dir='ltr'>quum</span> <span class='ocrx_word' id='word_1_50' title='bbox 1117 894 1243 959; x_wconf 87' lang='lat' dir='ltr'>animae</span> <span class='ocrx_word' id='word_1_51' title='bbox 1271 897 1395 959; x_wconf 89' lang='lat' dir='ltr'>vestrae</span> 
     </span>
     <span class='ocr_line' id='line_1_7' title="bbox 123 993 1394 1081; baseline 0.004 -25"><span class='ocrx_word' id='word_1_52' title='bbox 123 993 316 1076; x_wconf 73' lang='lat' dir='ltr'>paraveritis</span> <span class='ocrx_word' id='word_1_53' title='bbox 338 996 530 1078; x_wconf 88' lang='lat' dir='ltr'>praemium,</span> <span class='ocrx_word' id='word_1_54' title='bbox 553 995 745 1059; x_wconf 71' lang='lat' dir='ltr'>universitas</span> <span class='ocrx_word' id='word_1_55' title='bbox 768 995 969 1080; x_wconf 55' lang='lat' dir='ltr'>sibisgaudet</span> <span class='ocrx_word' id='word_1_56' title='bbox 991 995 1182 1060; x_wconf 90' lang='lat' dir='ltr'>beneficium</span> <span class='ocrx_word' id='word_1_57' title='bbox 1204 997 1394 1081; x_wconf 88' lang='lat' dir='ltr'>impensum.</span> 
     </span>
     <span class='ocr_line' id='line_1_8' title="bbox 123 1093 1397 1182; baseline 0.004 -24"><span class='ocrx_word' id='word_1_58' title='bbox 123 1093 329 1180; x_wconf 78' lang='lat' dir='ltr'>Quapropter</span> <span class='ocrx_word' id='word_1_59' title='bbox 351 1097 459 1162; x_wconf 90' lang='lat' dir='ltr'>debita</span> <span class='ocrx_word' id='word_1_60' title='bbox 479 1097 726 1162; x_wconf 86' lang='lat' dir='ltr'>honorificentia</span> <span class='ocrx_word' id='word_1_61' title='bbox 747 1097 925 1162; x_wconf 87' lang='lat' dir='ltr'>salutantes</span> <span class='ocrx_word' id='word_1_62' title='bbox 947 1097 1112 1161; x_wconf 83' lang='lat' dir='ltr'>hortamur</span> <span class='ocrx_word' id='word_1_63' title='bbox 1133 1101 1166 1162; x_wconf 90' lang='lat' dir='ltr'>et</span> <span class='ocrx_word' id='word_1_64' title='bbox 1188 1098 1336 1182; x_wconf 86' lang='lat' dir='ltr'>petimus,</span> <span class='ocrx_word' id='word_1_65' title='bbox 1359 1102 1397 1163; x_wconf 90' lang='lat' dir='ltr'>ut</span> 
     </span>
     <span class='ocr_line' id='line_1_9' title="bbox 123 1196 1396 1284; baseline 0.003 -24"><span class='ocrx_word' id='word_1_66' title='bbox 123 1196 314 1281; x_wconf 82' lang='lat' dir='ltr'>vivacitate,</span> <span class='ocrx_word' id='word_1_67' title='bbox 347 1219 410 1283; x_wconf 91' lang='lat' dir='ltr'>qua</span> <span class='ocrx_word' id='word_1_68' title='bbox 442 1199 558 1283; x_wconf 87' lang='lat' dir='ltr'>quietis</span> <span class='ocrx_word' id='word_1_69' title='bbox 586 1199 821 1264; x_wconf 87' lang='lat' dir='ltr'>ecclesiasticae</span> <span class='ocrx_word' id='word_1_70' title='bbox 857 1200 1007 1283; x_wconf 88' lang='lat' dir='ltr'>coepistis</span> <span class='ocrx_word' id='word_1_71' title='bbox 1039 1199 1184 1283; x_wconf 88' lang='lat' dir='ltr'>initium,</span> <span class='ocrx_word' id='word_1_72' title='bbox 1218 1200 1396 1284; x_wconf 88' lang='lat' dir='ltr'>procuretis</span> 
     </span>
     <span class='ocr_line' id='line_1_10' title="bbox 123 1297 1396 1385; baseline 0.004 -23"><span class='ocrx_word' id='word_1_73' title='bbox 123 1297 290 1383; x_wconf 85' lang='lat' dir='ltr'>effectum,</span> <span class='ocrx_word' id='word_1_74' title='bbox 327 1303 359 1364; x_wconf 91' lang='lat' dir='ltr'>et</span> <span class='ocrx_word' id='word_1_75' title='bbox 386 1321 575 1385; x_wconf 89' lang='lat' dir='ltr'>quocunque</span> <span class='ocrx_word' id='word_1_76' title='bbox 609 1302 825 1366; x_wconf 89' lang='lat' dir='ltr'>contentionis</span> <span class='ocrx_word' id='word_1_77' title='bbox 859 1301 994 1385; x_wconf 88' lang='lat' dir='ltr'>alicujus</span> <span class='ocrx_word' id='word_1_78' title='bbox 1028 1301 1171 1365; x_wconf 87' lang='lat' dir='ltr'>videritis</span> <span class='ocrx_word' id='word_1_79' title='bbox 1204 1302 1396 1367; x_wconf 82' lang='lat' dir='ltr'>remansisse</span> 
     </span>
     <span class='ocr_line' id='line_1_11' title="bbox 121 1401 1396 1488; baseline 0.004 -24"><span class='ocrx_word' id='word_1_80' title='bbox 121 1401 278 1486; x_wconf 86' lang='lat' dir='ltr'>vestigia,</span> <span class='ocrx_word' id='word_1_81' title='bbox 315 1403 432 1467; x_wconf 89' lang='lat' dir='ltr'>curetis</span> <span class='ocrx_word' id='word_1_82' title='bbox 465 1403 567 1467; x_wconf 90' lang='lat' dir='ltr'>modis</span> <span class='ocrx_word' id='word_1_83' title='bbox 601 1403 748 1468; x_wconf 89' lang='lat' dir='ltr'>omnibus</span> <span class='ocrx_word' id='word_1_84' title='bbox 781 1403 988 1488; x_wconf 89' lang='lat' dir='ltr'>insequenda.</span> <span class='ocrx_word' id='word_1_85' title='bbox 1039 1402 1159 1468; x_wconf 90' lang='lat' dir='ltr'>Adeste</span> <span class='ocrx_word' id='word_1_86' title='bbox 1189 1403 1396 1469; x_wconf 87' lang='lat' dir='ltr'>ecclesiarum</span> 
     </span>
     <span class='ocr_line' id='line_1_12' title="bbox 122 1501 1396 1590; baseline 0.003 -24"><span class='ocrx_word' id='word_1_87' title='bbox 122 1501 186 1567; x_wconf 90' lang='lat' dir='ltr'>Dei</span> <span class='ocrx_word' id='word_1_88' title='bbox 212 1502 418 1588; x_wconf 85' lang='lat' dir='ltr'>plenissimae</span> <span class='ocrx_word' id='word_1_89' title='bbox 446 1504 691 1590; x_wconf 80' lang='lat' dir='ltr'>tranquillitati,</span> <span class='ocrx_word' id='word_1_90' title='bbox 720 1504 861 1569; x_wconf 87' lang='lat' dir='ltr'>insistite</span> <span class='ocrx_word' id='word_1_91' title='bbox 887 1504 1007 1588; x_wconf 89' lang='lat' dir='ltr'>labori,</span> <span class='ocrx_word' id='word_1_92' title='bbox 1042 1527 1136 1589; x_wconf 90' lang='lat' dir='ltr'>quem</span> <span class='ocrx_word' id='word_1_93' title='bbox 1163 1505 1236 1570; x_wconf 89' lang='lat' dir='ltr'>fidei</span> <span class='ocrx_word' id='word_1_94' title='bbox 1270 1510 1396 1571; x_wconf 90' lang='lat' dir='ltr'>vestrae</span> 
     </span>
     <span class='ocr_line' id='line_1_13' title="bbox 122 1603 1396 1691; baseline 0.005 -24"><span class='ocrx_word' id='word_1_95' title='bbox 122 1626 256 1669; x_wconf 90' lang='lat' dir='ltr'>munere</span> <span class='ocrx_word' id='word_1_96' title='bbox 277 1603 416 1670; x_wconf 90' lang='lat' dir='ltr'>Domino</span> <span class='ocrx_word' id='word_1_97' title='bbox 439 1607 574 1671; x_wconf 88' lang='lat' dir='ltr'>curastis</span> <span class='ocrx_word' id='word_1_98' title='bbox 600 1607 723 1672; x_wconf 88' lang='lat' dir='ltr'>offerre.</span> <span class='ocrx_word' id='word_1_99' title='bbox 768 1606 888 1672; x_wconf 86' lang='lat' dir='ltr'>Facitis</span> <span class='ocrx_word' id='word_1_100' title='bbox 917 1607 1018 1690; x_wconf 91' lang='lat' dir='ltr'>enim,</span> <span class='ocrx_word' id='word_1_101' title='bbox 1047 1609 1084 1670; x_wconf 91' lang='lat' dir='ltr'>ut</span> <span class='ocrx_word' id='word_1_102' title='bbox 1111 1607 1232 1691; x_wconf 88' lang='lat' dir='ltr'>majore</span> <span class='ocrx_word' id='word_1_103' title='bbox 1260 1630 1279 1672; x_wconf 91' lang='lat' dir='ltr'>a</span> <span class='ocrx_word' id='word_1_104' title='bbox 1305 1609 1396 1673; x_wconf 89' lang='lat' dir='ltr'>vobis</span> 
     </span>
     <span class='ocr_line' id='line_1_14' title="bbox 121 1706 1395 1794; baseline 0.003 -24"><span class='ocrx_word' id='word_1_105' title='bbox 121 1706 242 1771; x_wconf 86' lang='lat' dir='ltr'>fiducia</span> <span class='ocrx_word' id='word_1_106' title='bbox 264 1707 429 1792; x_wconf 84' lang='lat' dir='ltr'>exigamus</span> <span class='ocrx_word' id='word_1_107' title='bbox 451 1707 700 1792; x_wconf 82' lang='lat' dir='ltr'>plenitudinem,</span> <span class='ocrx_word' id='word_1_108' title='bbox 731 1730 808 1793; x_wconf 89' lang='lat' dir='ltr'>quos</span> <span class='ocrx_word' id='word_1_109' title='bbox 829 1707 1032 1794; x_wconf 81' lang='lat' dir='ltr'>gratulamur</span> <span class='ocrx_word' id='word_1_110' title='bbox 1060 1708 1258 1773; x_wconf 85' lang='lat' dir='ltr'>desideratae</span> <span class='ocrx_word' id='word_1_111' title='bbox 1281 1710 1395 1774; x_wconf 88' lang='lat' dir='ltr'>dulcis·</span> 
     </span>
     <span class='ocr_line' id='line_1_15' title="bbox 122 1808 1394 1897; baseline 0.004 -26"><span class='ocrx_word' id='word_1_112' title='bbox 122 1808 225 1872; x_wconf 87' lang='lat' dir='ltr'>simae</span> <span class='ocrx_word' id='word_1_113' title='bbox 240 1808 445 1874; x_wconf 89' lang='lat' dir='ltr'>adunationis</span> <span class='ocrx_word' id='word_1_114' title='bbox 459 1810 555 1875; x_wconf 91' lang='lat' dir='ltr'>initia</span> <span class='ocrx_word' id='word_1_115' title='bbox 569 1811 677 1875; x_wconf 90' lang='lat' dir='ltr'>votiva</span> <span class='ocrx_word' id='word_1_116' title='bbox 690 1809 852 1875; x_wconf 85' lang='lat' dir='ltr'>fundasse.</span> <span class='ocrx_word' id='word_1_117' title='bbox 885 1808 1004 1896; x_wconf 84' lang='lat' dir='ltr'>Data¹)</span> <span class='ocrx_word' id='word_1_118' title='bbox 1022 1810 1150 1875; x_wconf 90' lang='lat' dir='ltr'>consule</span> <span class='ocrx_word' id='word_1_119' title='bbox 1165 1812 1394 1897; x_wconf 79' lang='lat' dir='ltr'>suprascripto</span> 
     </span>
    </p>
   </div>
   <div class='ocr_carea' id='block_1_3' title="bbox 624 1997 889 2101">
    <p class='ocr_par' dir='ltr' id='par_1_3' title="bbox 624 1997 889 2101">
     <span class='ocr_line' id='line_1_16' title="bbox 624 1997 889 2101; baseline 0 -21"><span class='ocrx_word' id='word_1_120' title='bbox 624 1998 805 2101; x_wconf 85' lang='lat' dir='ltr'>Epistola</span> <span class='ocrx_word' id='word_1_121' title='bbox 830 1997 889 2080; x_wconf 91' lang='grc'>84.</span> 
     </span>
    </p>
   </div>
   <div class='ocr_carea' id='block_1_4' title="bbox 123 2103 1536 2321">
    <p class='ocr_par' dir='ltr' id='par_1_4' title="bbox 123 2103 1536 2321">
     <span class='ocr_line' id='line_1_17' title="bbox 422 2103 1536 2218; baseline -0.006 -18"><span class='ocrx_word' id='word_1_122' title='bbox 422 2132 634 2200; x_wconf 86' lang='lat' dir='ltr'>Hormisdae</span> <span class='ocrx_word' id='word_1_123' title='bbox 656 2149 767 2218; x_wconf 89' lang='lat' dir='ltr'>papae</span> <span class='ocrx_word' id='word_1_124' title='bbox 789 2103 1091 2200; x_wconf 49' lang='lat' dir='ltr'>ad&#39;lnastasiam.</span> <span class='ocrx_word' id='word_1_125' title='bbox 1407 2132 1496 2195; x_wconf 60' lang='lat'>(2⁵19</span> <span class='ocrx_word' id='word_1_126' title='bbox 1508 2128 1536 2185; x_wconf 81' lang='lat' dir='ltr'>d.</span> 
     </span>
     <span class='ocr_line' id='line_1_18' title="bbox 123 2198 1518 2321; baseline -0.001 -15"><span class='ocrx_word' id='word_1_127' title='bbox 123 2255 161 2306; x_wconf 83' lang='lat' dir='ltr'>Ut</span> <span class='ocrx_word' id='word_1_128' title='bbox 176 2261 287 2320; x_wconf 84' lang='lat' dir='ltr'>propter</span> <span class='ocrx_word' id='word_1_129' title='bbox 303 2257 403 2320; x_wconf 83' lang='lat' dir='ltr'>plenam</span> <span class='ocrx_word' id='word_1_130' title='bbox 421 2258 587 2308; x_wconf 73' lang='lat' dir='ltr'>dissensionis</span> <span class='ocrx_word' id='word_1_131' title='bbox 604 2258 798 2308; x_wconf 74' lang='lat' dir='ltr'>exstinctionem</span> <span class='ocrx_word' id='word_1_132' title='bbox 818 2263 877 2307; x_wconf 83' lang='lat' dir='ltr'>vota</span> <span class='ocrx_word' id='word_1_133' title='bbox 901 2272 949 2306; x_wconf 83' lang='lat' dir='ltr'>sua</span> <span class='ocrx_word' id='word_1_134' title='bbox 967 2257 1105 2321; x_wconf 62' lang='grc' dir='ltr'>1111111111ῃαί</span> <span class='ocrx_word' id='word_1_135' title='bbox 1120 2257 1251 2320; x_wconf 76' lang='lat' dir='ltr'>pontificis</span> <span class='ocrx_word' id='word_1_136' title='bbox 1265 2257 1393 2321; x_wconf 82' lang='lat' dir='ltr'>precibus.</span> <span class='ocrx_word' id='word_1_137' title='bbox 1424 2198 1518 2267; x_wconf 54' lang='grc' dir='ltr'>Μ)</span> 
     </span>
    </p>
   </div>
   <div class='ocr_carea' id='block_1_5' title="bbox 276 2370 764 2437">
    <p class='ocr_par' dir='ltr' id='par_1_5' title="bbox 276 2370 764 2437">
     <span class='ocr_line' id='line_1_19' title="bbox 276 2370 764 2437; baseline 0.004 -2"><span class='ocrx_word' id='word_1_138' title='bbox 276 2370 490 2437; x_wconf 89' lang='lat' dir='ltr'>Hormisda</span> <span class='ocrx_word' id='word_1_139' title='bbox 512 2372 764 2437; x_wconf 89' lang='lat' dir='ltr'>Anastasiae.</span> 
     </span>
    </p>
   </div>
   <div class='ocr_carea' id='block_1_6' title="bbox 115 2488 1474 3698">
    <p class='ocr_par' dir='ltr' id='par_1_6' title="bbox 115 2488 1474 3698">
     <span class='ocr_line' id='line_1_20' title="bbox 208 2488 1396 2576; baseline 0.003 -22"><span class='ocrx_word' id='word_1_140' title='bbox 208 2488 384 2574; x_wconf 90' lang='lat' dir='ltr'>Postquam</span> <span class='ocrx_word' id='word_1_141' title='bbox 405 2490 491 2555; x_wconf 89' lang='lat' dir='ltr'>Deus</span> <span class='ocrx_word' id='word_1_142' title='bbox 514 2495 624 2556; x_wconf 91' lang='lat' dir='ltr'>noster</span> <span class='ocrx_word' id='word_1_143' title='bbox 644 2491 809 2556; x_wconf 81' lang='lat' dir='ltr'>Ecclesiae</span> <span class='ocrx_word' id='word_1_144' title='bbox 831 2513 907 2555; x_wconf 90' lang='lat' dir='ltr'>suae</span> <span class='ocrx_word' id='word_1_145' title='bbox 928 2491 1072 2555; x_wconf 90' lang='lat' dir='ltr'>membra</span> <span class='ocrx_word' id='word_1_146' title='bbox 1097 2490 1134 2555; x_wconf 93' lang='lat' dir='ltr'>in</span> <span class='ocrx_word' id='word_1_147' title='bbox 1154 2499 1267 2575; x_wconf 87' lang='lat' dir='ltr'>pacem</span> <span class='ocrx_word' id='word_1_148' title='bbox 1288 2491 1396 2576; x_wconf 90' lang='lat' dir='ltr'>pristi-</span> 
     </span>
     <span class='ocr_line' id='line_1_21' title="bbox 120 2591 1396 2681; baseline 0.004 -27"><span class='ocrx_word' id='word_1_149' title='bbox 120 2612 200 2655; x_wconf 87' lang='lat' dir='ltr'>nam</span> <span class='ocrx_word' id='word_1_150' title='bbox 226 2591 390 2657; x_wconf 87' lang='lat' dir='ltr'>redeuntis</span> <span class='ocrx_word' id='word_1_151' title='bbox 412 2593 575 2677; x_wconf 85' lang='lat' dir='ltr'>solidavit,</span> <span class='ocrx_word' id='word_1_152' title='bbox 605 2594 659 2657; x_wconf 90' lang='lat' dir='ltr'>diu</span> <span class='ocrx_word' id='word_1_153' title='bbox 681 2615 737 2657; x_wconf 90' lang='lat' dir='ltr'>vos</span> <span class='ocrx_word' id='word_1_154' title='bbox 759 2592 954 2658; x_wconf 84' lang='lat' dir='ltr'>desiderasse</span> <span class='ocrx_word' id='word_1_155' title='bbox 975 2593 1141 2658; x_wconf 91' lang='lat' dir='ltr'>testamini</span> <span class='ocrx_word' id='word_1_156' title='bbox 1152 2595 1191 2681; x_wconf 90' lang='lat'>¹),</span> <span class='ocrx_word' id='word_1_157' title='bbox 1219 2594 1302 2678; x_wconf 90' lang='lat' dir='ltr'>quod</span> <span class='ocrx_word' id='word_1_158' title='bbox 1323 2616 1396 2680; x_wconf 90' lang='lat' dir='ltr'>pro·</span> 
     </span>
     <span class='ocr_line' id='line_1_22' title="bbox 119 2693 1395 2781; baseline 0.003 -24"><span class='ocrx_word' id='word_1_159' title='bbox 119 2693 250 2758; x_wconf 87' lang='lat' dir='ltr'>venisse</span> <span class='ocrx_word' id='word_1_160' title='bbox 272 2695 465 2779; x_wconf 80' lang='lat' dir='ltr'>gaudentes,</span> <span class='ocrx_word' id='word_1_161' title='bbox 496 2698 529 2760; x_wconf 91' lang='lat' dir='ltr'>et</span> <span class='ocrx_word' id='word_1_162' title='bbox 549 2717 608 2760; x_wconf 93' lang='lat' dir='ltr'>nos</span> <span class='ocrx_word' id='word_1_163' title='bbox 629 2696 757 2781; x_wconf 91' lang='lat' dir='ltr'>quidem</span> <span class='ocrx_word' id='word_1_164' title='bbox 779 2695 999 2761; x_wconf 87' lang='lat' dir='ltr'>indesinenter</span> <span class='ocrx_word' id='word_1_165' title='bbox 1020 2694 1162 2760; x_wconf 89' lang='lat' dir='ltr'>divinam</span> <span class='ocrx_word' id='word_1_166' title='bbox 1191 2695 1395 2761; x_wconf 88' lang='lat' dir='ltr'>clementiam</span> 
     </span>
     <span class='ocr_line' id='line_1_23' title="bbox 120 2796 1395 2883; baseline 0.003 -24"><span class='ocrx_word' id='word_1_167' title='bbox 120 2796 342 2880; x_wconf 88' lang='lat' dir='ltr'>deprecamur,</span> <span class='ocrx_word' id='word_1_168' title='bbox 366 2802 403 2861; x_wconf 88' lang='lat' dir='ltr'>ut</span> <span class='ocrx_word' id='word_1_169' title='bbox 424 2798 507 2862; x_wconf 91' lang='lat' dir='ltr'>sicut</span> <span class='ocrx_word' id='word_1_170' title='bbox 528 2797 586 2861; x_wconf 88' lang='lat' dir='ltr'>has</span> <span class='ocrx_word' id='word_1_171' title='bbox 609 2799 702 2883; x_wconf 88' lang='lat' dir='ltr'>regni</span> <span class='ocrx_word' id='word_1_172' title='bbox 723 2798 882 2883; x_wconf 87' lang='lat' dir='ltr'>primitias</span> <span class='ocrx_word' id='word_1_173' title='bbox 897 2801 1066 2883; x_wconf 84' lang='lat' dir='ltr'>gratanter</span> <span class='ocrx_word' id='word_1_174' title='bbox 1081 2798 1215 2882; x_wconf 89' lang='lat' dir='ltr'>accepit,</span> <span class='ocrx_word' id='word_1_175' title='bbox 1239 2797 1286 2863; x_wconf 92' lang='lat' dir='ltr'>ita</span> <span class='ocrx_word' id='word_1_176' title='bbox 1300 2799 1395 2863; x_wconf 90' lang='lat' dir='ltr'>fidem</span> 
     </span>
     <span class='ocr_line' id='line_1_24' title="bbox 119 2897 1395 2987; baseline 0.002 -25"><span class='ocrx_word' id='word_1_177' title='bbox 119 2897 202 2979; x_wconf 82' lang='lat' dir='ltr'>boni</span> <span class='ocrx_word' id='word_1_178' title='bbox 229 2898 385 2983; x_wconf 90' lang='lat' dir='ltr'>principis</span> <span class='ocrx_word' id='word_1_179' title='bbox 407 2898 495 2963; x_wconf 93' lang='lat' dir='ltr'>omni</span> <span class='ocrx_word' id='word_1_180' title='bbox 516 2922 642 2985; x_wconf 90' lang='lat' dir='ltr'>semper</span> <span class='ocrx_word' id='word_1_181' title='bbox 669 2899 800 2984; x_wconf 88' lang='lat' dir='ltr'>adjuvet</span> <span class='ocrx_word' id='word_1_182' title='bbox 820 2900 1043 2984; x_wconf 88' lang='lat' dir='ltr'>prosperitatis</span> <span class='ocrx_word' id='word_1_183' title='bbox 1072 2899 1236 2987; x_wconf 75' lang='lat' dir='ltr'>effeetu2),</span> <span class='ocrx_word' id='word_1_184' title='bbox 1268 2903 1301 2965; x_wconf 91' lang='lat' dir='ltr'>et</span> <span class='ocrx_word' id='word_1_185' title='bbox 1327 2904 1395 2965; x_wconf 86' lang='lat' dir='ltr'>tam</span> 
     </span>
     <span class='ocr_line' id='line_1_25' title="bbox 118 3000 1393 3086; baseline 0.002 -23"><span class='ocrx_word' id='word_1_186' title='bbox 118 3000 230 3084; x_wconf 91' lang='lat' dir='ltr'>ipsum</span> <span class='ocrx_word' id='word_1_187' title='bbox 257 3022 352 3084; x_wconf 91' lang='lat' dir='ltr'>quam</span> <span class='ocrx_word' id='word_1_188' title='bbox 379 3022 435 3064; x_wconf 91' lang='lat' dir='ltr'>vos</span> <span class='ocrx_word' id='word_1_189' title='bbox 462 3021 572 3065; x_wconf 91' lang='lat' dir='ltr'>omnes</span> <span class='ocrx_word' id='word_1_190' title='bbox 598 3003 634 3065; x_wconf 89' lang='lat' dir='ltr'>in</span> <span class='ocrx_word' id='word_1_191' title='bbox 660 3005 865 3066; x_wconf 90' lang='lat' dir='ltr'>sacrosancto</span> <span class='ocrx_word' id='word_1_192' title='bbox 892 3001 1057 3086; x_wconf 83' lang='lat' dir='ltr'>religionis</span> <span class='ocrx_word' id='word_1_193' title='bbox 1085 3023 1191 3066; x_wconf 85' lang='lat' dir='ltr'>amore</span> <span class='ocrx_word' id='word_1_194' title='bbox 1224 3002 1393 3086; x_wconf 88' lang='lat' dir='ltr'>custodiat,</span> 
     </span>
     <span class='ocr_line' id='line_1_26' title="bbox 118 3102 1395 3188; baseline 0.003 -23"><span class='ocrx_word' id='word_1_195' title='bbox 118 3103 162 3165; x_wconf 92' lang='lat' dir='ltr'>ut</span> <span class='ocrx_word' id='word_1_196' title='bbox 184 3123 316 3186; x_wconf 92' lang='lat' dir='ltr'>quorum</span> <span class='ocrx_word' id='word_1_197' title='bbox 337 3102 415 3166; x_wconf 90' lang='lat' dir='ltr'>fides</span> <span class='ocrx_word' id='word_1_198' title='bbox 438 3124 577 3167; x_wconf 90' lang='lat' dir='ltr'>errorem</span> <span class='ocrx_word' id='word_1_199' title='bbox 598 3103 760 3188; x_wconf 87' lang='lat' dir='ltr'>pessimae</span> <span class='ocrx_word' id='word_1_200' title='bbox 782 3103 989 3167; x_wconf 90' lang='lat' dir='ltr'>dissensionis</span> <span class='ocrx_word' id='word_1_201' title='bbox 1012 3102 1147 3186; x_wconf 87' lang='lat' dir='ltr'>abjecit,</span> <span class='ocrx_word' id='word_1_202' title='bbox 1179 3105 1212 3166; x_wconf 91' lang='lat' dir='ltr'>et</span> <span class='ocrx_word' id='word_1_203' title='bbox 1232 3107 1269 3167; x_wconf 92' lang='lat' dir='ltr'>tu</span> <span class='ocrx_word' id='word_1_204' title='bbox 1290 3104 1337 3167; x_wconf 87' lang='lat' dir='ltr'>ita</span> <span class='ocrx_word' id='word_1_205' title='bbox 1359 3103 1395 3169; x_wconf 92' lang='lat' dir='ltr'>in</span> 
     </span>
     <span class='ocr_line' id='line_1_27' title="bbox 118 3203 1394 3289; baseline 0.002 -21"><span class='ocrx_word' id='word_1_206' title='bbox 118 3204 219 3268; x_wconf 83' lang='lat' dir='ltr'>terris</span> <span class='ocrx_word' id='word_1_207' title='bbox 247 3203 375 3287; x_wconf 90' lang='lat' dir='ltr'>floreas,</span> <span class='ocrx_word' id='word_1_208' title='bbox 408 3206 446 3268; x_wconf 91' lang='lat' dir='ltr'>ut</span> <span class='ocrx_word' id='word_1_209' title='bbox 474 3208 623 3269; x_wconf 88' lang='lat' dir='ltr'>aeternae</span> <span class='ocrx_word' id='word_1_210' title='bbox 651 3204 763 3268; x_wconf 90' lang='lat' dir='ltr'>salutis</span> <span class='ocrx_word' id='word_1_211' title='bbox 790 3203 1005 3270; x_wconf 88' lang='lat' dir='ltr'>remuneratio</span> <span class='ocrx_word' id='word_1_212' title='bbox 1032 3204 1253 3289; x_wconf 88' lang='lat' dir='ltr'>subsequatur.</span> <span class='ocrx_word' id='word_1_213' title='bbox 1298 3204 1394 3270; x_wconf 87' lang='lat' dir='ltr'>Nunc</span> 
     </span>
     <span class='ocr_line' id='line_1_28' title="bbox 118 3306 1394 3392; baseline 0.002 -23"><span class='ocrx_word' id='word_1_214' title='bbox 118 3306 226 3390; x_wconf 87' lang='lat' dir='ltr'>igitur</span> <span class='ocrx_word' id='word_1_215' title='bbox 255 3327 312 3370; x_wconf 89' lang='lat' dir='ltr'>vos</span> <span class='ocrx_word' id='word_1_216' title='bbox 345 3327 469 3391; x_wconf 91' lang='lat' dir='ltr'>quoque</span> <span class='ocrx_word' id='word_1_217' title='bbox 502 3309 577 3371; x_wconf 89' lang='lat' dir='ltr'>vota</span> <span class='ocrx_word' id='word_1_218' title='bbox 611 3307 778 3371; x_wconf 90' lang='lat' dir='ltr'>nobiseum</span> <span class='ocrx_word' id='word_1_219' title='bbox 809 3308 1012 3392; x_wconf 87' lang='lat' dir='ltr'>conjungite,</span> <span class='ocrx_word' id='word_1_220' title='bbox 1048 3309 1081 3369; x_wconf 90' lang='lat' dir='ltr'>et</span> <span class='ocrx_word' id='word_1_221' title='bbox 1102 3306 1250 3371; x_wconf 91' lang='lat' dir='ltr'>omnibus</span> <span class='ocrx_word' id='word_1_222' title='bbox 1279 3329 1298 3370; x_wconf 90' lang='lat' dir='ltr'>a</span> <span class='ocrx_word' id='word_1_223' title='bbox 1325 3307 1394 3372; x_wconf 92' lang='lat' dir='ltr'>Deo</span> 
     </span>
     <span class='ocr_line' id='line_1_29' title="bbox 116 3407 1474 3493; baseline 0.004 -21"><span class='ocrx_word' id='word_1_224' title='bbox 116 3407 246 3472; x_wconf 86' lang='lat' dir='ltr'>viribus</span> <span class='ocrx_word' id='word_1_225' title='bbox 267 3408 451 3491; x_wconf 87' lang='lat' dir='ltr'>implorate:</span> <span class='ocrx_word' id='word_1_226' title='bbox 480 3411 517 3472; x_wconf 89' lang='lat' dir='ltr'>ut</span> <span class='ocrx_word' id='word_1_227' title='bbox 537 3408 632 3492; x_wconf 91' lang='lat' dir='ltr'>hujus</span> <span class='ocrx_word' id='word_1_228' title='bbox 655 3409 862 3474; x_wconf 85' lang='lat' dir='ltr'>correctionis</span> <span class='ocrx_word' id='word_1_229' title='bbox 885 3408 1065 3493; x_wconf 84' lang='lat' dir='ltr'>exemplum</span> <span class='ocrx_word' id='word_1_230' title='bbox 1087 3429 1197 3472; x_wconf 86' lang='lat' dir='ltr'>ornnes</span> <span class='ocrx_word' id='word_1_231' title='bbox 1219 3413 1395 3492; x_wconf 88' lang='lat' dir='ltr'>sequantur</span> <span class='ocrx_word' id='word_1_232' title='bbox 1471 3472 1474 3478; x_wconf 89' lang='lat'><em>.</em></span> 
     </span>
     <span class='ocr_line' id='line_1_30' title="bbox 118 3509 1394 3596; baseline -0.001 -22"><span class='ocrx_word' id='word_1_233' title='bbox 118 3509 289 3593; x_wconf 88' lang='lat' dir='ltr'>eeclesiae,</span> <span class='ocrx_word' id='word_1_234' title='bbox 312 3512 349 3573; x_wconf 92' lang='lat' dir='ltr'>ut</span> <span class='ocrx_word' id='word_1_235' title='bbox 369 3509 452 3575; x_wconf 88' lang='lat' dir='ltr'>nihil</span> <span class='ocrx_word' id='word_1_236' title='bbox 473 3510 535 3574; x_wconf 91' lang='lat' dir='ltr'>sibi</span> <span class='ocrx_word' id='word_1_237' title='bbox 558 3510 703 3575; x_wconf 87' lang='lat' dir='ltr'>diabolus</span> <span class='ocrx_word' id='word_1_238' title='bbox 724 3511 915 3576; x_wconf 90' lang='lat' dir='ltr'>remansisse</span> <span class='ocrx_word' id='word_1_239' title='bbox 937 3511 1087 3596; x_wconf 87' lang='lat' dir='ltr'>gaudeat,</span> <span class='ocrx_word' id='word_1_240' title='bbox 1117 3532 1211 3595; x_wconf 89' lang='lat' dir='ltr'>quem</span> <span class='ocrx_word' id='word_1_241' title='bbox 1232 3512 1267 3575; x_wconf 92' lang='lat' dir='ltr'>in</span> <span class='ocrx_word' id='word_1_242' title='bbox 1289 3513 1394 3574; x_wconf 89' lang='lat' dir='ltr'>totum</span> 
     </span>
     <span class='ocr_line' id='line_1_31' title="bbox 115 3611 1017 3698; baseline 0.003 -23"><span class='ocrx_word' id='word_1_243' title='bbox 115 3633 207 3698; x_wconf 86' lang='lat' dir='ltr'>pene</span> <span class='ocrx_word' id='word_1_244' title='bbox 226 3611 296 3695; x_wconf 90' lang='lat' dir='ltr'>jam</span> <span class='ocrx_word' id='word_1_245' title='bbox 316 3615 428 3676; x_wconf 90' lang='lat' dir='ltr'>nostra</span> <span class='ocrx_word' id='word_1_246' title='bbox 451 3612 620 3678; x_wconf 89' lang='lat' dir='ltr'>concordia</span> <span class='ocrx_word' id='word_1_247' title='bbox 642 3613 823 3698; x_wconf 87' lang='lat' dir='ltr'>gratulatur</span> <span class='ocrx_word' id='word_1_248' title='bbox 845 3613 1017 3678; x_wconf 85' lang='lat' dir='ltr'>exclusum.</span> 
     </span>
    </p>
   </div>
   <div class='ocr_carea' id='block_1_7' title="bbox 628 3799 894 3903">
    <p class='ocr_par' dir='ltr' id='par_1_7' title="bbox 628 3799 894 3903">
     <span class='ocr_line' id='line_1_32' title="bbox 628 3799 894 3903; baseline -0.008 -19"><span class='ocrx_word' id='word_1_249' title='bbox 628 3799 810 3903; x_wconf 85' lang='lat' dir='ltr'>Epistola</span> <span class='ocrx_word' id='word_1_250' title='bbox 836 3799 894 3883; x_wconf 88' lang='lat'>85.</span> 
     </span>
    </p>
   </div>
   <div class='ocr_carea' id='block_1_8' title="bbox 352 3918 1533 4055">
    <p class='ocr_par' dir='ltr' id='par_1_8' title="bbox 352 3918 1533 4055">
     <span class='ocr_line' id='line_1_33' title="bbox 352 3918 1533 4055; baseline 0.011 -54"><span class='ocrx_word' id='word_1_251' title='bbox 352 3933 563 4002; x_wconf 82' lang='lat' dir='ltr'>Hormisdno</span> <span class='ocrx_word' id='word_1_252' title='bbox 586 3953 697 4019; x_wconf 88' lang='lat' dir='ltr'>papae</span> <span class='ocrx_word' id='word_1_253' title='bbox 719 3935 763 4002; x_wconf 88' lang='lat' dir='ltr'>ad</span> <span class='ocrx_word' id='word_1_254' title='bbox 786 3936 969 4001; x_wconf 85' lang='lat' dir='ltr'>Julianam</span> <span class='ocrx_word' id='word_1_255' title='bbox 991 3932 1166 4001; x_wconf 79' lang='lat' dir='ltr'>Anicium.</span> <span class='ocrx_word' id='word_1_256' title='bbox 1400 3918 1437 4039; x_wconf 66' lang='grc'>(9</span> <span class='ocrx_word' id='word_1_257' title='bbox 1450 3959 1533 4055; x_wconf 58' lang='lat' dir='ltr'>Jul.)‘</span> 
     </span>
    </p>
   </div>
   <div class='ocr_carea' id='block_1_9' title="bbox 286 4059 1235 4123">
    <p class='ocr_par' dir='ltr' id='par_1_9' title="bbox 286 4059 1235 4123">
     <span class='ocr_line' id='line_1_34' title="bbox 286 4059 1235 4123; baseline -0.001 -14"><span class='ocrx_word' id='word_1_258' title='bbox 286 4059 319 4109; x_wconf 77' lang='lat' dir='ltr'>Ut</span> <span class='ocrx_word' id='word_1_259' title='bbox 337 4074 441 4123; x_wconf 81' lang='lat' dir='ltr'>operam</span> <span class='ocrx_word' id='word_1_260' title='bbox 459 4066 544 4117; x_wconf 84' lang='lat' dir='ltr'>navet,</span> <span class='ocrx_word' id='word_1_261' title='bbox 563 4075 594 4109; x_wconf 87' lang='lat' dir='ltr'>ne</span> <span class='ocrx_word' id='word_1_262' title='bbox 612 4061 685 4109; x_wconf 80' lang='lat' dir='ltr'>aliun</span> <span class='ocrx_word' id='word_1_263' title='bbox 702 4061 823 4123; x_wconf 80' lang='lat' dir='ltr'>deinceps</span> <span class='ocrx_word' id='word_1_264' title='bbox 839 4059 980 4109; x_wconf 57' lang='lat' dir='ltr'>schematis</span> <span class='ocrx_word' id='word_1_265' title='bbox 996 4075 1080 4111; x_wconf 85' lang='lat' dir='ltr'>semen</span> <span class='ocrx_word' id='word_1_266' title='bbox 1097 4066 1235 4113; x_wconf 83' lang='lat' dir='ltr'>remaneat.</span> 
     </span>
    </p>
   </div>
   <div class='ocr_carea' id='block_1_10' title="bbox 277 4172 901 4239">
    <p class='ocr_par' dir='ltr' id='par_1_10' title="bbox 277 4172 901 4239">
     <span class='ocr_line' id='line_1_35' title="bbox 277 4172 901 4239; baseline 0.002 -2"><span class='ocrx_word' id='word_1_267' title='bbox 277 4172 489 4239; x_wconf 88' lang='lat' dir='ltr'>Hormisda</span> <span class='ocrx_word' id='word_1_268' title='bbox 512 4174 698 4239; x_wconf 89' lang='lat' dir='ltr'>Julianae</span> <span class='ocrx_word' id='word_1_269' title='bbox 723 4174 901 4239; x_wconf 86' lang='lat' dir='ltr'>Aniciae.</span> 
     </span>
    </p>
   </div>
   <div class='ocr_carea' id='block_1_11' title="bbox 210 4291 1393 4380">
    <p class='ocr_par' dir='ltr' id='par_1_11' title="bbox 210 4291 1393 4380">
     <span class='ocr_line' id='line_1_36' title="bbox 210 4291 1393 4380; baseline 0.001 -24"><span class='ocrx_word' id='word_1_270' title='bbox 210 4291 340 4356; x_wconf 88' lang='lat' dir='ltr'>Litteris</span> <span class='ocrx_word' id='word_1_271' title='bbox 368 4293 588 4377; x_wconf 88' lang='lat' dir='ltr'>amplitudinis</span> <span class='ocrx_word' id='word_1_272' title='bbox 617 4296 740 4357; x_wconf 88' lang='lat' dir='ltr'>vestrae</span> <span class='ocrx_word' id='word_1_273' title='bbox 767 4294 942 4378; x_wconf 86' lang='lat' dir='ltr'>perceptis,</span> <span class='ocrx_word' id='word_1_274' title='bbox 971 4295 1093 4380; x_wconf 63' lang='lat' dir='ltr'>gratim</span> <span class='ocrx_word' id='word_1_275' title='bbox 1121 4293 1189 4357; x_wconf 92' lang='lat' dir='ltr'>Deo</span> <span class='ocrx_word' id='word_1_276' title='bbox 1217 4295 1327 4357; x_wconf 90' lang='lat' dir='ltr'>nostro</span> <span class='ocrx_word' id='word_1_277' title='bbox 1354 4293 1393 4357; x_wconf 90' lang='lat' dir='ltr'>de</span> 
     </span>
    </p>
   </div>
   <div class='ocr_carea' id='block_1_12' title="bbox 118 4462 1394 4958">
    <p class='ocr_par' dir='ltr' id='par_1_12' title="bbox 118 4462 1394 4860">
     <span class='ocr_line' id='line_1_37' title="bbox 119 4462 545 4532; baseline 0 -13"><span class='ocrx_word' id='word_1_278' title='bbox 119 4470 155 4519; x_wconf 86' lang='grc'>83</span> <span class='ocrx_word' id='word_1_279' title='bbox 194 4464 213 4531; x_wconf 89' lang='lat'>¹)</span> <span class='ocrx_word' id='word_1_280' title='bbox 233 4464 267 4515; x_wconf 64' lang='lat'>(³¹</span> <span class='ocrx_word' id='word_1_281' title='bbox 286 4468 356 4516; x_wconf 77' lang='lat' dir='ltr'>Data</span> <span class='ocrx_word' id='word_1_282' title='bbox 375 4466 490 4532; x_wconf 62' lang='lat' dir='ltr'>piceis.</span> <span class='ocrx_word' id='word_1_283' title='bbox 508 4462 545 4519; x_wconf 75' lang='lat' dir='ltr'>si.</span> 
     </span>
     <span class='ocr_line' id='line_1_38' title="bbox 119 4546 1394 4619; baseline -0.002 -15"><span class='ocrx_word' id='word_1_284' title='bbox 119 4554 156 4604; x_wconf 81' lang='lat'>84</span> <span class='ocrx_word' id='word_1_285' title='bbox 193 4549 213 4616; x_wconf 90' lang='lat'>¹)</span> <span class='ocrx_word' id='word_1_286' title='bbox 232 4546 266 4601; x_wconf 87' lang='lat' dir='ltr'>G¹</span> <span class='ocrx_word' id='word_1_287' title='bbox 285 4555 417 4602; x_wconf 81' lang='lat' dir='ltr'>certamini</span> <span class='ocrx_word' id='word_1_288' title='bbox 438 4554 513 4619; x_wconf 69' lang='lat' dir='ltr'>qarod.</span> <span class='ocrx_word' id='word_1_289' title='bbox 552 4546 603 4601; x_wconf 83' lang='lat' dir='ltr'>Ed.</span> <span class='ocrx_word' id='word_1_290' title='bbox 623 4554 762 4602; x_wconf 81' lang='lat' dir='ltr'>certamina</span> <span class='ocrx_word' id='word_1_291' title='bbox 835 4550 915 4612; x_wconf 70' lang='lat' dir='ltr'>Orroei.</span> <span class='ocrx_word' id='word_1_292' title='bbox 954 4547 1008 4602; x_wconf 85' lang='lat' dir='ltr'>Sed</span> <span class='ocrx_word' id='word_1_293' title='bbox 1031 4546 1143 4616; x_wconf 70' lang='lat' dir='ltr'>ntegra</span> <span class='ocrx_word' id='word_1_294' title='bbox 1165 4548 1219 4603; x_wconf 82' lang='lat' dir='ltr'>erit</span> <span class='ocrx_word' id='word_1_295' title='bbox 1244 4547 1346 4615; x_wconf 83' lang='lat' dir='ltr'>oratio,</span> <span class='ocrx_word' id='word_1_296' title='bbox 1370 4547 1394 4601; x_wconf 85' lang='lat' dir='ltr'>si</span> 
     </span>
     <span class='ocr_line' id='line_1_39' title="bbox 119 4632 1393 4703; baseline -0.002 -15"><span class='ocrx_word' id='word_1_297' title='bbox 119 4633 185 4688; x_wconf 89' lang='lat' dir='ltr'>loco</span> <span class='ocrx_word' id='word_1_298' title='bbox 203 4639 336 4686; x_wconf 82' lang='lat' dir='ltr'>certamini</span> <span class='ocrx_word' id='word_1_299' title='bbox 351 4634 477 4703; x_wconf 80' lang='lat' dir='ltr'>legamus</span> <span class='ocrx_word' id='word_1_300' title='bbox 495 4639 633 4697; x_wconf 78' lang='lat' dir='ltr'>testamini,</span> <span class='ocrx_word' id='word_1_301' title='bbox 657 4633 823 4702; x_wconf 87' lang='lat' dir='ltr'>praesertim</span> <span class='ocrx_word' id='word_1_302' title='bbox 842 4651 927 4702; x_wconf 88' lang='lat' dir='ltr'>quum</span> <span class='ocrx_word' id='word_1_303' title='bbox 944 4632 1019 4687; x_wconf 89' lang='lat' dir='ltr'>haud</span> <span class='ocrx_word' id='word_1_304' title='bbox 1037 4632 1120 4685; x_wconf 88' lang='lat' dir='ltr'>dubie</span> <span class='ocrx_word' id='word_1_305' title='bbox 1138 4633 1175 4686; x_wconf 89' lang='lat' dir='ltr'>ad</span> <span class='ocrx_word' id='word_1_306' title='bbox 1192 4632 1260 4686; x_wconf 86' lang='lat' dir='ltr'>illud</span> <span class='ocrx_word' id='word_1_307' title='bbox 1277 4634 1393 4686; x_wconf 80' lang='lat' dir='ltr'>Anasta-</span> 
     </span>
     <span class='ocr_line' id='line_1_40' title="bbox 119 4716 1394 4788; baseline -0.002 -16"><span class='ocrx_word' id='word_1_308' title='bbox 119 4718 181 4773; x_wconf 83' lang='lat' dir='ltr'>siae</span> <span class='ocrx_word' id='word_1_309' title='bbox 200 4716 279 4786; x_wconf 76' lang='lat' dir='ltr'>epist.</span> <span class='ocrx_word' id='word_1_310' title='bbox 294 4723 326 4771; x_wconf 78' lang='lat'>70</span> <span class='ocrx_word' id='word_1_311' title='bbox 344 4718 388 4771; x_wconf 86' lang='lat' dir='ltr'>hic</span> <span class='ocrx_word' id='word_1_312' title='bbox 405 4718 584 4788; x_wconf 82' lang='lat' dir='ltr'>respiciatur:</span> <span class='ocrx_word' id='word_1_313' title='bbox 608 4725 651 4773; x_wconf 72' lang='lat' dir='ltr'>(iia</span> <span class='ocrx_word' id='word_1_314' title='bbox 667 4728 807 4788; x_wconf 78' lang='lat' dir='ltr'>eaepctitarn</span> <span class='ocrx_word' id='word_1_315' title='bbox 823 4723 996 4772; x_wconf 81' lang='lat' dir='ltr'>sacrosanctis</span> <span class='ocrx_word' id='word_1_316' title='bbox 1014 4722 1127 4771; x_wconf 83' lang='lat' dir='ltr'>ecclesiis</span> <span class='ocrx_word' id='word_1_317' title='bbox 1143 4724 1304 4773; x_wconf 75' lang='lat' dir='ltr'>concordiam</span> <span class='ocrx_word' id='word_1_318' title='bbox 1319 4723 1394 4786; x_wconf 81' lang='lat' dir='ltr'>pacis</span> 
     </span>
     <span class='ocr_line' id='line_1_41' title="bbox 118 4809 243 4860; baseline -0.032 0"><span class='ocrx_word' id='word_1_319' title='bbox 118 4809 243 4860; x_wconf 79' lang='lat' dir='ltr'>restituit.</span> 
     </span>
    </p>

    <p class='ocr_par' dir='ltr' id='par_1_13' title="bbox 192 4887 951 4958">
     <span class='ocr_line' id='line_1_42' title="bbox 192 4887 951 4958; baseline 0.003 -18"><span class='ocrx_word' id='word_1_320' title='bbox 192 4890 213 4957; x_wconf 78' lang='lat'>²)</span> <span class='ocrx_word' id='word_1_321' title='bbox 231 4887 282 4941; x_wconf 83' lang='lat' dir='ltr'>Ed.</span> <span class='ocrx_word' id='word_1_322' title='bbox 301 4895 396 4958; x_wconf 69' lang='lat' dir='ltr'>aflectu</span> <span class='ocrx_word' id='word_1_323' title='bbox 468 4894 537 4943; x_wconf 70' lang='lat' dir='ltr'>&gt;robis</span> <span class='ocrx_word' id='word_1_324' title='bbox 554 4895 700 4957; x_wconf 78' lang='lat' dir='ltr'>conjnnpite</span> <span class='ocrx_word' id='word_1_325' title='bbox 770 4909 836 4958; x_wconf 86' lang='lat' dir='ltr'>pene</span> <span class='ocrx_word' id='word_1_326' title='bbox 854 4899 951 4942; x_wconf 83' lang='lat' dir='ltr'>nostro.</span> 
     </span>
    </p>
   </div>
   <div class='ocr_carea' id='block_1_13' title="bbox 1127 4974 1192 5041">
    <p class='ocr_par' dir='ltr' id='par_1_14' title="bbox 1127 4974 1192 5041">
     <span class='ocr_line' id='line_1_43' title="bbox 1127 4974 1192 5041; baseline 0.046 -3"><span class='ocrx_word' id='word_1_327' title='bbox 1127 4974 1192 5041; x_wconf 82' lang='lat'>56*</span> 
     </span>
    </p>
   </div>
   <div class='ocr_carea' id='block_1_14' title="bbox 0 0 1606 5506">
    <p class='ocr_par' dir='ltr' id='par_1_15' title="bbox 0 0 1606 5506">
     <span class='ocr_line' id='line_1_44' title="bbox 0 0 1606 5506; baseline 0 1"><span class='ocrx_word' id='word_1_328' title='bbox 0 0 1606 5506; x_wconf 95' lang='lat' dir='ltr'> </span> 
     </span>
    </p>
   </div>
  </div>
 </body>
</html>
