3224 5506
636 363 834 413 seraranan
856 354 908 414 42.
1364 358 1406 422 53

128 535 189 583 tum
206 545 268 583 esse
283 528 431 583 memoriae
445 524 583 600 proditum
599 533 654 587 est,
678 533 704 579 et
726 526 841 599 pristino
857 525 983 600 liturgiae
998 545 1090 584 sacrae
1104 531 1159 585 ritu
1175 530 1201 584 in
1216 546 1317 587 novula
1333 533 1405 588 ordi-

126 630 192 668 nem
208 611 398 668 concinnando
416 618 555 666 tractatum
572 627 633 666 esse
648 618 796 666 constaret.
829 610 994 686 Quamquam
1017 613 1068 669 hoc
1089 632 1157 688 opus
1173 613 1266 688 perlici
1282 617 1333 672 rite
1349 635 1404 674 uon

126 699 235 771 potnit,
251 699 303 753 nisi
319 699 366 770 qni
382 698 410 752 iu
427 695 539 752 ecclesia
553 711 602 751 seu
619 696 691 751 iuter
705 712 780 751 sama
795 697 923 770 mysteria
937 696 1046 771 legendi
1062 707 1108 754 aut
1124 716 1178 755 non
1190 699 1299 774 legendi
1312 710 1403 758 essent

126 781 205 846 libri,
227 779 401 856 praefinitum
423 789 506 837 esset.
544 779 583 836 hd
605 781 657 836 hoc
678 788 768 836 autem
789 779 1002 853 praefiniendmn
1024 783 1146 857 plurimis
1163 785 1297 860 episcopis
1314 786 1403 842 erudi·

127 868 207 923 tione
222 868 378 941 conspicuis
395 883 464 941 opus
481 865 579 928 luisse,
597 868 657 939 quis
673 874 765 939 neget.

216 952 268 1009 15.
303 952 372 1007 ilinc
388 968 477 1024 neque
493 950 526 1006 de
541 951 660 1025 genuino
676 951 749 1006 vocis
771 952 936 1024 apocryphi
957 952 1111 1015 intellectu,
1134 970 1222 1028 neque
1243 956 1334 1012 curin
1350 956 1403 1012 hoc

127 1037 241 1094 ‹lecreto
257 1044 299 1093 tot
314 1039 427 1110 scripta.
446 1052 514 1109 quae
530 1035 608 1092 laude
624 1052 678 1091 non
695 1034 819 1091 videntur
834 1035 958 1110 indigua,
983 1039 1053 1093 iuter
1074 1039 1228 1112 apocrypha
1242 1056 1401 1096 recensean-

129 1131 189 1185 tur.
206 1122 321 1179 multum
337 1130 379 1178 cst
395 1119 580 1177 laborandum.
612 1119 672 1176 Sive
689 1121 758 1176 euim
776 1137 836 1176 cunr
853 1119 1017 1195 Hieronymo
1034 1123 1113 1195 epist.
1132 1123 1148 1178 t
1166 1122 1198 1178 ad
1213 1122 1320 1180 Laetam
1337 1143 1401 1200 apo·

128 1207 231 1282 crypha
251 1205 425 1268 definiamus.
448 1222 524 1279 quac
544 1223 601 1263 nou
623 1215 690 1262 aurit
712 1221 824 1275 earum,
853 1224 974 1278 quoram
1001 1209 1090 1262 titulis
1111 1215 1329 1278 praenotantur
1350 1219 1401 1266 aut

130 1311 251 1366 quorum
268 1302 373 1349 auctor
387 1296 553 1365 quaretur,
576 1293 632 1346 sive
654 1291 705 1346 hoc
727 1292 835 1346 nomine
857 1290 1044 1364 designemus,
1067 1307 1136 1365 quae
1152 1290 1185 1346 ab
1200 1292 1342 1350 haereticis
1359 1295 1400 1350 vel

131 1379 265 1451 suspectis
279 1376 435 1433 hominihus
450 1377 600 1450 composita
616 1384 662 1430 aut
677 1374 826 1430 adulterata
841 1376 904 1438 sint,
920 1393 970 1431 seu
986 1377 1066 1431 etiam
1083 1393 1269 1450 nuncupemus
1285 1378 1400 1452 quodvis

133 1480 210 1536 opus.
225 1464 269 1518 cui
285 1461 410 1518 nonnihil
427 1460 573 1517 admixtum
588 1461 624 1515 sit
639 1459 710 1515 haud
725 1461 791 1515 satis
808 1476 905 1533 purum
922 1468 949 1516 et
963 1462 1101 1534 integrum
1116 1477 1166 1516 nec
1181 1461 1213 1517 ab
1226 1464 1298 1518 omui
1311 1465 1400 1536 suspi-

134 1550 208 1604 cione
222 1546 350 1608 liberum
374 1562 408 1602 es
423 1543 547 1602 omuibus
562 1545 615 1601 illis
631 1544 721 1605 libris,
744 1543 842 1618 quihus
865 1544 985 1601 Gelasius
1008 1546 1174 1620 apocryphi
1193 1554 1285 1603 notam
1307 1549 1398 1609 inurit,

136 1633 235 1689 nullum
260 1648 320 1688 esse
345 1629 485 1687 latendum
511 1637 566 1692 est.
594 1631 620 1686 in
647 1646 726 1703 quem
754 1628 843 1702 aliqua
867 1645 898 1684 ex
921 1631 962 1685 his
984 1630 1140 1686 notionibus
1166 1648 1222 1688 uon
1248 1633 1399 1694 conveniat,

136 1718 194 1773 licet
209 1734 263 1773 non
278 1732 373 1773 omues
388 1717 416 1772 in
431 1714 556 1789 singulos
577 1713 681 1771 cadant.
718 1712 810 1787 ltaque
832 1717 967 1770 communi
989 1716 1096 1771 nomine
1117 1718 1204 1790 impar
1225 1718 1335 1773 omuino
1357 1726 1399 1772 est

138 1801 277 1863 librorum.
299 1803 344 1875 qui
361 1801 527 1872 apocryphi
535 1799 704 1870 judicantur,
726 1815 853 1862 cerrsnrm
870 1798 912 1855 vel
928 1806 1001 1856 certe
1016 1801 1043 1855 in
1060 1816 1092 1856 eo
1109 1800 1247 1856 dumtaxat
1262 1802 1398 1875 generalis

138 1894 189 1950 est.
210 1887 282 1959 quod
304 1903 337 1942 ex
354 1887 393 1941 eis
409 1884 500 1940 nullus
512 1884 652 1955 judicatur
667 1883 782 1959 dignus.
805 1886 852 1958 qui
867 1883 974 1958 publice
990 1886 1016 1940 in
1032 1885 1146 1941 ecclesia
1160 1885 1282 1960 legatur,
1305 1885 1397 1942 nullus

140 1971 169 2027 ad
182 1969 259 2027 iidem
273 1970 316 2026 rel
330 1971 520 2026 auctoritatem
534 1971 562 2026 in
577 1968 696 2026 Ecclesia
711 1968 859 2025 laciendum
875 1978 1018 2026 censeatur
1028 1970 1154 2026 idoneus.
1176 1971 1244 2026 Hinc
1256 1970 1398 2027 hormisda

141 2055 280 2131 apuut‘ee
295 2054 351 2112 n.4
363 2053 456 2117 libros,
469 2071 538 2128 quos
553 2053 677 2128 probavit
692 2053 734 2109 rel
748 2052 907 2128 improbavit
923 2053 1054 2118 Gelasius
1069 2071 1223 2118 secernens.
1240 2055 1273 2112 de
1289 2063 1397 2131 postre-

142 2142 185 2197 mis
198 2143 246 2197 ait:
262 2157 334 2216 quos
347 2145 378 2197 iu
400 2143 602 2197 auctoritatem
615 2147 734 2211 patrum
749 2157 806 2196 non
822 2143 927 2212 recipit
942 2156 1082 2210 examen,
1100 2157 1130 2197 ac
1142 2140 1175 2195 de
1189 2141 1296 2215 primis:
1314 2149 1396 2198 certa

141 2228 268 2284 librarum
283 2230 369 2283 etiam
392 2233 518 2283 aeterum
531 2230 562 2282 iu
584 2228 786 2282 auctoritatem
801 2227 969 2298 recipienda
990 2233 1092 2284 sancta
1108 2225 1219 2298 Spiritu
1235 2229 1396 2284 instruente

142 2315 304 2387 praefipeus.

218 2398 264 2455 16.
293 2396 421 2472 ignoscat
440 2393 517 2451 nobis
539 2395 640 2458 lector,
662 2396 686 2450 si
708 2411 769 2451 eum
793 2394 892 2452 tamdiu
913 2397 1098 2470 ingestorum
1116 2396 1395 2470 sequentiumlimine

146 2480 313 2539 maneamus.
343 2480 372 2537 ld
388 2480 462 2565 qupd
477 2480 609 2538 consultis
630 2479 749 2554 undique
770 2479 905 2537 veteribus
920 2479 1010 2544 libris,
1033 2497 1150 2555 quorum
1164 2482 1242 2556 copia
1256 2498 1307 2538 nee
1323 2490 1396 2540 tauta

147 2583 189 2623 nec
200 2577 248 2624 um
262 2567 366 2624 direma
382 2565 506 2622 omnihus
523 2564 599 2622 obvia
611 2574 662 2628 cst,
679 2564 838 2628 deteximus,
853 2565 1014 2641 singillatim
1029 2566 1172 2641 explanare
1189 2568 1274 2624 vuum
1285 2567 1395 2642 aliquod

149 2668 231 2726 operae
249 2653 375 2726 pretium.
412 2650 480 2707 iiiuc
499 2668 583 2725 porro
605 2650 775 2724 exploratura
796 2649 952 2713 habuimus,
974 2668 1045 2708 anno
1066 2650 1166 2709 Christi
1181 2651 1243 2709 495
1264 2651 1363 2709 Romae
1380 2670 1394 2708 a

150 2735 237 2793 Gdasio
251 2736 412 2793 celebratam
427 2752 486 2792 esse
502 2734 649 2810 synodum,
671 2736 699 2791 in
721 2751 773 2808 qua
792 2737 880 2808 primo
902 2743 991 2792 actum
1012 2744 1054 2793 est
1075 2737 1108 2793 de
1130 2734 1192 2794 lidei
1207 2737 1394 2812 explanatione

151 2823 340 2896 nominatimque
355 2821 388 2878 de
403 2821 503 2878 deitate
518 2821 634 2895 Spiritus
649 2820 748 2880 sancti,
770 2827 828 2876 tum
848 2821 1037 2878 canonicarum
1057 2823 1156 2879 veteris
1178 2839 1209 2879 ac
1229 2824 1291 2879 uovi
1311 2831 1394 2880 testa·

151 2908 218 2962 menti
231 2909 421 2982 scripturarum
436 2905 561 2962 adtentus
582 2913 624 2961 est
646 2905 800 2979 catdogus.
823 2922 853 2961 ac
873 2905 981 2971 demum
1002 2906 1035 2963 de
1057 2906 1147 2971 libris,
1169 2909 1216 2981 qui
1236 2907 1344 2984 legendi
1366 2910 1393 2965 iu

151 2990 243 3047 molesia
254 2992 294 3047 vel
309 3008 365 3048 non
380 2990 489 3065 legendi
503 2992 566 3053 sint.
582 3007 631 3047 seu
647 2991 693 3063 qni
707 2991 736 3045 in
748 2992 938 3051 auctoritatem
948 2991 1097 3066 recipiendi
1109 2992 1150 3048 vel
1166 3008 1222 3048 uon
1238 2994 1393 3067 recipiendi.

152 3073 233 3132 editum
247 3085 286 3132 est
301 3076 450 3133 decretum.
480 3074 708 3150 Deprehendimus
725 3091 835 3150 quoque
850 3083 1015 3149 postremam
1030 3077 1099 3134 hanc
1114 3085 1232 3152 partem,
1249 3077 1323 3134 velut
1337 3080 1393 3134 Dc·

152 3164 241 3218 aucte
254 3164 288 3218 dc
302 3163 478 3234 recipiendis
490 3163 573 3218 tibris
587 3164 726 3232 scriptum
742 3179 759 3216 a
776 3161 891 3218 Gelasio
900 3178 986 3233 papa
1002 3179 1066 3218 com
1077 3163 1164 3220 LXX
1175 3166 1246 3220 uiris
1260 3165 1392 3220 eruditis-

151 3247 212 3302 uiuis
229 3251 377 3321 episcopis,
399 3255 461 3303 aute
481 3246 616 3303 saeculum
634 3245 669 3301 lli
688 3247 833 3319 separatim
854 3245 938 3301 luisse
960 3246 1137 3321 divulgatum.
1173 3247 1258 3304 Simul
1273 3255 1301 3304 et
1315 3247 1393 3305 nobis

151 3332 265 3394 comittit,
285 3331 314 3388 id
335 3331 409 3406 quod
425 3331 547 3388 Gelasius
568 3332 624 3387 sive
640 3330 673 3386 de
689 3331 825 3387 aanomcis
840 3332 983 3405 scriptmis
998 3333 1054 3387 sive
1065 3331 1099 3389 de
1114 3331 1190 3389 libris
1206 3332 1392 3389 ecclesiasticis

151 3417 232 3480 aaut,
246 3415 276 3472 ab
291 3415 434 3473 Hormisda
449 3433 504 3472 non
519 3418 577 3472 sine
592 3417 747 3472 accessione
762 3415 805 3471 rel
821 3417 968 3473 mutatione
988 3419 1160 3490 recognitum
1176 3435 1249 3482 esse,
1270 3417 1394 3493 adeoque

152 3497 274 3574 diligenter
287 3501 480 3576 distinguenda
495 3518 555 3558 esse
570 3500 673 3557 decreti
688 3499 768 3572 hujus
784 3502 914 3576 eacrupla.
928 3518 996 3576 quae
1008 3501 1105 3559 Gelasii
1117 3511 1144 3559 et
1156 3520 1224 3577 quae
1236 3502 1394 3560 llormisdae

152 3599 230 3642 nomeu
243 3605 304 3661 prae
319 3604 350 3643 se
365 3585 465 3643 lerunt.
503 3586 596 3660 Neque
612 3585 638 3642 id
654 3587 741 3642 miuus
756 3602 915 3660 persuasum
931 3585 995 3650 luit,
1012 3587 1086 3644 nulla
1100 3606 1214 3663 prorsus
1230 3589 1335 3645 ratione
1351 3589 1393 3645 vel

151 3673 286 3728 auctoritate
301 3673 351 3728 niti
372 3672 519 3728 multorum
534 3672 628 3727 animis
642 3672 749 3727 insitam
765 3672 929 3746 opinionem,
946 3690 998 3747 qna
1014 3673 1066 3730 hoc
1081 3672 1221 3731 decretum
1236 3675 1349 3732 Asteria
1366 3681 1393 3730 et

152 3751 277 3814 Produc
291 3756 449 3814 consulibus
465 3756 567 3813 editum
582 3772 633 3830 pro
649 3765 724 3813 certo
740 3764 856 3831 ponunt.

480 3905 518 3968 In
540 3905 659 3969 Gelasii
677 3922 780 3985 papas
803 3907 967 3986 epistolem
987 3906 1038 3969 42.

627 4027 757 4085 hinnitum
772 4028 893 4087 editoris.

218 4149 242 4203 1.
269 4147 481 4224 Religiosissime
493 4147 701 4224 disputationem
717 4147 898 4204 doctissimam
913 4151 1031 4206 auctoris
1048 4151 1135 4205 nostri
1149 4151 1313 4225 sagacissimi
1328 4168 1392 4226 pro·
1406 4159 1483 4232 [Eu]

152 4227 259 4298 ammos,
274 4233 340 4291 nihil
356 4232 555 4296 subtrahentes.
570 4250 654 4308 pauca
669 4240 782 4296 tantum.
799 4232 844 4289 uhi
860 4234 924 4308 quid
939 4234 1121 4310 supplendum
1136 4244 1183 4291 aut
1200 4235 1391 4312 corripendum

152 4313 279 4382 dictatur.
292 4320 320 4375 in
335 4319 408 4374 notis
423 4325 573 4375 mouentes.
604 4319 643 4375 lta
656 4318 776 4393 prudeus
792 4318 879 4375 lector
893 4328 1115 4395 argumentorum
1131 4320 1237 4394 pondus
1252 4322 1312 4396 ipse
1326 4338 1392 4397 pen·

152 4397 217 4464 sulit,
235 4420 280 4460 nec
300 4404 483 4478 suspicionem
503 4405 531 4459 in
552 4420 603 4460 nos
619 4403 704 4467 leret.
726 4405 750 4460 si
770 4406 884 4480 vestigia
905 4405 967 4461 alias
988 4403 1177 4479 probatissima
1191 4405 1241 4461 hac
1256 4407 1284 4462 in
1300 4423 1330 4463 re
1345 4406 1392 4464 de·

152 4488 298 4544 senuerimus.
336 4487 407 4544 lllud
421 4487 529 4561 quidem
544 4490 584 4544 vir
598 4490 832 4563 ingeniosissimus
849 4491 950 4565 optime
965 4489 1121 4546 enucleatus
1138 4497 1193 4553 est,
1211 4491 1348 4566 quomodo
1363 4501 1392 4550 et

152 4578 260 4638 qmtenm
275 4571 432 4629 Hormisdac
447 4574 586 4649 inscriptio
602 4573 774 4630 admittenda.
802 4572 875 4630 ldem
897 4574 953 4630 lere
969 4575 1113 4631 universim
1134 4583 1246 4650 postero
1268 4583 1390 4652 tempore

154 4649 291 4731 animm)
305 4657 466 4721 effecerunt.
482 4660 533 4714 etsi
547 4667 638 4716 textus
654 4661 839 4717 recensionem
855 4659 949 4716 exinde
964 4659 1118 4717 discernere
1134 4677 1189 4717 non
1204 4661 1328 4719 similiter
1341 4679 1390 4737 po·

208 4852 224 4917 ¹)
238 4851 267 4906 ln
283 4868 366 4924 opero
383 4852 441 4908 iam
459 4853 568 4925 saepius
584 4855 700 4912 laudato
723 4861 755 4911 de
772 4861 884 4926 antiquie
906 4860 1093 4918 collectionibus
1111 4869 1137 4911 et
1154 4863 1330 4915 collectoribus
1347 4879 1392 4914 cu·

155 4921 345 4990 amputati
363 4937 425 4992 cap.
440 4928 469 4976 11
488 4928 539 4990 §a
