3224 5506
612 357 783 408 arrarum
806 349 835 407 8.
1296 344 1356 408 143

132 515 233 606 apostoli
249 535 306 600 pen
317 513 378 579 Dei
400 512 539 598 gratiam
563 515 770 598 congregato,
794 511 1051 598 praesentibusl)
1073 513 1228 577 fratribus
1251 516 1283 578 et
1307 523 1465 579 conata.

131 619 249 708 episcopis
266 617 382 682 nostris
404 615 523 680 Fausto
545 619 579 679 et
601 615 761 697 Auxanio,
786 619 881 698 atque
903 615 1073 699 agentibus
1096 614 1252 699 plurimis,
1276 638 1356 701 quae

129 727 238 809 vigorem
263 718 439 804 respiciunt
471 717 757 801 auctoritatemque
787 716 912 800 judicii,
949 717 982 780 id
1017 739 1036 780 a
1063 717 1156 781 nobis
1192 717 1281 801 pacis
1307 722 1357 782 est

130 846 209 890 amore
227 821 439 888 constitutum:
461 821 547 884 utin
562 819 734 901 sententia,
758 841 855 903 quam
877 818 936 882 sub
956 819 1176 903 adversione⁸)
1191 820 1355 904 utriusque

129 926 261 1012 legationis
281 923 354 988 inde
382 923 522 987 directae
552 920 680 988 Christo
709 921 847 985 Domino
874 921 1191 1005 nostr0·inspirante
1223 922 1355 1005 protuli·

128 1051 189 1110 mos,
205 1047 290 1111 neque
312 1025 432 1090 caritas
454 1023 659 1108 evangelicae
680 1023 902 1107 indulgentiae
924 1044 1026 1107 neque
1049 1021 1242 1106 apostolicae
1263 1024 1355 1107 virga

127 1129 234 1194 deluerit
250 1127 445 1213 discipliuae.
490 1125 637 1210 Namque
664 1125 699 1189 in
728 1127 832 1189 totum
858 1145 918 1190 nec
940 1125 1103 1189 remittere
1125 1146 1184 1188 nos
1206 1124 1285 1189 fecit
1306 1125 1353 1189 in-

126 1229 264 1316 dulgentis,
285 1251 345 1294 neo
367 1229 495 1294 affectio
518 1249 673 1294 coercere.

705 1415 732 1482 Ι.

190 1535 215 1600 3.
250 1535 296 1620 lli,
319 1536 374 1621 qui
401 1557 489 1601 nunc
518 1534 671 1600 ecclesiae
698 1533 903 1599 Narbonensi
931 1533 1112 1619 praesidere
1144 1526 1353 1618 permittitur,

126 1635 367 1723 ordinandomm⁹)
383 1639 603 1722 episcoporum
618 1637 659 1701 ob
675 1636 764 1719 haec,
788 1658 870 1720 quac
892 1658 990 1721 prave
1012 1636 1100 1701 facta
1121 1639 1207 1720 sunt,
1226 1635 1353 1700 sustuli·

126 1760 180 1801 mos
195 1743 383 1823 potestatem
405 1762 502 1824 quam
523 1741 571 1804 ita
593 1738 633 1803 ad
656 1739 789 1803 fratrem
811 1742 845 1803 et
867 1740 1088 1822 coepiscopum
1109 1741 1254 1805 nostrum
1272 1738 1353 1802 (lon-

126 1841 246 1906 stantiun
258 1841 407 1907 Uceticac
429 1842 582 1907 ecclesiae
605 1842 794 1924 antistitem,
818 1842 893 1926 quia
913 1862 989 1904 aevo
1004 1840 1134 1905 honoris
1149 1841 1269 1924 primas
1285 1861 1353 1904 esse

126 1940 224 2027 dicitur,
249 1945 405 2030 pertinere
434 1943 630 2027 censuimus,
660 1946 697 2007 ut
724 1944 752 2006 si
779 1944 950 2027 superstite
977 1942 1096 2007 Herme
1125 1944 1273 2027 episcopo
1301 1942 1352 2005 de-

125 2041 225 2109 functus
242 2046 343 2130 inerit,
372 2045 463 2131 illum
486 2045 566 2111 haec
589 2067 664 2110 cura
685 2046 846 2130 respiciat,
874 2062 967 2129 quem
989 2043 1142 2129 repererit
1163 2043 1352 2128 episcopalis

125 2144 184 2209 ordo
200 2149 361 2232 primatem.
393 2147 527 2213 ‘Herma
550 2150 656 2213 autem
679 2148 827 2232 episcopo
849 2146 1016 2211 deficiente
1038 2147 1258 2212 faciendorum
1285 2167 1352 2209 mos

126 2246 270 2316 uncam
288 2250 494 2317 Narbonensi
522 2271 595 2315 mox
616 2248 768 2314 reddatur
790 2250 956 2328 ecclesiae,
986 2245 1127 2336 quem¹⁰)
1149 2270 1216 2314 non
1239 2250 1352 2314 civitas

126 2447 241 2507 wimod
254 2457 356 2510 temere
374 2470 545 2510 censeamus.
581 2452 662 2509 Certe
685 2470 760 2508 anno
777 2460 828 2509 465
849 2453 1038 2509 anniversario
1059 2453 1150 2508 Hilari
1171 2452 1352 2508 ordinationis

127 2529 163 2585 dio
175 2539 294 2594 arabum
309 2540 379 2595 item
396 2542 441 2594 est
457 2538 594 2605 habitunt,
612 2538 641 2592 in
659 2555 714 2608 quo
726 2540 849 2593 tractata
862 2540 926 2593 sunt
936 2539 1124 2609 Hispanorum
1136 2537 1352 2593 Tarraconensis

127 2617 250 2684 Pfflllssaioe
258 2625 383 2695 aegalim
396 2624 567 2680 celebratum
579 2640 644 2678 vero
656 2625 771 2678 notatur
783 2623 848 2677 XIII
857 2623 1095 2690 Kal.Decembris,
1107 2624 1233 2693 quamvis
1240 2624 1352 2678 litterae

127 2715 156 2751 0¹
167 2703 243 2761 eodem
256 2709 289 2764 sd
304 2708 369 2765 illos
387 2710 490 2764 missae
507 2709 599 2778 (epist.
613 2714 654 2777 16)
672 2725 728 2763 non
745 2708 797 2762 nisi
815 2712 867 2762 ΙΙΙ
879 2712 940 2763 Kal.
951 2713 1060 2767 ianuar.
1078 2708 1161 2765 datae
1178 2711 1316 2780 legantur.

177 2789 242 2853 'llis
256 2795 347 2863 ow),
370 2794 419 2849 alii
436 2789 504 2849 sord
517 2797 732 2863 praesidentibus,
751 2793 827 2862 quod
844 2793 957 2862 quidem
974 2810 1007 2847 eo
1026 2796 1121 2865 posset
1138 2812 1221 2851 sensu
1233 2795 1352 2861 admitti,

128 2884 170 2935 ‘1¹10
185 2877 288 2940 Proxime
311 2879 416 2934 dictum
438 2881 482 2933 est
501 2884 667 2948 praesidente
691 2880 733 2946 (α’
748 2880 931 2947 praecedente)
951 2882 1062 2946 fratrum
1084 2901 1215 2936 numeroso
1237 2886 1353 2935 concilio.

127 2950 176 3008 llos
189 2959 213 3010 α’
225 2968 344 3032 paoem
360 2969 478 3033 plurimo.
493 2994 524 3004 -
543 2965 630 3019 Porro
643 2969 752 3018 Fascius
764 2963 888 3017 omnium
900 2979 1035 3018 consensu
1045 2964 1191 3033 Regiensis
1204 2966 1352 3035 episcopus

129 3039 180 3090 ‘nl
209 3049 336 3103 Asconius
354 3047 403 3103 alii
413 3051 579 3118 Aquensem,
596 3048 644 3104 alii
655 3050 817 3118 Apteusem,
835 3048 950 3117 ignotae
967 3047 1079 3102 demum
1096 3049 1170 3104 sedis
1188 3049 1236 3104 alii
1248 3049 1352 3119 episco-

128 3135 179 3187 ΡΜ
191 3127 335 3188 mammo.
365 3132 442 3188 Cous.
456 3138 728 3197 ..Galliamborum
745 3132 894 3188 incoelesti
903 3139 1014 3202 Apteron·
1030 3133 1081 3187 sub
1099 3136 1218 3203 metrop.
1227 3134 1352 3203 Aquensi

127 3201 437 3274 damnosissimum.

178 3294 244 3371 'lsi
259 3306 320 3372 (rec.
332 3307 429 3374 manu)
445 3308 491 3358 eoo
507 3309 662 3369 adsertione,
681 3305 768 3359 ceteri
783 3309 829 3359 sub
847 3309 1005 3368 adversione,
1024 3303 1042 3357 i.
1055 3321 1079 3358 c.
1099 3303 1178 3372 quasi
1195 3303 1247 3358 sub
1265 3303 1352 3358 oculis

128 3374 167 3426 ²¹¹*
177 3378 361 3444 discentibus
370 3388 473 3444 Fausto
485 3391 515 3444 et
522 3389 648 3444 Auxanio
667 3389 788 3458 quinque
806 3389 1012 3460 provinciarum
1029 3388 1140 3444 nomine
1152 3387 1262 3458 legatis.
1280 3388 1352 3442 Hinc

189 3483 251 3527 ‚our
269 3472 381 3529 Hilarus
403 3473 522 3544 epistola
540 3480 570 3528 11
589 3481 646 3529 na
670 3473 807 3544 episcopis
830 3473 991 3529 earumdem
1012 3473 1218 3544 provinciarum
1239 3472 1352 3539 scribat,

127 3544 201 3639 'mli
213 3551 282 3626 hujus
303 3557 419 3614 decreta
440 3562 473 3613 ab
494 3565 558 3629 ipsis
573 3579 623 3630 per
641 3564 760 3615 Facetum
782 3569 807 3613 ei
825 3565 970 3614 Armenium
993 3565 1097 3627 definito
1118 3578 1183 3616 esee.
1227 3559 1260 3613 ld
1277 3557 1352 3613 enim

127 3621 213 3689 (himo
226 3645 363 3698 musenim
381 3642 513 3714 episcopi,
527 3645 608 3714 quod
625 3662 676 3715 per
694 3645 804 3712 legatos
822 3660 918 3698 eorum
936 3644 996 3699 vice
1013 3645 1162 3714 fungentes
1180 3645 1317 3699 definitur.

177 3714 194 3782 'l
207 3718 271 3782 Hauc
279 3729 457 3799 potestatem,
471 3728 586 3799 singulis
598 3728 823 3800 metropolitanis
836 3747 854 3785 a
865 3728 980 3784 concilio
993 3729 1116 3785 Nicaeno
1129 3731 1158 3786 et
1168 3729 1329 3784 Innocentio
1340 3728 1352 3782 l

128 3793 261 3892 *bobum
281 3813 407 3869 Zosimus
424 3813 556 3885 episcopo
574 3815 730 3871 Arelatensi
751 3814 780 3868 in
802 3813 988 3869 Viennensem
1015 3816 1044 3869 et
1065 3815 1134 3870 duas
1156 3815 1352 3870 Narbonenses

59 3913 63 3917 ⁹
128 3881 233 3974 Pisidae
246 3897 367 3969 epistolis
387 3906 410 3967 1,
422 3906 439 3954 t
450 3902 507 3954 ott
530 3899 683 3954 definierat.
720 3897 796 3964 Quae
813 3902 909 3954 tamen
927 3899 1067 3954 contrario
1086 3900 1221 3955 Bonifacii
1239 3900 1351 3954 decreto

128 3975 226 4066 Qu
235 3979 404 4039 Narbonensi
420 3984 449 4038 in
467 3984 587 4054 primam
603 3984 814 4039 senonensem
831 3985 970 4051 resecuta
988 3988 1018 4040 a
1035 4003 1055 4040 s.
1069 3985 1169 4040 osona
1187 3984 1307 4056 epistola
1321 3990 1352 4037 ιο

127 4055 170 4102 Μ
181 4065 273 4132 ¹²¹1acolis
289 4068 513 4139 metropolitanis
530 4068 559 4123 in
575 4069 733 4138 provincias
749 4087 813 4125 suas
830 4072 938 4125 asserta
956 4073 1000 4124 est
1016 4070 1060 4124 his
1072 4070 1176 4124 verbis:
1195 4077 1223 4125 ια
1237 4080 1351 4123 statmo·

62 4196 69 4205 .
128 4138 164 4195 “b
176 4153 197 4193 ⁸1
210 4153 229 4202 e
241 4159 365 4225 qm'eqm
381 4158 493 4220 frumen
511 4163 654 4209 nostros-uno
670 4161 696 4209 in
709 4175 856 4226 quocunque
865 4162 1000 4225 monada
1012 4162 1158 4218 decesserit,
1176 4161 1199 4209 is
1215 4159 1265 4208 eibi
1281 4158 1351 4209 ordi·

129 4224 223 4285 ”Nm
236 4245 339 4295 undae
354 4245 505 4302 sacerdotio,
526 4245 680 4310 praemittitis
693 4246 842 4309 provinciae
855 4247 1075 4311 metropolitanae
1093 4259 1148 4295 esse
1165 4245 1316 4295 eonstiterit.

180 4309 204 4380 ”l
217 4319 231 4385 i
240 4322 370 4394 admarg.
388 4325 461 4380 bauo
479 4323 597 4393 antiqua
613 4341 697 4379 manu
710 4324 879 4396 adscriptam
896 4326 1119 4381 observationem
1130 4324 1229 4380 habet:
1248 4328 1351 4392 Mirum,

131 4401 222 4454 Μ
235 4413 402 4479 episcoporum
418 4415 604 4465 ordinationem
620 4418 713 4465 rollens
729 4416 848 4481 saperius
863 4417 1025 4466 interdictum
1038 4416 1200 4466 Narbonensi
1215 4431 1280 4466 nanc
1297 4416 1351 4480 epi·

131 4484 189 4540 ’Ψ
201 4495 222 4538 ‘l
233 4501 298 4559 praue
316 4497 348 4550 U.
366 4494 430 4564 (leg.
442 4494 578 4564 Uticensi)
596 4502 740 4566 permittat:
764 4502 880 4566 quoniam
894 4516 944 4565 per
960 4504 1045 4551 enneli
1061 4502 1157 4552 Leonis
1174 4502 1303 4552 decretum
1320 4499 1351 4550 ob

132 4563 254 4630 “imvm
272 4584 415 4635 scandebas
435 4586 541 4649 nepotis
561 4581 662 4652 (suppl.
682 4581 914 4651 metropolitanis)
941 4602 988 4637 sua
1011 4588 1146 4652 privilepo'a
1172 4586 1351 4638 credebantur.

134 4633 164 4692 ΒΕ
176 4661 219 4713 ‘1¹¹⁰
232 4663 406 4732 mulctantur,
423 4681 495 4735 quae
513 4664 641 4736 proxima
658 4667 753 4720 notas
772 4669 801 4721 et
819 4665 1009 4722 aOoustantio
1026 4667 1056 4721 in
1073 4667 1208 4724 Bonifacii
1225 4666 1299 4738 epist
1319 4672 1351 4721 12

133 4725 210 4824 ms
219 4741 359 4804 obnata.
399 4748 485 4805 Porro
507 4750 618 4806 Hilarus
635 4751 824 4806 Narbonensis
847 4753 970 4824 episcopi
988 4752 1036 4821 jus
1058 4752 1087 4806 in
1105 4752 1297 4809 Constantium
1322 4753 1352 4804 ut

135 4820 255 4884 milae
268 4834 403 4890 seniorem
418 4837 588 4893 transferens
606 4837 781 4893 decessorem
799 4856 878 4892 suum
890 4839 1011 4894 Leonem
1028 4839 1162 4907 imitatur,
1181 4838 1228 4909 qui
1245 4837 1352 4908 pariter

137 4885 427 4975 Hihnlll1¹Arelatensem
440 4922 570 4989 judicans
587 4923 773 4993 plectendum,
791 4940 876 4991 quam
893 4924 919 4978 ei
936 4926 1106 4995 potestatem
1124 4925 1247 4991 abstulit,
1265 4922 1352 4978 Leon-
