3204 5506
651 395 823 447 semrom
846 387 875 444 t.
1118 463 1121 480 ⁴
1327 379 1384 445 lbl

208 549 240 617 Si
268 551 443 636 imperator
469 549 600 614 dixerit:
636 554 723 626 Quod
749 571 796 614 me
823 556 912 614 uultis
936 549 1043 635 per¹²)
1070 555 1251 614 secutionem
1270 552 1520 628 facere,(s.r›15.)

120 658 235 718 babeo:
257 675 326 719 ecce
348 659 422 717 mibi
442 659 667 730 communicate,
692 659 746 732 qui
764 656 910 731 synodum
934 655 1203 716 Calcbedonensem
1225 657 1341 732 recipio
1362 663 1392 714 et

118 762 264 837 epistolas
280 777 389 836 papae
409 760 519 821 Leonis
541 761 706 835 amplector
711 777 723 828 ;
746 774 827 818 nunc
848 760 1064 818 communicate
1085 758 1175 817 mibi!
1197 751 1390 837 responden-

118 856 197 921 dum
225 860 289 921 est:
319 861 383 933 Ouo
410 862 517 922 ordine
535 862 635 937 pietas
661 865 764 920 oestro
785 861 1006 920 communicari
1031 860 1089 920 sibi
1109 860 1284 919 desiderat?
1327 859 1391 918 Nec

117 979 176 1024 nos
198 964 433 1039 praedicantem
460 966 520 1023 isto
542 964 686 1038 pietatem
717 968 847 1021 uestram
873 963 1017 1039 vitamus,
1052 962 1134 1037 quod
1158 964 1268 1022 scimus
1295 961 1390 1022 beum

115 1067 235 1139 timere,
259 1072 289 1124 et
308 1064 495 1140 paudemus,
510 1066 581 1139 qma
600 1072 722 1138 protum
736 1064 817 1124 uobis
826 1058 864 1144 ¹³)
885 1070 930 1123 est
938 1071 1065 1139 potrum
1080 1066 1242 1124 constituta
1255 1079 1388 1124 seruare.

116 1168 325 1227 Fiducialiter
345 1183 419 1242 erpo
441 1182 593 1242 ropomus,
621 1173 654 1225 ut
668 1182 730 1241 per
752 1180 803 1226 uos
824 1167 856 1224 in
880 1167 1024 1225 unitatem
1045 1171 1219 1226 reuertatur
1238 1164 1388 1227 Ecclesia.

115 1267 230 1329 Sciant
252 1285 352 1329 munes
372 1271 508 1345 episcopi
527 1270 709 1329 uoluntatem
731 1273 874 1347 oestrum,
903 1275 931 1326 et
958 1269 1031 1342 quia
1057 1269 1203 1344 mnodum
1225 1269 1389 1328 Colcbedo-

115 1387 241 1430 mensem
262 1376 291 1430 et
311 1372 456 1446 epistolas
471 1385 579 1446 papae
590 1370 698 1430 Leonis
711 1371 840 1429 smuatis
861 1371 908 1429 oel
921 1371 1000 1429 sedis
1014 1372 1201 1445 apostolicos
1215 1371 1387 1432 constituto.

117 1466 155 1533 Si
178 1466 310 1532 dixerit:
335 1471 399 1543 Ouo
421 1473 528 1532 ordine
545 1471 697 1544 socienda
718 1478 788 1531 sunt
808 1471 893 1545 baec,
916 1488 948 1531 se
970 1472 1078 1532 debere
1098 1488 1297 1546 copnosoere,·
1331 1467 1389 1531 itc-

116 1573 226 1635 terum
248 1591 358 1654 preces
381 1569 545 1652 adhibete,
569 1590 641 1632 oum
662 1567 845 1633 humilitate
867 1568 1025 1633 dieentes:
1048 1575 1141 1634 Potor
1157 1581 1253 1635 uester
1266 1575 1389 1648 scripsit

116 1678 271 1752 episcopis
289 1678 485 1750 peneraliter,
501 1677 625 1751 junpite
645 1676 692 1734 leis
713 1677 820 1735 litteris
841 1691 949 1735 saeros
962 1681 1087 1750 uestras,
1111 1677 1315 1751 sipnitieantes
1332 1676 1390 1736 boc

115 1794 171 1839 oos
194 1772 414 1856 uindicorc¹⁴),
445 1779 528 1854 quod
547 1785 576 1836 ct
597 1777 681 1836 sedes
702 1779 868 1852 apostolico
884 1778 1067 1853 praedicat:
1097 1786 1130 1838 ut
1156 1784 1229 1837 tunc
1249 1779 1303 1852 qui
1321 1785 1389 1838 sunt
1467 1827 1472 1832 ,

116 1880 299 1953 orthodoxi,
329 1880 368 1938 de
394 1883 511 1939 unitate
536 1879 615 1939 sedis
642 1881 827 1953 apostolicae
847 1881 968 1939 minime
994 1887 1189 1955 separentur,
1221 1885 1251 1938 et
1271 1878 1391 1954 quibis

114 1988 191 2043 senet
210 1983 362 2041 contrarii
381 1988 615 2055 coonoscantur.
653 1979 764 2050 Quibus
786 1982 945 2055 ordinatis,
965 1989 1096 2057 parolus
1118 1987 1162 2041 est
1181 1988 1273 2056 poter
1294 1987 1391 2042 uester

114 2087 222 2158 etiom,
245 2085 274 2143 si
294 2099 368 2158 opus
386 2082 492 2156 fuerit,
516 2099 601 2142 suom
625 2084 856 2143 accommodare
872 2085 1089 2159 praesentium,
1119 2090 1148 2142 et
1169 2083 1316 2158 quidquid
1336 2099 1388 2142 eu·

109 2186 221 2262 pedit,
250 2187 378 2245 seruatis
394 2193 521 2260 patrum
543 2186 710 2244 constitutis
725 2201 788 2260 pro
810 2186 984 2259 intepritate
1005 2185 1161 2245 Ecclesiae
1182 2201 1243 2244 non
1265 2201 1387 2258 necare.

205 2283 236 2347 5.
274 2281 308 2347 si
335 2281 452 2346 dixerit
478 2283 667 2365 imperator:
701 2286 784 2345 Bene
810 2288 884 2360 ista,
913 2290 1057 2363 suscipite
1084 2282 1238 2367 iterum¹⁵)
1267 2293 1390 2347 nostrae

112 2390 251 2450 ciuitates
272 2389 463 2465 episcopum!
490 2383 606 2447 iterum
627 2404 738 2467 preces
761 2381 939 2467 adjungite,
962 2383 1126 2448 humiliter
1148 2383 1307 2447 dicentes:
1330 2388 1389 2447 Do·

111 2493 199 2551 mine
219 2493 395 2566 imperator,
416 2506 525 2567 pacem
546 2491 680 2550 uenimus
700 2505 767 2549 cum
783 2490 841 2549 oei
856 2491 1015 2566 adjutorio
1036 2490 1117 2550 vobis
1139 2490 1340 2550 adnitentibus
1361 2497 1390 2549 et

108 2593 344 2670 praestantibus
360 2591 481 2665 facere,
505 2599 534 2651 et
555 2593 744 2650 intentionem
765 2592 867 2666 sopire
888 2593 920 2651 in
935 2594 1057 2652 ciuitate
1071 2598 1181 2654 oestro.
1212 2592 1257 2651 oe
1271 2592 1390 2651 duabus

110 2703 163 2755 est
188 2695 327 2769 personis
356 2695 497 2754 intentio:
524 2695 583 2754 isto
610 2710 705 2754 causa
724 2695 886 2772 proprium
913 2710 1034 2754 cursum
1055 2694 1154 2753 babet.
1200 2695 1390 2754 Generalitas

109 2799 325 2873 episcoporum
344 2797 487 2871 primitus
509 2797 675 2868 ordinetur,
695 2798 751 2868 tint
766 2812 828 2855 uno
843 2797 1010 2856 communio
1024 2797 1192 2856 cotbolico:
1213 2803 1243 2854 ct
1256 2798 1391 2870 sequenti

110 2900 189 2959 loeo
211 2900 249 2958 de
269 2898 347 2971 istos,
372 2899 418 2958 oel
437 2899 466 2956 si
485 2899 539 2972 qni
558 2905 627 2957 sunt
650 2899 706 2956 olii
725 2904 816 2957 estro
836 2899 980 2957 ecclesias
1001 2914 1087 2970 suus,
1118 2904 1190 2957 tunc
1212 2897 1389 2970 dilipentius

104 3006 217 3079 potest
242 3015 337 3059 casua
365 3000 517 3074 copnosci.
572 2993 605 3059 Si
633 2994 749 3057 dixerit
777 2994 968 3077 imperator:
998 2999 1044 3058 oe
1065 2998 1248 3058 Macedonio
1275 3000 1386 3072 dicitis,

112 3103 255 3176 intellipo
276 3101 466 3161 subtilitatem
489 3106 637 3160 uestram:
658 3102 829 3160 boeretious
851 3107 904 3178 est,
928 3102 1013 3159 nullo
1035 3102 1154 3159 ratione
1175 3103 1316 3160 reuocari
1330 3118 1386 3176 po-

112 3212 194 3272 tcst;
217 3197 404 3283 respondes:
428 3202 500 3275 Nos,
525 3204 644 3263 domine
663 3205 838 3277 imperator,
863 3203 976 3261 nullum
986 3204 1193 3277 personaliter
1207 3203 1385 3262 indicamus.

112 3307 160 3367 Et
181 3307 210 3365 si
224 3307 325 3379 pietas
347 3311 447 3364 oestro
470 3305 658 3378 considerat,
689 3305 787 3378 mauis
804 3318 865 3378 pro
886 3306 989 3363 animo
1010 3311 1111 3363 oestro
1133 3309 1162 3362 et
1185 3305 1324 3379 opinione
1345 3306 1387 3363 lo-

110 3409 248 3486 quimur,
273 3413 305 3466 ut
326 3408 365 3467 sit
387 3408 541 3480 discussio,
566 3409 642 3466 etsi
662 3407 833 3466 haereticus
854 3412 908 3478 est,
930 3406 1052 3480 judicio
1073 3414 1287 3480 copnoscotur,
1311 3404 1387 3488 eim)

111 3527 180 3572 non
202 3509 255 3570 sub
278 3509 419 3584 opinione
440 3509 607 3569 orthodoxi
627 3509 739 3583 injuste
760 3509 882 3569 dicotur
904 3524 1074 3584 oppressus.

188 3760 219 3827 ¹²)
238 3757 272 3812 G¹
286 3759 314 3812 u¹
332 3763 394 3828 quid
414 3778 451 3812 rne
473 3763 547 3812 uultis
567 3763 767 3826 persecutionem
787 3761 878 3825 facere
896 3761 927 3811 ob
946 3777 990 3824 eo,
1013 3757 1081 3811 bec
1101 3777 1151 3826 per
1172 3763 1320 3813 locutionem
1339 3757 1386 3829 (ul.

111 3850 334 3916 prosecutionem,
359 3863 408 3911 per
429 3845 587 3910 solutionem)
606 3847 696 3909 sarcre
719 3846 818 3896 latete.
864 3841 968 3896 Nostro,
994 3841 1077 3896 lectio
1104 3843 1140 3896 ab
1164 3842 1316 3912 archetypo
1342 3843 1387 3897 vix

112 3926 231 3984 secedit.

187 4014 221 4080 ¹³)
239 4011 273 4065 G¹
287 4014 313 4066 η’
338 4015 420 4075 nobis,
444 4027 563 4080 moxque
584 4032 613 4067 se
636 4016 729 4067 debere
751 4000 917 4082 capnosoere,
940 4011 988 4066 ubi
1010 4011 1086 4066 beo
1104 4017 1239 4067 ostendere
1257 4023 1386 4081 oportere,
1483 4078 1486 4084 .
1539 4045 1542 4050 ·

114 4100 147 4154 et
164 4097 249 4168 paulo
267 4098 351 4151 autea
368 4104 407 4151 uel
424 4103 567 4166 apostolica
584 4102 728 4153 constituta.

187 4184 218 4249 ¹⁴)
237 4184 264 4236 e¹
278 4187 412 4248 judicare.
441 4181 602 4237 Lectionum
619 4189 748 4237 uindicare
766 4181 895 4251 subjecte
911 4181 1025 4236 inferius
1043 4189 1095 4237 n.9
1118 4182 1282 4238 Hormisdee
1300 4184 1387 4238 verbu

114 4267 290 4324 confirmant.
325 4266 390 4319 Mox
407 4265 436 4319 in
453 4266 574 4335 vulgatis
592 4277 705 4334 ertone,
724 4266 772 4320 ubi
790 4265 991 4321 restituendum
1009 4266 1164 4322 curavimus
1182 4280 1209 4322 ut
1227 4280 1293 4322 tune.

187 4355 217 4419 15)
235 4350 303 4405 beo
320 4356 420 4405 interim
486 4357 589 4419 junpite
660 4357 851 4406 contentionem.
883 4351 1030 4422 Proprium
1048 4353 1142 4407 eutem
1161 4354 1203 4407 est
1220 4351 1386 4409 Honnisdue

112 4437 188 4493 siout
206 4434 311 4491 Gelusii
327 4436 494 4490 vocobulum
515 4442 633 4503 intentio,
656 4436 731 4504 quod
752 4435 874 4505 litigium
892 4437 921 4490 et
938 4436 1154 4492 controversiam
1172 4438 1247 4508 opud
1265 4455 1328 4492 sum
1345 4454 1385 4493 eo·

111 4524 173 4579 not
216 4519 411 4576 Controversia
432 4521 481 4576 illu
503 4520 577 4575 inter
599 4520 804 4588 Macedonium,
827 4538 909 4590 quem
927 4521 1090 4577 Anastasius
1111 4522 1208 4592 regios
1226 4522 1302 4578 urbis
1320 4523 1386 4578 sede

112 4605 275 4679 expulerat,
294 4607 323 4660 et
334 4606 524 4674 iimotheum,
543 4622 626 4674 quem
642 4605 717 4660 idem
734 4605 934 4676 imperatorin
952 4609 1011 4677 ejus
1028 4606 1121 4662 locum
1132 4607 1220 4663 suffici
1232 4611 1385 4677 curaverat,

109 4690 317 4749 intersedebat.

183 4779 217 4846 ¹⁸)
235 4777 303 4830 beo
320 4787 353 4831 et.
394 4776 454 4832 Hoc
475 4778 569 4831 autem
591 4775 644 4830 sibi
661 4777 721 4831 vult
742 4778 817 4831 totus
833 4776 880 4832 ille
897 4777 986 4832 locust
1010 4781 1063 4832 Pro
1081 4786 1164 4832 anina
1181 4790 1267 4834 oestro
1285 4789 1310 4834 et
1328 4785 1383 4849 opi-

109 4869 191 4920 nione
209 4867 345 4932 loquiomr,
370 4879 432 4931 seu,
454 4868 552 4918 ammae
575 4868 690 4931 opinioni
711 4883 742 4916 ac
761 4865 847 4929 forme
864 4873 965 4918 uestrae
987 4869 1150 4931 consulimus,
1172 4885 1244 4934 quem
1264 4871 1383 4935 petimus,

108 4960 140 5006 ut
150 4953 189 5005 sit
206 4951 344 5015 discussio,
364 4968 415 5018 qua
432 4952 588 5003 discussione
600 4957 682 5001 ulman
693 4951 837 5004 haereticus
853 4953 889 5003 sit
906 4961 1087 5018 copnmcousr,
1105 4969 1137 5004 oe
1154 4969 1204 5007 non
1216 4955 1274 5019 jum
1290 4954 1336 5004 sub
1353 4970 1385 5005 eo
