3204 5506
566 364 761 414 rrisrouin
785 355 814 414 6.
838 355 867 412 7.
1292 352 1352 416 189

65 518 185 604 gestie,
213 518 265 582 ita
294 518 415 604 ubique
435 516 614 582 Ecclesiam
637 516 698 581 Dei
726 517 767 581 ab
794 517 1028 582 haereticorum
1056 518 1234 584 latrociniis
1256 524 1457 605 atqueaaii.

67 620 236 705 contagiis
259 621 399 703 exuatis,
421 641 482 685 nec
497 620 531 684 id
544 619 651 704 potius
674 619 857 704 praevalere
879 620 1059 704 patiamini,
1083 622 1213 706 quod¹¹)
1237 623 1351 707 iniqui-

65 726 120 787 tas
143 704 335 807 temporam
354 744 411 807 per
432 743 497 803 eos,
520 743 599 806 quos
620 743 686 785 non
708 722 811 786 solum
833 723 868 787 in
891 726 1031 786 vestrum
1047 723 1215 806 imperium
1237 725 1293 789 sed
1318 730 1351 788 et

67 823 227 889 iiiDsum
247 845 376 910 qnoque
398 822 526 888 rebellis
547 822 680 907 spiritus
704 825 887 906 concitavit,
911 846 1006 907 quam
1028 825 1110 908 quod
1133 828 1182 889 tot
1203 827 1350 910 tantique

66 927 246 1010 pontifices
275 929 310 992 ot
324 948 396 992 cum
418 924 559 1011 egregiis
580 924 827 1010 orthodoxisque
850 925 1054 1009 pontificibus
1077 926 1265 991 universalis
1288 927 1349 991 lic-

67 1029 190 1094 clesiae
212 1028 360 1094 decrevit
380 1048 538 1093 assensus.
584 1026 854 1092 Calchedonensis
882 1028 995 1111 synodi
1025 1029 1199 1092 constituta
1227 1028 1276 1093 vel
1300 1051 1348 1114 ea,

10 1198 17 1211 ,
65 1152 151 1216 quse
174 1131 299 1196 beatas
319 1131 492 1196 memoriae
507 1128 732 1243 praedecessor
746 1151 835 1194 meus
851 1128 915 1192 Leo
930 1129 1107 1213 apostolica
1122 1130 1349 1216 eruditione¹²)

10 1232 254 1333 perdocuit,
278 1232 472 1297 intemerata
493 1230 635 1315 rigere]
628 1231 744 1295 ‘t'ubea
720 1235 777 1295 t:1s
800 1203 956 1316 quirinae
978 1231 1043 1294 ullo
1065 1232 1158 1295 inodo
1181 1233 1349 1296 retractari

10 1352 17 1415 ι
62 1339 187 1420 potest,
220 1333 309 1419 quod
335 1333 463 1399 illorum
488 1332 612 1397 definit'
587 1336 676 1398 tione
704 1333 787 1418 sopit
785 1355 842 1396 nm
870 1337 934 1416 est,
968 1355 1028 1397 nec
1056 1333 1215 1398 ullatenus
1249 1335 1349 1418 recipi

65 1437 167 1501 toties
192 1458 264 1501 uiio
288 1436 427 1522 undique
449 1457 503 1500 ore
525 1434 659 1500 damnat
645 1436 754 1522 t.us¹³)
799 1435 874 1519 lpsa
897 1438 946 1499 est
967 1436 1096 1519 quippe,
1120 1435 1203 1500 sieut
1225 1437 1347 1520 experti

60 1540 150 1623 estis,
178 1538 351 1605 catholica
365 1539 453 1622 fides,
478 1559 559 1622 quse
579 1549 716 1619 potentes
737 1543 775 1601 de
792 1543 862 1602 sede
876 1536 1011 1624 loeson)
1034 1543 1183 1621 deposuit,
1208 1543 1240 1602 et
1263 1538 1498 1619 exal-Lucina.

58 1641 183 1706 tandm
207 1647 343 1707 transies
370 1640 528 1706 custodita
555 1646 696 1705 cavavit.
740 1640 844 1714 tiuare
872 1639 950 1702 satis
978 1639 1138 1723 agendum
1164 1644 1213 1705 est
1234 1640 1348 1724 pietati

55 1749 145 1826 time,
173 1742 300 1827 utqui
322 1742 417 1827 hujus
439 1742 500 1806 tibi
522 1745 634 1835 auctor
656 1745 705 1806 est
719 1741 806 1825 doni,
830 1741 873 1805 sit
887 1741 1004 1830 ipsc!⁵)
1019 1745 1226 1827 propagator.
1261 1742 1348 1806 Data

55 1844 118 1911 Vll
143 1844 279 1910 Iduum
302 1844 491 1911 Octobrium
513 1843 808 1928 postconsulatum
832 1842 979 1907 Basilisci
991 1845 1028 1928 ¹⁰)
1052 1847 1085 1906 et
1106 1844 1244 1908 Armati.
1279 1894 1296 1915 ,.

593 2044 776 2151 Epistola
801 2048 834 2130 i.

175 2200 374 2286 Simplicii
394 2193 505 2285 papae
526 2199 571 2267 ad
593 2198 761 2267 Acacium
784 2199 1230 2282 constantinopolitanum.
1361 2186 1478 2319 Mi,
1508 2160 1520 2190 κ

13 2336 34 2384 Ἰ·
84 2345 123 2396 Ue
152 2345 285 2394 Αωείω
309 2359 364 2393 euni
386 2341 514 2393 monachis
536 2348 562 2392 et
584 2342 712 2406 episeopis
735 2340 954 2405 Constantinopoli
980 2343 1140 2407 conprepulis
1162 2343 1315 2405 conjunctim

81 2430 120 2480 ab
140 2431 318 2495 inperatore
340 2425 461 2477 Timothei
481 2442 615 2493 eorumque
634 2428 677 2491 qui
697 2425 730 2475 ab
753 2441 783 2476 eo
805 2427 920 2476 ordinati
935 2426 1063 2482 exsilium,
1087 2434 1111 2475 ee
1133 2429 1315 2477 restrictionem

81 2515 293 2566 catholicum
305 2517 412 2577 expetat
424 2508 460 2576 (n.
472 2514 494 2570 1,
506 2510 543 2576 2).
566 2500 613 2562 'ne
624 2524 701 2561 verae
714 2512 779 2572 fidei
796 2513 821 2560 in
838 2513 933 2575 populo
944 2510 1064 2575 prosecta
1076 2515 1220 2577 presumens
1232 2512 1268 2575 (n.
1278 2511 1313 2575 3),

84 2616 121 2650 sie
141 2600 300 2665 episcopos
316 2589 411 2647 &alias
423 2596 643 2660 eomannnopoii
653 2611 755 2646 manen
772 2597 847 2654 einai,
867 2596 897 2646 oli
914 2594 1055 2660 periculam
1072 2612 1191 2647 novaram
1208 2598 1314 2648 institio-

490 2697 547 2732 nani
561 2682 685 2746 providas
702 2681 784 2731 monet
803 2678 838 2743 (n.
851 2677 887 2743 4).

226 2782 507 2880 Dilectissimo
528 2813 651 2878 fratri
674 2813 821 2878 Acacio
844 2813 1086 2898 Simplicius.

148 2940 184 3000 l.
236 2932 372 2998 Litteris
399 2937 473 2998 tuae
502 2932 693 3017 dilectionis,
723 2956 802 3018 quas
829 2955 886 3017 per
912 2933 1013 2998 filium
1041 2937 1185 2998 nostrum
1207 2932 1349 3017 Epipha-

47 3038 232 3127 phiinium
257 3035 428 3101 diaconum
449 3034 603 3119 probatae
626 3035 699 3099 fidei
722 3034 877 3118 direxisti,
901 3056 949 3119 ea,
973 3057 1054 3119 quae
1070 3035 1207 3100 strictim
1222 3035 1349 3120 religio-

47 3139 188 3207 sissimi
214 3137 282 3202 viri
303 3136 362 3201 filii
382 3137 484 3202 nostri
506 3137 695 3222 presbyteri,
725 3136 996 3202 archimandritae
1018 3159 1090 3201 cuni
1112 3137 1277 3201 monachis
1299 3138 1348 3201 vel

48 3248 138 3310 ante
176 3239 395 3324 scripserant,
422 3239 518 3304 latius
546 3239 707 3324 indicasti,
737 3243 770 3304 et
801 3234 923 3324 prolixo
951 3238 1078 3324 quidem
1105 3239 1265 3304 volumine
1294 3239 1349 3303 sed

62 3401 212 3411 ———-.--
219 3400 247 3407 --
255 3399 383 3406 -.-.-·.--

129 3484 168 3549 ¹¹)
189 3477 225 3532 Iii
250 3476 372 3547 vulgatis
393 3483 462 3550 qaod
481 3483 601 3548 iniquitas
623 3489 761 3547 teniporam
783 3489 809 3532 et
826 3498 870 3533 eos
892 3498 954 3547 quos
973 3498 1022 3532 non
1044 3484 1122 3531 solam
1140 3486 1224 3531 vestro
1243 3483 1349 3546 imperio

48 3572 119 3625 mi:
139 3566 185 3618 ii*
206 3560 318 3616 omittit
334 3574 361 3617 ei
383 3564 448 3617 ante
466 3583 519 3618 eoi.
536 3593 568 3602 -
587 3562 757 3632 Temporum
777 3561 909 3630 iniquitas
930 3561 1044 3632 impiam
1065 3561 1208 3616 invexerat
1225 3561 1349 3616 Basilisci

50 3650 261 3714 sanctionem,
279 3662 362 3715 quam
380 3647 466 3702 etiam
483 3647 543 3718 ipse
560 3647 654 3717 paullo
673 3648 737 3702 anto
747 3646 864 3702 Zenonis
877 3646 997 3701 reditum
1010 3646 1171 3715 abrogauit.
1198 3646 1270 3700 Tum
1282 3663 1348 3702 iero

50 3733 186 3807 tyranni
203 3731 292 3801 liuius
309 3732 354 3787 vel
370 3732 464 3802 potius
473 3731 569 3787 Aeluri
586 3732 709 3787 fautores
728 3732 826 3786 robelli
844 3731 943 3801 spiritu
961 3730 1078 3799 incitati,
1097 3734 1129 3785 ut
1139 3731 1239 3786 Leonis
1257 3748 1348 3801 pupae

51 3826 161 3877 somus
183 3818 216 3872 ct
233 3814 465 3871 Calchedonensis
486 3817 595 3872 concilii
613 3817 726 3872 decreta
742 3832 813 3871 novo
832 3817 860 3870 iii
879 3816 994 3871 concilio
1014 3816 1251 3883 exanniiarentur,
1275 3816 1349 3870 effla·

53 3908 162 3977 gimo
188 3918 250 3957 nou
272 3900 452 3957 desistebant.
488 3902 578 3968 Quam
595 3902 760 3972 petitionem
777 3900 957 3957 novissimum
974 3901 1098 3956 Basilisci
1123 3902 1244 3956 edictimi
1262 3900 1349 3970 (apud

54 3991 174 4061 Evagr.
193 3987 225 4043 li.
244 4002 269 4041 e.
285 3986 338 4055 III,
357 3990 383 4055 ’1)
405 3985 509 4058 repulit
530 3986 573 4041 his
591 3987 695 4042 verbis:
718 3994 750 4042 de
772 3992 821 4043 Ιιοε
841 3998 987 4056 sepimenta
1010 4007 1057 4042 nee
1078 3993 1200 4056 synodum
1219 3992 1281 4053 fieri
1303 4005 1349 4040 uec

55 4082 181 4147 aplius
199 4078 375 4144 fauctionem
391 4078 465 4127 alisia
481 4079 576 4129 noceri
591 4080 712 4138 volamus,
729 4078 777 4128 sed
793 4093 824 4128 ca
838 4078 914 4138 firmo
931 4083 956 4126 et
975 4079 1120 4127 inconuulsa
1136 4092 1246 4131 manne.

136 4162 174 4228 Ιἱ)
197 4158 232 4213 Ιιι
250 4156 346 4228 Vigilii
368 4157 518 4214 constituto
540 4175 589 4214 seii
613 4157 692 4228 epist.
717 4163 751 4212 iii
768 4176 793 4212 n.
815 4163 877 4224 144,
899 4157 946 4212 ubi
969 4158 1038 4213 haec
1062 4157 1223 4224 laudantur,
1247 4156 1349 4225 legitur

58 4251 225 4304 naason.

135 4333 176 4398 ¹⁸)
194 4328 337 4384 Nimirum
358 4328 519 4385 Timotheus
537 4329 655 4385 Aelurus
677 4329 714 4384 ab
733 4327 860 4383 universo
884 4328 951 4383 orbe
974 4328 1002 4382 in
1020 4327 1149 4397 encycliis
1172 4327 1209 4382 ad
1227 4328 1348 4383 Leonem

60 4414 236 4487 Augustani
254 4412 344 4468 missis
361 4429 416 4468 mio
434 4429 482 4470 ore
501 4414 657 4470 damnatus.

138 4501 176 4570 ¹⁴)
194 4498 357 4554 illudam
374 4513 430 4553 non
447 4499 484 4554 ad
500 4506 562 4557 sede
579 4500 629 4555 sed
646 4499 684 4555 ad
701 4505 826 4555 catholico
840 4506 906 4567 fides
924 4500 1052 4555 refert-ur.

139 4587 177 4653 ι5)
194 4582 273 4639 Editl
290 4582 400 4638 addunt
416 4590 498 4639 etima
532 4584 621 4640 iidem
638 4599 702 4638 mox
723 4589 751 4638 V
750 4589 801 4639 111
818 4589 892 4642 Idus.

133 4673 177 4737 δ’)
194 4668 250 4723 Hic
266 4666 392 4725 Basilisci
409 4668 514 4723 nomini
531 4685 587 4723 uon
598 4668 711 4724 additui·
724 4674 833 4738 Aspicit
844 4669 952 4735 titulus,
972 4669 1045 4736 quod
1065 4670 1138 4723 malo
1155 4676 1268 4738 partum
1281 4668 1347 4724 anii-

64 4760 148 4813 semt
166 4753 328 4825 imperium.
364 4754 396 4807 Iu
413 4753 475 4808 aliis
492 4753 664 4809 documentis
682 4756 748 4824 post
764 4757 926 4822 vergentem
945 4772 1048 4808 annum
1065 4761 1128 4819 476,
1147 4770 1203 4822 qiio
1221 4754 1294 4808 illius
1307 4761 1348 4823 ty·

66 4841 170 4897 mnis
191 4841 278 4893 linem
300 4841 461 4910 acceperat,
486 4839 608 4895 exoratis
630 4840 690 4909 ojus
712 4841 744 4893 iit
766 4839 915 4895 damnatae
938 4839 1088 4895 memoriae
1112 4855 1213 4894 nomen
1234 4856 1347 4909 prorsus

66 4925 187 4982 reticeri
205 4924 321 4980 Boreios
339 4925 357 4979 l.
376 4942 399 4979 c.
418 4940 483 4995 pag.
501 4930 551 4981 382
569 4942 626 4995 seq.
647 4925 774 4994 exempla
791 4926 880 4980 alleri.
