3204 5506
549 356 742 405 srrsroma
767 349 816 406 74.
842 351 892 407 75.
1292 346 1354 410 869

92 532 173 574 num
202 511 404 594 imperatoris
432 511 616 575 testimonio
644 513 882 595 comprobatum
910 516 968 577 est.
1021 513 1201 579 Voluerunt
1230 519 1263 579 et
1284 520 1353 579 ten-
1367 548 1390 584 a.
1404 537 1461 584 519.

92 616 239 676 averunt
260 612 345 696 hic²)
375 635 446 676 cum
469 613 626 677 ordinare.
675 613 746 698 Ego
770 614 924 697 jussionis
947 618 1071 680 vestrae
1099 638 1165 680 non
1187 616 1354 683 immemor

92 714 284 797 contradixi,
315 715 439 779 dicens:
467 719 563 780 Iussit
585 722 722 780 dominas
749 728 850 780 noster
875 722 1063 783 bentnsinms
1080 740 1169 799 papa
1191 726 1353 785 secundum

92 824 244 895 ratianum
277 824 518 881 corrsmtmiiaem
551 823 594 881 ibi
618 839 683 882 curn
712 825 883 898 episcopan
913 827 1063 884 ordinari.
1108 819 1179 884 Hoc
1201 820 1352 904 obtinuit,

92 918 169 1001 puod
192 919 408 1002 praecepistis,
455 919 568 1002 Orate,
592 922 629 984 ut
650 919 735 983 Deus
757 920 904 1004 precibus
927 922 1062 1005 apostoli
1084 922 1172 986 Petri
1196 926 1228 986 et
1249 923 1353 1007 ipsam

92 1019 250 1083 :lvitatem
274 1043 446 1105 cumpace
469 1021 569 1085 faciat
591 1021 726 1085 electum
749 1023 908 1106 suscipere
931 1024 1138 1088 sacerdotem.

169 1121 200 1185 2.
244 1122 288 1185 Et
315 1123 390 1206 qnia
419 1123 482 1186 ista
511 1127 651 1207 agimtur
684 1127 716 1187 et
743 1124 776 1187 in
804 1124 855 1188 his
884 1124 1023 1209 quotidie
1051 1126 1179 1209 proficit
1206 1125 1353 1191 Ecclesia

92 1224 259 1307 atholica,
283 1224 450 1289 insidiator
472 1225 621 1309 antiquus
644 1226 810 1290 suscitavit
830 1227 1003 1291 monachos
1018 1228 1056 1291 do
1072 1227 1220 1311 Scythia,
1244 1228 1351 1312 quide

92 1326 177 1390 lomo
199 1326 345 1411 magistri
368 1327 505 1422 militum
528 1326 683 1391 Vitaliani
707 1332 797 1410 sunt,
827 1328 969 1392 omnium
992 1328 1247 1394 Christianorum
1269 1331 1369 1407 votis

91 1427 296 1526 adversarios,
326 1451 460 1513 quorum
482 1429 667 1513 inquietudo
689 1451 755 1493 non
777 1452 892 1513 parvas
917 1452 1020 1495 moras
1043 1431 1211 1516 generavit
1232 1431 1350 1496 unitati

91 1531 290 1595 ecclesiarum
312 1534 344 1594 et
366 1553 560 1615 magnopere
583 1531 621 1594 de
643 1532 825 1615 praedictae
850 1532 1001 1598 ecclesiae
1025 1533 1247 1596 Antiochenae
1269 1533 1350 1596 ordi-

91 1633 225 1698 ratione.
269 1632 329 1696 Isti
356 1633 521 1715 monachi,
551 1634 636 1696 inter
663 1654 742 1716 qnos
771 1636 819 1696 est
841 1633 1009 1716 Leontius,
1042 1635 1096 1718 qui
1124 1657 1158 1698 se
1181 1635 1258 1699 dicit
1280 1658 1350 1699 csse

91 1735 282 1819 rarentcmi)
305 1735 452 1818 magistri
474 1734 628 1817 militnm,
652 1733 789 1797 Romam
803 1735 978 1819 festinant,
1002 1739 1168 1819 sperantes
1185 1736 1349 1821 aliquanta

91 1835 222 1921 capitula
245 1860 263 1899 a
285 1836 484 1900 beatitudine
507 1839 613 1899 vestra
640 1836 832 1900 confirmari.
877 1837 937 1901 Est
965 1838 1000 1900 in
1021 1837 1100 1920 ipsis
1122 1837 1208 1902 inter
1231 1842 1347 1922 cetera,

91 1939 134 2003 rbi
164 1938 275 2002 volunt
302 1936 406 2001 dicere
435 1959 532 2005 unum.
552 1945 589 2002 de
620 1943 768 2003 Trinitate
795 1945 991 2013 crucifixum:
1024 1939 1107 2022 quod
1143 1943 1191 2002 est
1223 1962 1285 2005 nec
1313 1942 1348 2005 in

94 2041 201 2104 auctis
224 2040 353 2123 synodis
376 2040 497 2103 dictum
524 2062 584 2104 nec
611 2040 644 2103 in
668 2039 809 2123 epistolis
832 2041 937 2103 sancti
958 2063 1061 2125 papae
1083 2041 1199 2104 Leonis
1227 2064 1286 2105 nec
1313 2043 1347 2105 in

91 2142 309 2206 nonsuetudine
338 2141 562 2205 ecclesiastica.
607 2142 696 2216 (iuod
725 2142 751 2204 si
777 2141 976 2225 permittitur
1003 2142 1087 2224 fieri,
1122 2142 1200 2206 mihi
1223 2144 1348 2209 videtur

90 2246 293 2310 lissensiones
316 2249 372 2307 aut
394 2243 545 2307 scandala
567 2266 632 2306 non
655 2243 826 2307 mediocria
848 2244 937 2306 nasci
959 2245 1045 2307 int-er
1060 2244 1222 2308 ecclesias.
1257 2246 1345 2309 Istud

90 2346 304 2431 lnastasins⁴)
337 2346 510 2429 imperator
540 2366 734 2429 magnopere
768 2344 933 2409 catholicis
966 2345 1130 2429 imponere
1162 2346 1345 2412 festinavit:

145 2535 166 2600 ²)
186 2531 248 2585 Scil.
272 2531 518 2600 Constantinopoli.
560 2530 697 2585 Molitioni
719 2530 783 2584 huic
800 2530 956 2585 intercessit
973 2531 1120 2586 Dioscoms
1140 2532 1220 2601 jussu
1238 2535 1346 2588 Hormi-

90 2617 157 2681 dae,
176 2617 223 2684 qui
242 2616 375 2686 Simplicii
394 2615 526 2686 epistolae
541 2622 571 2670 15
589 2634 615 2669 n.
629 2624 657 2680 3,
676 2632 759 2684 quam
775 2616 916 2670 consulere
931 2616 1048 2684 juverit,
1066 2632 1122 2670 non
1139 2616 1298 2686 innnemor,
1317 2620 1345 2672 id

90 2703 100 2755 i
119 2717 155 2754 nc
179 2703 323 2771 pateretur
345 2703 535 2771 praeceperat.
575 2702 682 2771 Nempe
706 2702 737 2753 ut
759 2699 1059 2770 Constantinopolitani
1083 2701 1222 2756 antistites
1244 2702 1345 2758 intenti

90 2789 170 2853 rant,
189 2789 220 2841 ut
234 2788 280 2856 jus
299 2786 373 2854 quod
391 2786 499 2840 actione
514 2791 544 2838 16
557 2785 788 2839 Calchedonensis
807 2784 914 2840 concilii
931 2784 998 2855 ipsis
1016 2786 1184 2840 attrilmtum
1202 2790 1271 2854 erat,
1290 2807 1345 2844 nou

90 2872 164 2926 olum
183 2890 234 2924 usu
252 2872 405 2937 firmarent,
423 2870 472 2923 sed
490 2871 564 2924 etin
582 2870 686 2924 alienas
705 2870 833 2924 ccclesias
854 2872 1067 2939 protenderent,
1091 2871 1131 2926 ita
1149 2871 1218 2926 nihil
1236 2875 1345 2928 omitte-

93 2957 146 3010 ant
162 2955 281 3009 Romani
298 2955 454 3024 pontifices,
473 2971 527 3023 quo
545 2955 595 3008 hos
614 2971 709 3009 eorum
728 2958 842 3007 conatus
859 2955 1050 3024 infringerent.

144 3044 164 3107 ³)
182 3040 216 3093 H.
240 3057 263 3093 c.
283 3039 422 3093 Vitaliano
444 3039 563 3092 militurn
586 3038 733 3107 magistro,
757 3055 841 3107 quem
864 3038 996 3108 scytham
1018 3040 1194 3095 Marcellinus
1216 3040 1244 3094 in
1268 3044 1344 3096 chro-

90 3125 137 3179 ico
155 3125 240 3179 semel
259 3128 287 3179 et
303 3125 404 3178 iterum
417 3126 508 3189 vocat,
528 3124 693 3193 cognatione
707 3123 891 3191 conjunctum.
919 3125 990 3178 Hinc
1002 3124 1157 3190 Dioscorus,
1171 3127 1246 3193 quod
1258 3128 1344 3181 Leon-

89 3212 113 3265 ἰο
135 3209 329 3276 conveniebat,
348 3210 433 3264 etiam
451 3208 532 3263 suciis
550 3210 608 3278 ejus
627 3208 793 3275 attribuens,
811 3209 961 3262 monachos
979 3208 1041 3262 illos
1060 3209 1094 3262 de
1113 3209 1195 3263 domo
1209 3210 1343 3266 Vitaliani
1437 3213 1440 3219 '

92 3295 199 3350 roximc
219 3295 294 3347 dixit.
312 3325 346 3332 -
363 3295 427 3346 Mox
446 3294 488 3348 ed.
507 3300 592 3362 aliqua
610 3299 724 3362 capitata
795 3301 974 3361 permittuntur
988 3299 1054 3361 fieri.

141 3382 163 3448 ⁴)
181 3381 212 3433 In
231 3379 348 3433 Zenonis
366 3379 509 3444 henoticO,
528 3378 603 3447 quod
614 3378 776 3432 Anastasius
790 3377 926 3447 pertinaci
938 3378 1030 3432 animo
1043 3382 1249 3449 propugnabat,
1268 3385 1342 3452 apud

89 3465 225 3534 ivagrium
244 3465 295 3530 lll,
314 3471 345 3517 14
362 3465 457 3532 legere
476 3465 530 3517 est:
559 3469 671 3517 Trinitas
688 3483 788 3532 semper
805 3470 895 3516 rrransit
917 3467 1041 3526 Trinitas,
1063 3471 1136 3518 etiarm
1154 3472 1210 3519 dnm
1228 3488 1290 3522 unsis
1308 3490 1343 3522 ea·

92 3555 201 3603 'sinitote
223 3554 292 3604 Deus
318 3555 426 3603 Verbum
448 3555 596 3602 incarnatus
623 3560 660 3603 cst
683 3549 743 3615 (nni
767 3548 966 3616 σαρκωθέντος
990 3551 1040 3605 τοῦ
1064 3544 1127 3612 iric
1150 3554 1200 3619 τῆς
1225 3549 1342 3618 τριάδος

89 3637 147 3690 *sori
161 3629 280 3705 Λόγου),
298 3635 342 3688 vel
361 3636 391 3688 ut
409 3634 494 3688 latine
513 3633 636 3687 reddidit
652 3633 799 3687 Liberatus
818 3651 840 3687 c.
857 3639 900 3687 18:
920 3639 1018 3687 Atnrisir
1036 3641 1098 3687 enim
1115 3638 1241 3698 Trinitas,
1262 3650 1286 3691 er
1305 3645 1341 3691 in-

89 3731 179 3775 ernnto
198 3741 246 3774 nno
264 3727 297 3774 de
318 3724 444 3773 Triniinte
464 3725 517 3773 lieo
540 3724 634 3773 Verbo.
675 3716 752 3783 Quae
776 3718 886 3787 quidem
905 3718 991 3772 verba
1013 3718 1149 3788 praedicti
1167 3722 1295 3775 monachi
1312 3723 1341 3776 in

89 3805 192 3876 pistola
210 3805 245 3859 ad
258 3806 339 3859 Afros
358 3822 417 3873 cap.
432 3811 448 3857 4
466 3804 621 3858 exscribere
640 3805 774 3858 ati'cctant
791 3803 820 3857 in
831 3804 905 3857 hunc
916 3803 1042 3856 modum:
1066 3808 1178 3858 Trinitas
1191 3813 1264 3860 eiiam
1280 3820 1341 3876 post

89 3897 257 3944 remotionis
274 3897 417 3959 mysterium
439 3894 552 3943 Trinitas
570 3896 674 3942 raansit:
693 3898 752 3958 quia
770 3896 834 3943 idem
853 3894 921 3942 Deus·
943 3894 1051 3942 Verbum
1069 3897 1143 3943 ctiam
1162 3911 1215 3943 cum
1232 3898 1342 3959 propria

89 3997 149 4030 arne
167 3997 230 4028 tineis
248 3987 286 4029 est
299 3996 333 4029 en
349 3979 482 4032 Trinitnie.
511 3975 563 4029 Vel
580 3977 697 4045 propter
714 3975 785 4028 hanc
802 3973 888 4042 igitur
906 3973 1060 4028 sentcntiae
1078 3975 1159 4044 hujus
1178 3992 1240 4029 cum
1257 3977 1341 4031 heno-

89 4078 125 4116 co
144 4061 311 4115 affinitatem
324 4061 360 4114 ab
373 4078 406 4114 ea
419 4060 592 4114 admittenda
604 4061 766 4115 Dioscorum
784 4060 903 4129 primum
916 4059 1100 4125 abhorruisse,
1114 4060 1226 4113 minimo
1239 4062 1340 4115 mirum

88 4149 120 4201 st.
158 4145 213 4199 Sed
237 4148 265 4200 et
283 4146 381 4200 eadem
399 4147 512 4199 favebat
535 4144 674 4214 impietati
691 4144 767 4198 Petri
780 4144 914 4209 Fullonia,
934 4143 981 4212 qui
999 4162 1085 4213 quum
1103 4145 1280 4200 Antiochiam
1297 4147 1339 4200 in-

89 4249 180 4285 fessus
193 4230 322 4299 Trisagio
335 4230 487 4284 addidisset
500 4235 557 4285 lica
571 4236 670 4285 Christe
688 4238 731 4300 qai
747 4252 796 4298 pro
815 4235 886 4284 nobis
904 4236 1042 4296 crucifixus
1060 4251 1100 4295 es,
1119 4230 1236 4283 subinde
1250 4231 1338 4286 Theu-

88 4317 162 4370 hanc
179 4333 245 4386 pag.
266 4322 313 4369 115
332 4316 386 4383 (ed.
397 4315 483 4369 Bonn.
498 4319 562 4384 207)
581 4318 661 4382 tsste,
680 4316 791 4369 sublato
809 4336 860 4368 rex
878 4320 985 4376 Christe,
1005 4317 1123 4368 mortem
1141 4314 1273 4369 Trinitati
1293 4317 1338 4370 ad-

88 4400 188 4470 :ripsit
223 4401 259 4453 Et
277 4400 389 4469 quidem
406 4400 567 4454 Anastasius
584 4401 705 4455 henotici
723 4401 844 4470 primum
861 4401 983 4454 assertor
1001 4399 1037 4453 ad
1056 4399 1261 4468 suscipiendum
1278 4401 1340 4453 Ful-

88 4486 138 4540 ›nis
157 4485 378 4540 additamentum
397 4503 452 4539 nou
474 4485 532 4540 sina
556 4486 635 4556 gravi
653 4485 749 4556 populi
766 4485 897 4539 scandalo
915 4483 1052 4554 paulatim
1068 4484 1197 4538 inductus
1216 4487 1265 4538 est.
1301 4485 1339 4539 Ut

88 4570 142 4625 iim
166 4571 317 4624 memoriae
339 4571 464 4641 prodidit
481 4571 617 4639 Evagrius
634 4572 686 4638 lli,
704 4576 749 4637 44,
773 4592 845 4640 qaum
867 4577 1007 4638 imperator
1025 4575 1179 4623 Anastasius
1200 4576 1226 4624 in
1249 4575 1338 4639 hymno

88 4662 189 4722 &sepio
207 4660 253 4708 lias
272 4676 344 4709 noces
363 4662 479 4722 adjicere
497 4662 615 4710 astitisset
637 4662 698 4725 „pm
715 4662 851 4722 crucifixas
869 4675 897 4707 es
916 4676 966 4723 pro
985 4659 1085 4717 nobis“‘,
1108 4661 1257 4722 pravissima
1270 4662 1337 4709 sedi·

88 4763 99 4795 o
119 4751 216 4795 exorta
234 4752 285 4800 est,
307 4746 416 4808 perinde
439 4748 512 4810 quasi
531 4745 676 4794 Christiana
693 4747 782 4808 religio
802 4751 966 4794 everteretur.
1006 4740 1173 4794 Deterrebat
1191 4743 1338 4809 praeterea

88 4825 231 4880 ioscorum
253 4825 361 4878 novitas
384 4841 481 4878 vocum
500 4842 532 4879 eo
551 4830 689 4895 tempore,
713 4842 767 4894 quo
786 4825 932 4890 haeretici,
951 4826 982 4878 nt
999 4824 1082 4878 fidem
1100 4828 1259 4880 everterent
1278 4827 1337 4880 Cal-

88 4911 284 4978 redoncnsem,
307 4925 379 4963 nova
401 4910 559 4978 excogitare
582 4927 636 4963 non
660 4911 838 4966 desistebant.
875 4911 924 4964 His
942 4910 1027 4964 etiam
1050 4911 1277 4980 suffragabantur
1297 4911 1338 4966 illi
