3204 5506
256 364 319 426 (378
709 377 736 425 s.
754 376 935 424 sruuaom
959 374 1071 420 cama

149 560 174 596 a.
187 547 244 596 501.
345 531 393 593 1⁶2.
432 528 528 593 Nune
549 551 715 613 rogamus,
750 533 786 593 ut
809 528 1096 613 arfirmiaaibusffi)
1126 531 1161 592 et
1183 521 1478 610 redintegrationi
1498 522 1545 585 de

258 633 394 696 bilitatia
416 635 545 695 nostrae
568 631 698 716 sicutffi)
727 632 772 715 pii
795 630 915 695 domini
943 629 1152 693 succurratis:
1182 627 1356 713 quoniam
1380 623 1545 690 calliditati

259 733 413 798 saeculari
436 733 636 797 sacerdotum
658 734 847 817 simplicitas
869 755 936 796 non
958 732 1093 815 sufficit,
1117 731 1247 815 etjam
1270 728 1406 792 diutius
1428 730 1545 792 nostro

259 859 329 900 rum
350 839 469 899 mortes
492 838 524 899 et
545 835 687 919 pericula
709 835 884 920 propria¹⁷)
908 834 1029 898 Itomae
1051 834 1119 918 pati
1142 855 1212 897 non
1237 852 1435 916 possumus.
1490 827 1546 893 Sed

260 936 424 1001 concedite
446 937 538 999 nobis
561 937 760 1021 optatissimo
781 940 952 1021 praecepto
976 939 1097 1019 vestro,
1121 939 1158 999 ut
1173 933 1218 998 ad
1235 932 1406 998 ecelesias
1424 934 1546 996 nostra

260 1038 356 1103 liceat
377 1059 435 1100 nos
457 1039 589 1121 reverti,
613 1039 687 1123 quia
709 1040 882 1122 posthaec
905 1060 986 1122 quae
1008 1038 1233 1122 suggessimus
1256 1035 1352 1100 nihil
1375 1038 1444 1117 est,
1468 1033 1545 1118 quod

262 1164 281 1204 a
307 1139 400 1202 nobis
429 1141 531 1222 possit
563 1140 714 1204 ordinari.
769 1146 810 1206 Et
836 1144 900 1206 alia
926 1161 1032 1206 manu:
1071 1139 1234 1225 Optamus
1264 1137 1367 1202 vobis
1399 1135 1536 1200 salum

263 1241 435 1327 doniiue¹⁸)
458 1242 617 1325 princeps.

390 1428 452 1492 lv.
489 1427 735 1511 Praeceptim)
758 1430 855 1512 regis
877 1431 1006 1510 quinta
1026 1430 1134 1495 missa
1155 1428 1202 1494 ad
1225 1427 1432 1508 synodum.

414 1563 467 1627 lil.
490 1564 758 1629 Theudoricus
787 1588 852 1630 rex
880 1565 1081 1630 universis
1108 1565 1323 1650 episcopis
1352 1565 1405 1629 ad
1435 1586 1545 1649 syno-

507 1666 593 1730 dum
617 1668 859 1731 convocatis.

350 1785 399 1848 13.
437 1784 596 1849 Desierat
618 1786 745 1870 quidem
773 1787 1005 1850 beatitudinem
1033 1790 1171 1850 vestram
1199 1785 1338 1850 divinae
1365 1786 1548 1851 considera·

263 1886 361 1950 tionis
384 1887 563 1950 reverentia
585 1889 763 1972 exortum²)
788 1890 856 1972 jam
879 1888 971 1951 finire
994 1887 1176 1971 negotium:
1209 1890 1249 1951 ut
1273 1888 1373 1952 vobis
1397 1888 1548 1953 ordinan-

264 1987 350 2051 tibus
373 1988 551 2052 submoveri
572 1989 729 2072 potuisset
751 1990 789 2053 de
812 1992 906 2053 tauta
929 1989 1058 2053 civitate
1082 1988 1247 2070 confusio,
1278 1989 1433 2052 maxime
1456 2012 1549 2074 quum

264 2089 446 2173 praeteritis
469 2090 618 2153 affatibus
637 2091 836 2174 jusserimus,
861 2091 1124 2175 quemadmodum
1139 2090 1284 2175 vestrm)
1311 2091 1426 2155 visum
1441 2092 1552 2155 fuisset

265 2190 414 2273 arbitrio,
444 2194 652 2254 memoratum
674 2214 730 2255 vos
753 2193 926 2256 terminare
949 2193 1063 2257 debere
1087 2195 1269 2274 certarnen,
1297 2192 1484 2257 dnmmodo
1505 2215 1552 2257 res

266 2292 325 2355 sub
343 2292 432 2373 justa
453 2292 654 2356 ordinatione
677 2294 779 2375 finita,
805 2294 1029 2358 dissentientes
1051 2293 1170 2357 unitati
1198 2297 1231 2357 et
1257 2295 1467 2360 concordiae
1490 2295 1552 2359 red·

267 2392 427 2457 derantur.
465 2393 671 2479 Postquaml)
693 2397 847 2458 miramur
869 2396 971 2459 (tenuo
993 2395 1092 2458 fuisse
1116 2394 1297 2476 consultos,
1322 2399 1479 2481 quamsi
1500 2419 1553 2461 uos

267 2493 305 2557 de
328 2497 489 2578 praesenti
512 2499 587 2560 aute
610 2495 817 2560 voluissemus
835 2497 980 2580 judicare
1003 2497 1144 2582 negotio,
1167 2494 1287 2561 habito
1311 2518 1395 2561 eum
1418 2499 1554 2584 proceri·

268 2596 326 2659 bus
354 2597 473 2659 nostris
506 2597 544 2660 de
578 2597 769 2681 inquirenda
799 2599 934 2662 veritate
962 2602 1103 2662 tractatu
1111 2600 1153 2684 ⁵),
1192 2597 1285 2662 vium
1313 2597 1394 2665 Deo
1427 2601 1553 2685 auspice

269 2698 479 2781 potuissemus
501 2699 645 2762 invenire
665 2698 826 2781 justitiae,
851 2723 931 2783 quae
953 2723 1013 2765 nec
1035 2699 1197 2784 praesenti
1219 2701 1363 2765 saeculo
1386 2724 1453 2767 nee
1474 2703 1553 2767 iutu-

269 2822 323 2863 rae
344 2800 481 2864 forsitan
504 2799 671 2883 displicere
693 2802 851 2884 potuisset
873 2802 983 2865 aetati.
1021 2801 1083 2867 Sed
1100 2802 1175 2886 quia
1197 2823 1269 2865 non
1293 2807 1456 2868 nostrum
1474 2804 1553 2889 judi·

270 2903 409 2966 eavimus
432 2902 470 2965 de
492 2901 716 2966 ecclesiasticis
744 2902 864 2986 aliquid
887 2926 1015 2968 censere
1038 2903 1194 2988 negotiis,
1229 2901 1417 2993 ideoque⁶)
1441 2928 1498 2970 vos
1518 2905 1553 2968 de

338 3142 369 3206 ¹⁵)
387 3139 435 3192 Κ12
446 3139 480 3191 B¹
492 3138 526 3191 Fd
540 3141 566 3192 o⁹
583 3143 769 3206 infirmitatibus
787 3153 812 3193 et
830 3142 867 3202 (0⁹
880 3140 942 3193 add.
957 3152 994 3202 et,
1022 3141 1055 3192 ΒΙ
1074 3143 1304 3209 redintegrationi)
1330 3148 1366 3196 de
1386 3149 1495 3198 auttata
1512 3142 1553 3209 (F

271 3227 417 3291 stabilitatis)
437 3234 555 3277 nostrae.-
580 3223 716 3277 Batonius
739 3240 805 3278 vero
829 3224 889 3278 loeo
913 3231 1061 3289 deamicitia,
1093 3224 1130 3277 ad
1151 3223 1318 3294 marginem
1345 3226 1502 3297 adscripsit
1521 3233 1554 3280 ia

271 3315 408 3362 (letaniam.
444 3307 545 3376 Liquet
562 3324 685 3362 errorem
704 3325 763 3361 esse
781 3308 896 3375 notarii,
915 3309 963 3378 qui
980 3309 1102 3363 litteram
1120 3313 1135 3361 b
1152 3308 1182 3361 in
1200 3331 1216 3362 u
1240 3311 1272 3363 et
1290 3311 1442 3379 syllabam
1461 3311 1523 3365 itin
1539 3330 1553 3362 a

271 3394 346 3447 haud
365 3393 497 3447 inusitato
515 3409 592 3447 more
611 3393 755 3447 contraxit.

341 3481 371 3545 ¹⁶)
389 3477 464 3531 Editi
483 3484 550 3547 quad
567 3480 603 3543 (ο9
622 3481 833 3546 quemadmodum)
856 3485 894 3545 pii
910 3484 1004 3532 domiui
1024 3484 1188 3544 succurratis,
1215 3487 1350 3548 quomode
1376 3486 1417 3550 (θ’
1430 3486 1553 3553 quonian)

272 3569 415 3617 calliditati.
450 3563 482 3615 B¹
502 3561 650 3631 sequimur.
686 3563 720 3615 F‘¹
739 3571 847 3616 calciate
864 3569 1008 3616 saecularia
1084 3583 1129 3617 aas
1145 3568 1252 3631 sufficit.

341 3651 373 3714 17)
393 3651 418 3701 0⁹
435 3654 599 3715 propriarum
616 3653 680 3713 pali.
717 3645 881 3701 concinnius
899 3648 930 3701 B¹
945 3648 979 3700 F*¹
992 3647 1071 3701 K¹²b
1088 3653 1200 3717 propria
1218 3653 1330 3707 nomm.

342 3735 372 3799 ¹⁸)
391 3733 434 3785 lta
451 3732 483 3784 B¹
498 3731 532 3784 Fi
546 3734 583 3796 0⁹3
601 3731 679 3784 Kl²b
699 3737 795 3785 (lorraine
813 3739 857 3799 pri
872 3737 924 3785 ccl.

341 3820 361 3884 ¹)
379 3817 411 3869 Βι
433 3817 469 3870 all
486 3834 573 3884 marg.
591 3818 683 3869 notat:
704 3821 857 3884 Praeceptio
876 3824 943 3884 repis
962 3824 1048 3886 quinta
1066 3823 1140 3870 missa
1158 3822 1346 3885 adsyuoduat.
1375 3821 1452 3877 Eam
1470 3823 1553 3893 ipsam
1574 3876 1578 3881 ,

273 3901 397 3972 episcopi
423 3903 451 3954 in
477 3901 612 3970 superiori
639 3901 765 3968 synodali
794 3900 944 3954 constituto
971 3920 997 3953 n.
1017 3908 1033 3955 8
1056 3904 1287 3957 commemorant.
1333 3905 1404 3960 Mox
1429 3911 1500 3962 nota
1520 3912 1553 3962 ll.

274 3987 369 4054 (etiam
387 3986 416 4040 in
432 3986 478 4055 Fa)
496 3986 570 4040 idem
589 3986 663 4055 quod
681 4003 765 4055 supra
782 3993 838 4039 nt
856 3989 924 4040 nota
942 3991 990 4040 Fit.
1005 3985 1060 4052 [vel
1072 3989 1122 4053 Fi.)
1140 3985 1308 4056 significari,
1333 3990 1491 4059 probabile
1508 3994 1553 4046 eat

277 4072 353 4126 Editi
372 4074 519 4138 utrumque
537 4076 639 4124 Flauias
658 4070 844 4124 reddiderunt.

341 4161 362 4226 ²)
381 4158 399 4211 b
413 4160 438 4211 0⁸
451 4175 507 4225 seq.
528 4163 648 4217 excitum,
668 4172 785 4223 moxque
803 4156 835 4208 ΒΙ
849 4156 883 4209 Fi
898 4161 981 4223 finire,
1001 4155 1049 4209 ubi
1067 4155 1115 4210 alii
1129 4161 1237 4220 finiisse.
1266 4155 1386 4214 Deinde
1407 4161 1480 4217 editi
1496 4180 1552 4217 em

275 4261 336 4298 mss.
355 4249 497 4311 praetentis
520 4242 562 4308 (ΒΙ
582 4243 740 4309 praeteritis)
764 4246 907 4309 affectibus.
947 4239 1035 4293 Nemo
1057 4240 1085 4293 in
1108 4242 1235 4294 veterum
1262 4242 1437 4316 principum
1459 4244 1554 4303 litteris

275 4328 413 4397 tantisper
424 4328 549 4383 versatus
561 4325 762 4380 restituendum
773 4324 856 4378 irrisae
869 4325 979 4394 negarit
992 4329 1120 4393 assalitus.
1133 4324 1186 4379 hoc
1196 4331 1241 4380 est
1252 4327 1337 4394 quod
1348 4330 1430 4387 infra
1441 4338 1555 4387 arenas.

342 4416 362 4481 ³)
382 4414 424 4466 lta
441 4413 487 4479 13¹,
505 4411 558 4466 nisi
577 4410 651 4479 quod
670 4428 731 4464 cum
749 4410 795 4463 Κ12
813 4409 909 4464 scribit
927 4431 992 4469 rem:
1019 4409 1066 4463 alii
1088 4422 1196 4464 oestrum
1272 4417 1420 4470 arbitria
1493 4422 1555 4471 du

275 4503 347 4551 modo
365 4502 409 4551 sub
423 4504 498 4564 juda
568 4503 673 4564 finitum.

343 4583 364 4649 ⁴)
382 4583 426 4637 Ita
442 4582 475 4635 B¹
488 4582 536 4646 1³⁶3
555 4580 602 4635 alii
622 4585 698 4645 Quam
716 4587 834 4634 miramur
907 4588 1054 4633 censualium.

344 4671 363 4734 ⁵)
382 4667 416 4719 Fa
431 4678 563 4720 tractatum
581 4673 643 4720 viam
663 4673 694 4719 da
713 4672 806 4733 aspice,
824 4665 857 4717 Β1
871 4678 896 4718 et
908 4668 1037 4718 tra-tabia
1055 4670 1111 4728 deo,
1129 4679 1250 4734 moxque
1261 4665 1318 4722 ΙΨ
1330 4676 1471 4738 jutitiae,
1489 4669 1557 4726 unde

277 4752 371 4805 nostra
387 4751 478 4806 lectio.
515 4751 569 4805 Alii
588 4763 706 4811 tractmu.
727 4757 780 4805 lica
801 4756 986 4817 ...justitiam

344 4839 364 4904 ⁶)
383 4837 427 4889 lta
444 4837 476 4889 Β1
490 4835 627 4901 l'lli12b3
651 4841 675 4889 o'¹
694 4842 760 4893 idea.
796 4836 916 4905 Moxque
935 4834 981 4888 alii
999 4835 1112 4904 praeter
1128 4833 1161 4887 B¹
1182 4854 1311 4902 morare,
1337 4840 1357 4895 b
1376 4846 1514 4897 transierit
1530 4840 1558 4894 ct

278 4919 313 4975 ad
330 4938 419 4991 marg.
439 4927 633 4988 transigeretur.
