3204 5506
257 415 319 480 588
732 427 760 475 s.
778 425 918 475 6666666
941 424 1055 472 aaran

253 585 343 668 jugis
376 605 520 667 precem,
553 604 648 665 quam
677 581 743 644 fieri
772 602 831 664 pro
858 580 928 663 ipsa
958 581 1080 643 certum
1108 581 1158 643 cst
1180 578 1346 643 affectione
1365 579 1482 665 conjup‘i,

257 685 376 771 aliquid
399 685 496 748 etiam
518 684 655 747 infidelis
679 682 794 765 conjux
818 681 1082 747 sanctificationis
1105 704 1163 765 per
1181 679 1413 746 misericordiam
1424 679 1481 744 diri-

257 811 348 869 66666,
379 809 474 870 quemi
496 786 599 849 61616116
622 784 769 869 conjugis
792 784 943 866 implorat
964 783 1172 867 supplicatio,
1206 786 1415 867 consequatur,
1433 781 1480 845 lon·

256 912 358 974 geque
381 888 522 970 6116666666,
553 888 637 951 61666
658 887 779 950 61166666
802 889 866 968 est,
903 885 942 949 ab
966 885 1020 948 illo
1043 886 1223 968 connubio,
1260 885 1295 948 in
1317 906 1372 969 quo
1389 883 1480 966 utrique

257 992 407 1075 conjuges
437 1013 455 1053 a
484 1010 577 1052 verae
605 987 792 1051 Divinitatis
823 990 899 1051 sunt
932 987 1072 1071 puritate
1103 987 1205 1051 exteri
1234 990 1268 1051 66
1294 984 1479 1067 6616666661)

255 1093 403 1174 submoti,
428 1090 482 1155 sed
504 1090 683 1154 immundos
705 1089 831 1172 utrique
854 1088 985 1172 spiritus
1007 1089 1205 1172 invocantes,
1230 1089 1300 1173 pari
1321 1084 1480 1152 immunditia

255 1197 331 1257 sunt
353 1193 472 1257 referti.
519 1191 601 1256 Nam
623 1192 650 1255 si
674 1189 911 1274 comparatione
933 1190 1051 1254 lcviunr
1079 1191 1128 1255 vel
1151 1191 1300 1276 gravium
1321 1193 1480 1275 peccatorum

248 1303 433 1375 justificatas
455 1293 572 1358 dicitur
594 1294 634 1357 ab
652 1316 699 1377 eo,
724 1293 778 1378 qui
798 1293 974 1376 majoribus
997 1297 1046 1357 cst
1061 1292 1148 1357 vitiis
1163 1294 1338 1376 involutus,
1360 1291 1480 1404 illequeu

255 1399 359 1461 nrinor
380 1400 487 1460 reatus
509 1396 659 1479 involvit,
690 1396 773 1459 sicut
795 1396 940 1460 dicitur
934 1394 974 1458 6661
996 1394 1192 1478 Jerusalem,
1216 1417 1299 1479 quae
1320 1396 1390 1458 6666
1407 1391 1481 1457 arimi-

143 1488 239 1621 {4⁰3¹
253 1522 330 1563 num
360 1504 392 1563 66
420 1447 767 1583 praevaricationum
760 1497 907 1560 numanit
909 1500 960 1560 ate
928 1497 1150 1561 stereobat:
1189 1503 1365 1574 laetificasti
1384 1512 1481 1560 sorores

173 1580 180 1605 ³
254 1614 337 1665 tuom
358 1607 537 1672 Sodomam
566 1602 687 1683 quanta
710 1598 813 1683 magis
832 1599 998 1682 justificat
990 1622 1020 1663 ro
975 1599 1092 1663 6661
1115 1598 1346 1682 sanctificatio,
1372 1597 1419 1662 etsi
1435 1614 1481 1659 666

255 1703 350 1787 plena
373 1705 468 1787 atque
490 1702 643 1785 perfecta,
672 1700 846 1764 6666661666
869 1705 978 1765 tamen
1001 1701 1169 1785 quemdam
1192 1700 1322 1764 modum
1342 1700 1482 1784 competen-

254 1808 304 1867 ter
326 1802 496 1887 accipitur,
526 1804 580 1867 ubi
609 1826 674 1868 non
702 1801 804 1867 solum
832 1827 851 1866 a
874 1802 959 1866 6161611
983 1804 1119 1887 conjuge
1142 1802 1250 1866 miuus
1272 1806 1423 1887 peccatu,
1444 1795 1482 1861 666

254 1906 295 1969 ab
318 1928 354 1969 66
377 1905 474 1968 etiam
497 1905 626 1989 conjugi
634 1906 672 1987 ⁵⁰)
702 1905 860 1989 peccatori
889 1904 1064 1968 remedium
1091 1926 1234 1968 summae
1257 1903 1428 1969 Divinitatis
1446 1921 1482 1963 66·

254 2007 406 2091 poscitur,
431 2029 526 2090 quam
548 2006 602 2070 ubi
626 2030 643 2069 a
667 2007 857 2091 conjugibus
880 2009 1022 2090 utrisque
1043 2008 1205 2089 peccatur.
1240 2005 1326 2070 Nam
1347 2002 1481 2072 secuudum

252 2109 421 2194 quemdam
443 2109 570 2172 modurn
592 2108 676 2172 hane
700 2112 792 2172 sanct
778 2108 989 2172 tificationem
1012 2108 1210 2192 perfidelem
1234 2108 1396 2193 conjugem
1414 2105 1481 2171 661666

121 2203 159 2255 *Γ
147 2204 238 2288 spro-
253 2211 372 2275 infideli
407 2233 478 2292 conJ
465 2210 538 2294 jugi
573 2210 806 2293 *pervenire
838 2211 956 2274 haec
948 2232 1018 2295 ipsa
1052 2209 1148 2273 verba
1181 2212 1344 2275 testantur
1369 2205 1480 2296 apostoli,

146 2277 409 2397 ιΜΓΓ61616161666
430 2334 497 2376 non
515 2313 584 2394 J'am
607 2311 767 2375 infidelem
776 2312 815 2395 ⁵⁷)
840 2334 909 2394 conJ
913 2334 1009 2396 ugem
1032 2311 1212 2396 legitimam
1234 2311 1480 2378 sanctificationem

253 2415 424 2498 sumpsisse
453 2414 637 2496 confirmat,
676 2413 751 2497 quia
781 2435 838 2497 per
864 2414 990 2478 fidelem
1020 2414 1191 2498 conjugem
1213 2414 1374 2500 quippiam
1397 2409 1479 2477 66666-

252 2516 435 2580 11666166166
428 2515 582 2599 acquirat.
620 2515 764 2600 Denique
787 2538 848 2599 qua
871 2516 913 2579 sit
935 2515 1118 2580 conditione
1134 2516 1368 2601 censendus⁵⁸l,
1389 2514 1479 2580 secutus

154 2608 258 2737 170106·
253 2617 302 2700 adj
307 2618 414 2681 unxit:
439 2621 515 2680 It'om
532 2625 559 2680 si
580 2640 614 2681 66
621 2622 644 2694 s
646 2625 740 2682 edel
729 2641 759 2682 66
782 2624 934 2682 discedot:
957 2639 1023 2681 non
1041 2617 1110 2700 jam
1125 2616 1201 2681 16616
1216 2621 1377 2703 uunquam
1390 2613 1478 2681 fidelem

211 2699 224 2729 ³
252 2719 370 2803 suscipi
394 2718 578 2801 designans,
603 2720 725 2803 quiall)
748 2742 806 2803 per
828 2719 908 2783 haee
930 2741 1011 2803 quae
1034 2640 1120 2783 611666
1144 2723 1221 2783 sunt
1244 2720 1362 2804 aliquid
1382 2719 1415 2783 ad
1430 2732 1478 2778 eum

252 2821 399 2904 pervenit
421 2820 523 2884 fidelis
547 2822 703 2906 corrjugis,
727 2822 793 2884 sive
817 2820 1011 2884 consortirun
1033 2843 1089 2884 seu
1110 2843 1239 2905 precem
1261 2822 1383 2886 61161666
1395 2811 1480 2884 saneti·

254 2923 412 2986 ficationis
435 2925 468 2985 66
489 2923 630 3006 gratiae3
654 2923 708 2986 sed
731 2924 794 2987 nisi
816 2923 885 3006 ipse
901 2944 1024 3006 quoqne
1040 2922 1142 2986 fidelis
1158 2923 1303 3007 exsistat,
1326 2946 1380 3008 pro
1392 2909 1481 2986 infidefi

253 3025 296 3088 sit
318 3024 428 3108 procul
451 3024 546 3087 dubio
565 3024 767 3106 judicandus.

339 3126 386 3190 16.
428 3125 489 3189 Ε66
516 3127 612 3188 oriam
640 3127 695 3189 ille
721 3127 832 3190 6666166
860 3126 981 3189 infideli
1011 3126 1140 3210 conjugi
1169 3126 1421 3192 sanctificationis
1439 3122 1489 3186 im·

251 3229 437 3312 partiendae
460 3250 517 3311 per
540 3229 708 3313 conjugem
734 3229 803 3311 jani
832 3228 971 3308 fidelem,
1006 3228 1034 3291 si
1060 3227 1135 3292 huic
1164 3229 1409 3294 exhortationem
1429 3236 1497 3290 oon·

252 3330 405 3393 versionis
428 3330 467 3392 6661
491 3328 593 3393 [leuna
616 3334 649 3393 et
672 3329 1505 3412 6666166116666666666166661116161666161661666661ίῦΓ

247 3432 399 3514 jestatcm
428 3431 639 3515 virtutemque
668 3433 735 3515 ejus
762 3432 917 3513 inculcet,
953 3435 985 3495 et
1012 3453 1070 3515 per
1098 3433 1247 3497 affectum
1278 3431 1410 3519 conjugii
1431 3428 1516 3493 affl

252 3533 378 3596 facilius
394 3533 547 3597 informet
562 3535 594 3596 et
610 3533 744 3597 inclinet
756 3535 796 3597 ad
811 3533 916 3648 fidem,
933 3534 1111 3617 adstruens,
1128 3557 1210 3619 quae
1226 3534 1269 3599 sit
1284 3557 1354 3621 spes
1368 3535 1400 3600 in
1412 3526 1519 3597 unul?l

251 3634 354 3697 Deum
377 3635 578 3698 credentibus
602 3635 681 3699 vel
674 3659 707 3699 m
729 3635 784 3718 huj
789 3658 825 3699 us
848 3637 878 3699 61
881 3640 933 3700 tae
957 3658 1061 3719 cursu,
1092 3635 1140 3699 vel
1163 3641 1236 3720 post
1257 3637 1326 3721 ejus
1348 3629 1519 3702 transitu,¹

251 3759 331 3820 quae
362 3738 493 3851 requies
515 3737 558 3800 616
584 3737 635 3800 666
621 3740 703 3801 t.ura
748 3659 837 3802 116666
860 3760 957 3821 quum
978 3760 1036 3822 per
1058 3738 1207 3802 fiduciam
1230 3739 1371 3825 conjugii
1394 3756 1479 3802 sane

252 3839 356 3903 verbis
386 3862 439 3902 cor
466 3840 533 3922 ejus
563 3839 690 3903 assidua
717 3861 793 3903 6666
821 3839 977 3923 pulsando
1000 3863 1070 3923 conJ
1074 3863 1116 3903 nx
1139 3840 1242 3904 fidelis
1264 3841 1437 3926 frequenter
1453 3812 1519 3901 fl

317 4045 348 4110 ¹³³¹)
368 4043 410 4096 1666
429 4042 608 4108 correximus,
628 4043 676 4095 66161
695 4043 728 4096 661
749 4049 873 4107 acaurio,
893 4043 960 4098 661161
979 4050 1127 4098 voluntarie.
1164 4042 1193 4097 Si
1213 4043 1275 4112 quis
1293 4045 1354 4113 ejus
1370 4045 1425 4099 1666
1439 4054 1519 4117 w:

250 4133 312 4181 dirae
336 4129 385 4181 aut
406 4135 620 4195 sanctificatione,
650 4129 699 4181 aut
720 4132 902 4182 inhabitatione
924 4129 1074 4198 legendnm
1097 4128 1239 4195 maluerit,
1265 4147 1321 4184 non
1347 4123 1519 4185 contria)

251 4230 343 4265 rimus.

319 4299 351 4364 ⁵¹³)
369 4297 401 4350 In
419 4297 539 4367 vulgatis
557 4306 664 4366 corejape
683 4310 827 4367 peccatore.

318 4384 348 4448 ⁵⁷)
368 4382 402 4436 G¹
418 4388 518 4449 fidelem
536 4388 666 4453 conjuperu
740 4390 798 4453 quia
815 4405 863 4451 per
877 4391 953 4452 fidem
971 4391 1111 4454 conjaqern.

319 4469 349 4534 ³⁶)
368 4472 395 4520 a'
414 4467 459 4521 hio
476 4468 659 4538 supplendum
677 4468 824 4538 adscripsit-
840 4476 1024 4537 sanctificatae,
1048 4486 1167 4537 moxque
1186 4475 1321 4525 decedere
1338 4476 1395 4528 666666.
1426 4464 1519 4524 n'ot

251 4551 368 4618 utroque
381 4552 441 4605 loco
454 4553 565 4621 integra
578 4553 668 4608 oratio
681 4571 740 4607 esse
754 4553 874 4619 videtum
893 4572 993 4624 nempe
1005 4554 1034 4609 161
1047 4554 1100 4609 sibi
1111 4554 1172 4608 66616
1183 4555 1294 4610 auctor:
1313 4576 1363 4626 qua
1374 4538 1519 4611 medeor:

251 4635 361 4702 [conjux
378 4636 505 4704 infidelis)
524 4645 664 4693 censendas
684 4644 718 4692 sit
740 4639 880 4706 (nimirum
899 4643 1029 4708 infidelia),
1052 4661 1087 4694 cx
1109 4643 1194 4695 verbis
1215 4646 1330 4710 aposloli
1350 4645 1454 4711 aequitat

251 4725 372 4786 parientis:
390 4728 413 4774 66
430 4728 538 4788 infidelis
555 4729 671 4778 discedot
689 4724 747 4791 (abi
766 4724 811 4779 ille
830 4725 916 4794 igitur
934 4731 1042 4792 infidelis
1060 4724 1185 4793 dicitur),
1204 4727 1276 4781 66666.
1294 4724 1369 4781 intra
1384 4730 1456 4780 6618.

319 4809 349 4872 ³⁹)
368 4805 475 4860 Clarior
493 4809 567 4861 esset
584 4825 680 4862 sensns
697 4810 725 4862 in
743 4810 814 4864 hunc
828 4810 952 4864 moduni:
971 4816 1031 4879 qaia
1046 4832 1096 4880 per
1107 4814 1170 4865 haec
1183 4831 1249 4882 qaae
1263 4816 1335 4867 616666
1345 4822 1407 4875 666666,
1423 4805 1519 4880 (pfl

248 4893 302 4946 sire
321 4897 471 4944 6666666666
494 4912 538 4944 sen
560 4913 660 4959 precem
684 4900 1021 4963 6666666666666666616666666616,
1044 4901 1142 4965 aliquid
1159 4902 1247 4964 fidelis
1269 4902 1386 4969 conjucta
1406 4900 1438 4951 661
1454 4892 1519 4949 b

248 4980 377 5042 peroenit;
394 4982 443 5028 sed
459 4981 508 5028 nisi
524 4986 571 5031 etc.
