<?xml version="1.0" encoding="UTF-8"?>
<!DOCTYPE html PUBLIC "-//W3C//DTD XHTML 1.0 Transitional//EN"
    "http://www.w3.org/TR/xhtml1/DTD/xhtml1-transitional.dtd">
<html xmlns="http://www.w3.org/1999/xhtml" xml:lang="en" lang="en">
 <head>
  <title>
</title>
<meta http-equiv="Content-Type" content="text/html;charset=utf-8" />
  <meta name='ocr-system' content='tesseract 3.04.00' />
  <meta name='ocr-capabilities' content='ocr_page ocr_carea ocr_par ocr_line ocrx_word'/>
</head>
<body>
  <div class='ocr_page' id='page_1' title='image "./epistolaeromano00thiegoog/epistolaeromano00thiegoog_0467.png"; bbox 0 0 3204 5506; ppageno 0'>
   <div class='ocr_carea' id='block_1_1' title="bbox 323 312 1116 380">
    <p class='ocr_par' dir='ltr' id='par_1_1' title="bbox 323 312 1116 380">
     <span class='ocr_line' id='line_1_1' title="bbox 323 312 1116 380; baseline -0.006 0"><span class='ocrx_word' id='word_1_1' title='bbox 323 312 387 380; x_wconf 80' lang='lat'><strong>418</strong></span> <span class='ocrx_word' id='word_1_2' title='bbox 797 329 825 377; x_wconf 84' lang='lat' dir='ltr'><strong>s.</strong></span> <span class='ocrx_word' id='word_1_3' title='bbox 841 327 981 377; x_wconf 70' lang='lat' dir='ltr'><strong>ennean</strong></span> <span class='ocrx_word' id='word_1_4' title='bbox 1002 328 1116 375; x_wconf 71' lang='lat' dir='ltr'><strong>aaran</strong></span> 
     </span>
    </p>
   </div>
   <div class='ocr_carea' id='block_1_2' title="bbox 177 480 1462 4977">
    <p class='ocr_par' dir='ltr' id='par_1_2' title="bbox 220 480 1462 773">
     <span class='ocr_line' id='line_1_2' title="bbox 220 480 1462 567; baseline -0.004 -15"><span class='ocrx_word' id='word_1_5' title='bbox 220 503 310 552; x_wconf 62' lang='lat' dir='ltr'><strong>assu</strong></span> <span class='ocrx_word' id='word_1_6' title='bbox 324 483 401 560; x_wconf 82' lang='lat' dir='ltr'><strong>Quis</strong></span> <span class='ocrx_word' id='word_1_7' title='bbox 429 487 536 548; x_wconf 87' lang='lat' dir='ltr'><strong>autern</strong></span> <span class='ocrx_word' id='word_1_8' title='bbox 564 503 630 547; x_wconf 93' lang='lat' dir='ltr'><strong>non</strong></span> <span class='ocrx_word' id='word_1_9' title='bbox 658 482 831 567; x_wconf 89' lang='lat' dir='ltr'><strong>perspiciat</strong></span> <span class='ocrx_word' id='word_1_10' title='bbox 853 481 1065 566; x_wconf 75' lang='lat' dir='ltr'>Christianus,</span> <span class='ocrx_word' id='word_1_11' title='bbox 1090 480 1172 566; x_wconf 91' lang='lat' dir='ltr'><strong>quod</strong></span> <span class='ocrx_word' id='word_1_12' title='bbox 1195 480 1363 546; x_wconf 78' lang='lat' dir='ltr'><strong>catholicis</strong></span> <span class='ocrx_word' id='word_1_13' title='bbox 1384 483 1462 567; x_wconf 89' lang='lat' dir='ltr'><strong>pont</strong></span> 
     </span>
     <span class='ocr_line' id='line_1_3' title="bbox 325 585 1462 672; baseline 0 -22"><span class='ocrx_word' id='word_1_14' title='bbox 325 610 344 650; x_wconf 90' lang='lat' dir='ltr'><strong>a</strong></span> <span class='ocrx_word' id='word_1_15' title='bbox 377 587 506 672; x_wconf 87' lang='lat' dir='ltr'><strong>propria</strong></span> <span class='ocrx_word' id='word_1_16' title='bbox 543 586 616 650; x_wconf 90' lang='lat' dir='ltr'><strong>sede</strong></span> <span class='ocrx_word' id='word_1_17' title='bbox 653 585 785 668; x_wconf 88' lang='lat' dir='ltr'><strong>dejectis</strong></span> <span class='ocrx_word' id='word_1_18' title='bbox 817 607 884 649; x_wconf 91' lang='lat' dir='ltr'><strong>non</strong></span> <span class='ocrx_word' id='word_1_19' title='bbox 915 585 980 650; x_wconf 90' lang='lat' dir='ltr'><strong>nisi</strong></span> <span class='ocrx_word' id='word_1_20' title='bbox 1012 585 1166 649; x_wconf 87' lang='lat' dir='ltr'><strong>haeretici</strong></span> <span class='ocrx_word' id='word_1_21' title='bbox 1199 587 1377 669; x_wconf 89' lang='lat' dir='ltr'><strong>potuerunt</strong></span> <span class='ocrx_word' id='word_1_22' title='bbox 1408 585 1462 650; x_wconf 79' lang='lat' dir='ltr'><strong>int</strong></span> 
     </span>
     <span class='ocr_line' id='line_1_4' title="bbox 323 687 1462 773; baseline -0.001 -20"><span class='ocrx_word' id='word_1_23' title='bbox 323 689 442 765; x_wconf 83' lang='lat' dir='ltr'><strong>Quibus</strong></span> <span class='ocrx_word' id='word_1_24' title='bbox 464 693 573 754; x_wconf 89' lang='lat' dir='ltr'><strong>tamen</strong></span> <span class='ocrx_word' id='word_1_25' title='bbox 596 687 720 753; x_wconf 90' lang='lat' dir='ltr'><strong>cunctis</strong></span> <span class='ocrx_word' id='word_1_26' title='bbox 743 688 792 751; x_wconf 89' lang='lat' dir='ltr'><strong>vel</strong></span> <span class='ocrx_word' id='word_1_27' title='bbox 822 692 932 752; x_wconf 80' lang='lat' dir='ltr'>auctor</span> <span class='ocrx_word' id='word_1_28' title='bbox 953 688 1016 752; x_wconf 85' lang='lat' dir='ltr'><strong>fuit</strong></span> <span class='ocrx_word' id='word_1_29' title='bbox 1036 688 1174 752; x_wconf 77' lang='lat' dir='ltr'><strong>Aeacius</strong></span> <span class='ocrx_word' id='word_1_30' title='bbox 1196 687 1422 773; x_wconf 87' lang='lat' dir='ltr'><strong>subrogandis,</strong></span> <span class='ocrx_word' id='word_1_31' title='bbox 1443 709 1462 752; x_wconf 81' lang='lat' dir='ltr'>v</span> 
     </span>
    </p>

    <p class='ocr_par' dir='ltr' id='par_1_3' title="bbox 212 782 1462 2312">
     <span class='ocr_line' id='line_1_5' title="bbox 212 782 1462 876; baseline 0 -21"><span class='ocrx_word' id='word_1_32' title='bbox 212 782 221 798; x_wconf 59' lang='lat'>⁸</span> <span class='ocrx_word' id='word_1_33' title='bbox 323 792 445 876; x_wconf 83' lang='lat' dir='ltr'><strong>rogatis</strong></span> <span class='ocrx_word' id='word_1_34' title='bbox 468 792 718 856; x_wconf 87' lang='lat' dir='ltr'><strong>communicator</strong></span> <span class='ocrx_word' id='word_1_35' title='bbox 740 791 884 872; x_wconf 85' lang='lat' dir='ltr'><strong>accessit,</strong></span> <span class='ocrx_word' id='word_1_36' title='bbox 908 790 1101 874; x_wconf 84' lang='lat' dir='ltr'><strong>hiantique,</strong></span> <span class='ocrx_word' id='word_1_37' title='bbox 1125 790 1221 874; x_wconf 89' lang='lat' dir='ltr'><strong>quia</strong></span> <span class='ocrx_word' id='word_1_38' title='bbox 1244 790 1462 855; x_wconf 88' lang='lat' dir='ltr'><strong>communione</strong></span> 
     </span>
     <span class='ocr_line' id='line_1_6' title="bbox 322 880 1462 980; baseline 0.001 -23"><span class='ocrx_word' id='word_1_39' title='bbox 322 897 417 958; x_wconf 87' lang='lat' dir='ltr'><strong>tenus</strong></span> <span class='ocrx_word' id='word_1_40' title='bbox 439 880 673 980; x_wconf 90' lang='lat' dir='ltr'><strong>discrepabant.</strong></span> <span class='ocrx_word' id='word_1_41' title='bbox 702 892 767 959; x_wconf 80' lang='lat' dir='ltr'><strong>Cur</strong></span> <span class='ocrx_word' id='word_1_42' title='bbox 788 914 865 978; x_wconf 86' lang='lat' dir='ltr'><strong>ergo</strong></span> <span class='ocrx_word' id='word_1_43' title='bbox 887 894 937 957; x_wconf 89' lang='lat' dir='ltr'><strong>vel</strong></span> <span class='ocrx_word' id='word_1_44' title='bbox 959 915 1056 978; x_wconf 92' lang='lat' dir='ltr'><strong>quum</strong></span> <span class='ocrx_word' id='word_1_45' title='bbox 1078 893 1156 957; x_wconf 90' lang='lat' dir='ltr'><strong>haec</strong></span> <span class='ocrx_word' id='word_1_46' title='bbox 1178 892 1248 957; x_wconf 90' lang='lat' dir='ltr'><strong>fieri</strong></span> <span class='ocrx_word' id='word_1_47' title='bbox 1269 893 1405 978; x_wconf 84' lang='lat' dir='ltr'><strong>videret,</strong></span> <span class='ocrx_word' id='word_1_48' title='bbox 1427 914 1462 958; x_wconf 86' lang='lat' dir='ltr'><strong>no</strong></span> 
     </span>
     <span class='ocr_line' id='line_1_7' title="bbox 323 995 1462 1081; baseline 0.001 -22"><span class='ocrx_word' id='word_1_49' title='bbox 323 997 382 1061; x_wconf 91' lang='lat' dir='ltr'><strong>sub</strong></span> <span class='ocrx_word' id='word_1_50' title='bbox 404 995 561 1062; x_wconf 82' lang='lat' dir='ltr'><strong>Basilisco</strong></span> <span class='ocrx_word' id='word_1_51' title='bbox 580 999 648 1080; x_wconf 90' lang='lat' dir='ltr'><strong>jam</strong></span> <span class='ocrx_word' id='word_1_52' title='bbox 669 997 801 1078; x_wconf 78' lang='lat' dir='ltr'><strong>fecerat,</strong></span> <span class='ocrx_word' id='word_1_53' title='bbox 825 996 865 1059; x_wconf 88' lang='lat' dir='ltr'><strong>ad</strong></span> <span class='ocrx_word' id='word_1_54' title='bbox 888 996 1097 1081; x_wconf 89' lang='lat' dir='ltr'><strong>apostolicam</strong></span> <span class='ocrx_word' id='word_1_55' title='bbox 1119 995 1226 1060; x_wconf 90' lang='lat' dir='ltr'><strong>sedem</strong></span> <span class='ocrx_word' id='word_1_56' title='bbox 1243 995 1365 1060; x_wconf 85' lang='lat' dir='ltr'><strong>referre</strong></span> <span class='ocrx_word' id='word_1_57' title='bbox 1384 1016 1462 1060; x_wconf 60' lang='lat' dir='ltr'><strong>cura*</strong></span> 
     </span>
     <span class='ocr_line' id='line_1_8' title="bbox 323 1098 1450 1185; baseline 0.001 -24"><span class='ocrx_word' id='word_1_58' title='bbox 323 1099 351 1162; x_wconf 94' lang='lat' dir='ltr'><strong>si</strong></span> <span class='ocrx_word' id='word_1_59' title='bbox 373 1099 458 1163; x_wconf 92' lang='lat' dir='ltr'><strong>solus</strong></span> <span class='ocrx_word' id='word_1_60' title='bbox 480 1102 549 1185; x_wconf 89' lang='lat' dir='ltr'><strong>ipse</strong></span> <span class='ocrx_word' id='word_1_61' title='bbox 571 1122 637 1165; x_wconf 92' lang='lat' dir='ltr'><strong>non</strong></span> <span class='ocrx_word' id='word_1_62' title='bbox 660 1101 796 1184; x_wconf 88' lang='lat' dir='ltr'><strong>poterat,</strong></span> <span class='ocrx_word' id='word_1_63' title='bbox 816 1098 939 1181; x_wconf 88' lang='lat' dir='ltr'><strong>junctis</strong></span> <span class='ocrx_word' id='word_1_64' title='bbox 968 1120 1040 1162; x_wconf 91' lang='lat' dir='ltr'><strong>cum</strong></span> <span class='ocrx_word' id='word_1_65' title='bbox 1062 1098 1173 1163; x_wconf 91' lang='lat' dir='ltr'><strong>eadem</strong></span> <span class='ocrx_word' id='word_1_66' title='bbox 1195 1099 1339 1163; x_wconf 89' lang='lat' dir='ltr'><strong>consiliis</strong></span> <span class='ocrx_word' id='word_1_67' title='bbox 1355 1102 1450 1184; x_wconf 83' lang='lat' dir='ltr'><strong>atque</strong></span> 
     </span>
     <span class='ocr_line' id='line_1_9' title="bbox 323 1201 1462 1287; baseline -0.002 -22"><span class='ocrx_word' id='word_1_68' title='bbox 323 1201 408 1265; x_wconf 89' lang='lat' dir='ltr'><strong>tibus</strong></span> <span class='ocrx_word' id='word_1_69' title='bbox 431 1202 515 1287; x_wconf 91' lang='lat' dir='ltr'><strong>apud</strong></span> <span class='ocrx_word' id='word_1_70' title='bbox 542 1203 769 1287; x_wconf 69' lang='lat' dir='ltr'><strong>imperatorem</strong></span> <span class='ocrx_word' id='word_1_71' title='bbox 794 1205 936 1285; x_wconf 81' lang='lat' dir='ltr'><strong>possent,</strong></span> <span class='ocrx_word' id='word_1_72' title='bbox 964 1223 1045 1286; x_wconf 90' lang='lat' dir='ltr'><strong>quae</strong></span> <span class='ocrx_word' id='word_1_73' title='bbox 1071 1201 1221 1286; x_wconf 81' lang='lat' dir='ltr'><strong>religioni</strong></span> <span class='ocrx_word' id='word_1_74' title='bbox 1250 1203 1462 1287; x_wconf 79' lang='lat' dir='ltr'><strong>competerent</strong></span> 
     </span>
     <span class='ocr_line' id='line_1_10' title="bbox 322 1302 1462 1389; baseline -0.001 -22"><span class='ocrx_word' id='word_1_75' title='bbox 322 1302 421 1388; x_wconf 83' lang='lat' dir='ltr'><strong>gari?</strong></span> <span class='ocrx_word' id='word_1_76' title='bbox 448 1303 533 1368; x_wconf 88' lang='lat' dir='ltr'><strong>Nam</strong></span> <span class='ocrx_word' id='word_1_77' title='bbox 555 1305 582 1367; x_wconf 90' lang='lat' dir='ltr'><strong>si</strong></span> <span class='ocrx_word' id='word_1_78' title='bbox 605 1303 789 1387; x_wconf 86' lang='lat' dir='ltr'><strong>Basiliscus,</strong></span> <span class='ocrx_word' id='word_1_79' title='bbox 812 1306 850 1367; x_wconf 93' lang='lat' dir='ltr'><strong>ut</strong></span> <span class='ocrx_word' id='word_1_80' title='bbox 863 1303 982 1367; x_wconf 89' lang='lat' dir='ltr'><strong>dictum</strong></span> <span class='ocrx_word' id='word_1_81' title='bbox 998 1307 1057 1388; x_wconf 85' lang='lat' dir='ltr'><strong>est,</strong></span> <span class='ocrx_word' id='word_1_82' title='bbox 1080 1307 1239 1389; x_wconf 89' lang='lat' dir='ltr'><strong>tyrannus</strong></span> <span class='ocrx_word' id='word_1_83' title='bbox 1254 1302 1435 1368; x_wconf 89' lang='lat' dir='ltr'><strong>haereticus</strong></span> <span class='ocrx_word' id='word_1_84' title='bbox 1460 1327 1462 1366; x_wconf 74' lang='grc' dir='ltr'><strong>ι</strong></span> 
     </span>
     <span class='ocr_line' id='line_1_11' title="bbox 323 1405 1462 1491; baseline 0 -22"><span class='ocrx_word' id='word_1_85' title='bbox 323 1406 516 1491; x_wconf 89' lang='lat' dir='ltr'><strong>apostolicae</strong></span> <span class='ocrx_word' id='word_1_86' title='bbox 546 1407 629 1471; x_wconf 89' lang='lat' dir='ltr'><strong>sedis</strong></span> <span class='ocrx_word' id='word_1_87' title='bbox 657 1406 861 1470; x_wconf 84' lang='lat' dir='ltr'><strong>vehementer</strong></span> <span class='ocrx_word' id='word_1_88' title='bbox 887 1406 1046 1471; x_wconf 83' lang='lat' dir='ltr'><strong>infractus</strong></span> <span class='ocrx_word' id='word_1_89' title='bbox 1073 1410 1123 1471; x_wconf 91' lang='lat' dir='ltr'><strong>est</strong></span> <span class='ocrx_word' id='word_1_90' title='bbox 1150 1409 1223 1471; x_wconf 91' lang='lat' dir='ltr'><strong>eta</strong></span> <span class='ocrx_word' id='word_1_91' title='bbox 1250 1405 1399 1491; x_wconf 87' lang='lat' dir='ltr'><strong>plutimis</strong></span> <span class='ocrx_word' id='word_1_92' title='bbox 1423 1426 1462 1469; x_wconf 63' lang='lat' dir='ltr'><strong>re*</strong></span> 
     </span>
     <span class='ocr_line' id='line_1_12' title="bbox 324 1506 1462 1594; baseline 0 -22"><span class='ocrx_word' id='word_1_93' title='bbox 324 1509 515 1593; x_wconf 81' lang='lat' dir='ltr'><strong>excessibus,</strong></span> <span class='ocrx_word' id='word_1_94' title='bbox 544 1514 665 1594; x_wconf 92' lang='lat' dir='ltr'><strong>quanto</strong></span> <span class='ocrx_word' id='word_1_95' title='bbox 694 1509 798 1594; x_wconf 88' lang='lat' dir='ltr'><strong>magis</strong></span> <span class='ocrx_word' id='word_1_96' title='bbox 831 1509 995 1594; x_wconf 88' lang='lat' dir='ltr'><strong>legitimus</strong></span> <span class='ocrx_word' id='word_1_97' title='bbox 1027 1510 1212 1594; x_wconf 88' lang='lat' dir='ltr'><strong>imperator,</strong></span> <span class='ocrx_word' id='word_1_98' title='bbox 1247 1508 1302 1593; x_wconf 89' lang='lat' dir='ltr'><strong>qui</strong></span> <span class='ocrx_word' id='word_1_99' title='bbox 1329 1529 1364 1573; x_wconf 90' lang='lat' dir='ltr'><strong>se</strong></span> <span class='ocrx_word' id='word_1_100' title='bbox 1400 1506 1462 1572; x_wconf 89' lang='lat' dir='ltr'><strong>oatl</strong></span> 
     </span>
     <span class='ocr_line' id='line_1_13' title="bbox 323 1611 1462 1697; baseline -0.001 -22"><span class='ocrx_word' id='word_1_101' title='bbox 323 1611 423 1675; x_wconf 84' lang='lat' dir='ltr'><strong>videri</strong></span> <span class='ocrx_word' id='word_1_102' title='bbox 445 1611 582 1696; x_wconf 85' lang='lat' dir='ltr'><strong>volebat,</strong></span> <span class='ocrx_word' id='word_1_103' title='bbox 606 1612 712 1697; x_wconf 87' lang='lat' dir='ltr'><strong>potuit</strong></span> <span class='ocrx_word' id='word_1_104' title='bbox 734 1633 807 1676; x_wconf 91' lang='lat' dir='ltr'><strong>cum</strong></span> <span class='ocrx_word' id='word_1_105' title='bbox 829 1612 1005 1695; x_wconf 87' lang='lat' dir='ltr'><strong>apostolica</strong></span> <span class='ocrx_word' id='word_1_106' title='bbox 1027 1612 1101 1677; x_wconf 87' lang='lat' dir='ltr'><strong>sede</strong></span> <span class='ocrx_word' id='word_1_107' title='bbox 1124 1615 1313 1677; x_wconf 89' lang='lat' dir='ltr'><strong>cunctorum</strong></span> <span class='ocrx_word' id='word_1_108' title='bbox 1340 1631 1462 1696; x_wconf 91' lang='lat' dir='ltr'><strong>quoque</strong></span> 
     </span>
     <span class='ocr_line' id='line_1_14' title="bbox 322 1713 1462 1800; baseline -0.001 -22"><span class='ocrx_word' id='word_1_109' title='bbox 322 1715 418 1779; x_wconf 82' lang='lat' dir='ltr'><strong>licum</strong></span> <span class='ocrx_word' id='word_1_110' title='bbox 432 1715 597 1779; x_wconf 91' lang='lat' dir='ltr'><strong>moderata</strong></span> <span class='ocrx_word' id='word_1_111' title='bbox 612 1714 819 1800; x_wconf 80' lang='lat' dir='ltr'><strong>suggestione</strong></span> <span class='ocrx_word' id='word_1_112' title='bbox 835 1715 993 1800; x_wconf 89' lang='lat' dir='ltr'><strong>mitigari:</strong></span> <span class='ocrx_word' id='word_1_113' title='bbox 1016 1715 1187 1800; x_wconf 81' lang='lat' dir='ltr'><strong>praecipue</strong></span> <span class='ocrx_word' id='word_1_114' title='bbox 1208 1735 1306 1799; x_wconf 91' lang='lat' dir='ltr'><strong>quum</strong></span> <span class='ocrx_word' id='word_1_115' title='bbox 1321 1713 1462 1797; x_wconf 88' lang='lat' dir='ltr'><strong>ejusdcm</strong></span> 
     </span>
     <span class='ocr_line' id='line_1_15' title="bbox 323 1817 1462 1903; baseline -0.001 -23"><span class='ocrx_word' id='word_1_116' title='bbox 323 1821 406 1881; x_wconf 89' lang='lat' dir='ltr'><strong>esset</strong></span> <span class='ocrx_word' id='word_1_117' title='bbox 428 1817 575 1902; x_wconf 88' lang='lat' dir='ltr'><strong>specialis</strong></span> <span class='ocrx_word' id='word_1_118' title='bbox 597 1817 711 1881; x_wconf 61' lang='lat' dir='ltr'><strong>fautor*</strong></span> <span class='ocrx_word' id='word_1_119' title='bbox 727 1821 760 1882; x_wconf 92' lang='lat' dir='ltr'><strong>et</strong></span> <span class='ocrx_word' id='word_1_120' title='bbox 782 1821 915 1901; x_wconf 90' lang='lat' dir='ltr'><strong>amator,</strong></span> <span class='ocrx_word' id='word_1_121' title='bbox 939 1818 1048 1903; x_wconf 90' lang='lat' dir='ltr'><strong>etqui</strong></span> <span class='ocrx_word' id='word_1_122' title='bbox 1070 1817 1186 1882; x_wconf 86' lang='lat' dir='ltr'><strong>litteris</strong></span> <span class='ocrx_word' id='word_1_123' title='bbox 1209 1817 1275 1881; x_wconf 90' lang='lat' dir='ltr'><strong>suis</strong></span> <span class='ocrx_word' id='word_1_124' title='bbox 1296 1820 1367 1880; x_wconf 89' lang='lat' dir='ltr'><strong>tam</strong></span> <span class='ocrx_word' id='word_1_125' title='bbox 1389 1817 1462 1900; x_wconf 87' lang='lat' dir='ltr'><strong>ipsu</strong></span> 
     </span>
     <span class='ocr_line' id='line_1_16' title="bbox 323 1917 1462 2005; baseline -0.002 -22"><span class='ocrx_word' id='word_1_126' title='bbox 323 1920 406 1983; x_wconf 91' lang='lat' dir='ltr'><strong>cium</strong></span> <span class='ocrx_word' id='word_1_127' title='bbox 428 1941 524 2003; x_wconf 89' lang='lat' dir='ltr'><strong>quam</strong></span> <span class='ocrx_word' id='word_1_128' title='bbox 546 1923 694 1984; x_wconf 85' lang='lat' dir='ltr'><strong>sanctum</strong></span> <span class='ocrx_word' id='word_1_129' title='bbox 715 1942 833 2005; x_wconf 85' lang='lat' dir='ltr'><strong>papam</strong></span> <span class='ocrx_word' id='word_1_130' title='bbox 860 1918 1059 2005; x_wconf 83' lang='lat' dir='ltr'><strong>Simplicium</strong></span> <span class='ocrx_word' id='word_1_131' title='bbox 1086 1919 1212 2004; x_wconf 88' lang='lat' dir='ltr'><strong>magnis</strong></span> <span class='ocrx_word' id='word_1_132' title='bbox 1237 1917 1388 1982; x_wconf 88' lang='lat' dir='ltr'><strong>laudibus</strong></span> <span class='ocrx_word' id='word_1_133' title='bbox 1413 1921 1462 1982; x_wconf 85' lang='lat' dir='ltr'><strong>ext</strong></span> 
     </span>
     <span class='ocr_line' id='line_1_17' title="bbox 322 2022 1462 2107; baseline -0.003 -21"><span class='ocrx_word' id='word_1_134' title='bbox 322 2022 405 2107; x_wconf 92' lang='lat' dir='ltr'><strong>quod</strong></span> <span class='ocrx_word' id='word_1_135' title='bbox 428 2022 591 2087; x_wconf 92' lang='lat' dir='ltr'><strong>haeretico</strong></span> <span class='ocrx_word' id='word_1_136' title='bbox 614 2023 873 2086; x_wconf 88' lang='lat' dir='ltr'><strong>constantissime</strong></span> <span class='ocrx_word' id='word_1_137' title='bbox 900 2022 1121 2087; x_wconf 84' lang='lat' dir='ltr'><strong>restitissent?</strong></span> <span class='ocrx_word' id='word_1_138' title='bbox 1142 2022 1206 2087; x_wconf 83' lang='lat' dir='ltr'><strong>Cur</strong></span> <span class='ocrx_word' id='word_1_139' title='bbox 1226 2025 1320 2085; x_wconf 85' lang='lat' dir='ltr'><strong>tanto</strong></span> <span class='ocrx_word' id='word_1_140' title='bbox 1342 2023 1462 2104; x_wconf 85' lang='lat' dir='ltr'><strong>tempor</strong></span> 
     </span>
     <span class='ocr_line' id='line_1_18' title="bbox 323 2123 1462 2209; baseline -0.003 -20"><span class='ocrx_word' id='word_1_141' title='bbox 323 2125 389 2189; x_wconf 89' lang='lat' dir='ltr'><strong>eius</strong></span> <span class='ocrx_word' id='word_1_142' title='bbox 411 2125 497 2189; x_wconf 91' lang='lat' dir='ltr'><strong>inter</strong></span> <span class='ocrx_word' id='word_1_143' title='bbox 511 2126 575 2188; x_wconf 89' lang='lat' dir='ltr'><strong>ista</strong></span> <span class='ocrx_word' id='word_1_144' title='bbox 598 2125 763 2207; x_wconf 90' lang='lat' dir='ltr'><strong>conticuit,</strong></span> <span class='ocrx_word' id='word_1_145' title='bbox 786 2124 850 2188; x_wconf 92' lang='lat' dir='ltr'><strong>nisi</strong></span> <span class='ocrx_word' id='word_1_146' title='bbox 866 2125 942 2209; x_wconf 87' lang='lat' dir='ltr'><strong>quia</strong></span> <span class='ocrx_word' id='word_1_147' title='bbox 961 2124 1141 2209; x_wconf 88' lang='lat' dir='ltr'><strong>praepediri</strong></span> <span class='ocrx_word' id='word_1_148' title='bbox 1163 2123 1295 2188; x_wconf 88' lang='lat' dir='ltr'><strong>nolebat</strong></span> <span class='ocrx_word' id='word_1_149' title='bbox 1309 2123 1462 2187; x_wconf 85' lang='lat' dir='ltr'><strong>ullatenm</strong></span> 
     </span>
     <span class='ocr_line' id='line_1_19' title="bbox 322 2227 691 2312; baseline 0.003 -22"><span class='ocrx_word' id='word_1_150' title='bbox 322 2227 524 2291; x_wconf 87' lang='lat' dir='ltr'><strong>desiderabat</strong></span> <span class='ocrx_word' id='word_1_151' title='bbox 546 2227 691 2312; x_wconf 86' lang='lat' dir='ltr'><strong>expleri?</strong></span> 
     </span>
    </p>

    <p class='ocr_par' dir='ltr' id='par_1_4' title="bbox 322 2328 1462 2722">
     <span class='ocr_line' id='line_1_20' title="bbox 407 2328 1462 2413; baseline -0.001 -20"><span class='ocrx_word' id='word_1_152' title='bbox 407 2331 437 2394; x_wconf 84' lang='lat'><strong>9.</strong></span> <span class='ocrx_word' id='word_1_153' title='bbox 482 2329 643 2395; x_wconf 85' lang='lat' dir='ltr'><strong>Ponamus</strong></span> <span class='ocrx_word' id='word_1_154' title='bbox 666 2333 786 2413; x_wconf 88' lang='lat' dir='ltr'><strong>tamen,</strong></span> <span class='ocrx_word' id='word_1_155' title='bbox 811 2330 937 2394; x_wconf 88' lang='lat' dir='ltr'><strong>etiamsi</strong></span> <span class='ocrx_word' id='word_1_156' title='bbox 958 2329 1049 2394; x_wconf 91' lang='lat' dir='ltr'><strong>nulla</strong></span> <span class='ocrx_word' id='word_1_157' title='bbox 1070 2329 1209 2413; x_wconf 82' lang='lat' dir='ltr'><strong>synodus</strong></span> <span class='ocrx_word' id='word_1_158' title='bbox 1230 2328 1462 2413; x_wconf 80' lang='lat' dir='ltr'><strong>praecessisset</strong></span> 
     </span>
     <span class='ocr_line' id='line_1_21' title="bbox 322 2428 1449 2517; baseline -0.002 -21"><span class='ocrx_word' id='word_1_159' title='bbox 322 2433 498 2517; x_wconf 81' lang='lat' dir='ltr'><strong>apostolica</strong></span> <span class='ocrx_word' id='word_1_160' title='bbox 519 2432 610 2496; x_wconf 90' lang='lat' dir='ltr'><strong>sedes</strong></span> <span class='ocrx_word' id='word_1_161' title='bbox 632 2435 718 2496; x_wconf 89' lang='lat' dir='ltr'><strong>recte</strong></span> <span class='ocrx_word' id='word_1_162' title='bbox 739 2431 831 2495; x_wconf 89' lang='lat' dir='ltr'><strong>fieret</strong></span> <span class='ocrx_word' id='word_1_163' title='bbox 853 2433 1041 2516; x_wconf 82' lang='lat' dir='ltr'><strong>exsecutrix,</strong></span> <span class='ocrx_word' id='word_1_164' title='bbox 1077 2454 1149 2496; x_wconf 92' lang='lat' dir='ltr'><strong>cum</strong></span> <span class='ocrx_word' id='word_1_165' title='bbox 1170 2431 1285 2516; x_wconf 92' lang='lat' dir='ltr'><strong>quibus</strong></span> <span class='ocrx_word' id='word_1_166' title='bbox 1307 2433 1378 2495; x_wconf 87' lang='lat' dir='ltr'><strong>erat</strong></span> <span class='ocrx_word' id='word_1_167' title='bbox 1409 2428 1449 2494; x_wconf 89' lang='lat' dir='ltr'><strong>de</strong></span> 
     </span>
     <span class='ocr_line' id='line_1_22' title="bbox 323 2529 1462 2619; baseline 0 -21"><span class='ocrx_word' id='word_1_168' title='bbox 323 2535 462 2619; x_wconf 89' lang='lat' dir='ltr'><strong>synodus</strong></span> <span class='ocrx_word' id='word_1_169' title='bbox 485 2529 649 2598; x_wconf 81' lang='lat' dir='ltr'><strong>ineunda?</strong></span> <span class='ocrx_word' id='word_1_170' title='bbox 671 2533 832 2619; x_wconf 92' lang='lat' dir='ltr'><strong>Numquid</strong></span> <span class='ocrx_word' id='word_1_171' title='bbox 857 2556 929 2598; x_wconf 88' lang='lat' dir='ltr'><strong>cum</strong></span> <span class='ocrx_word' id='word_1_172' title='bbox 950 2533 1011 2618; x_wconf 92' lang='lat' dir='ltr'><strong>his,</strong></span> <span class='ocrx_word' id='word_1_173' title='bbox 1035 2534 1088 2619; x_wconf 93' lang='lat' dir='ltr'><strong>qui</strong></span> <span class='ocrx_word' id='word_1_174' title='bbox 1108 2534 1178 2619; x_wconf 90' lang='lat' dir='ltr'><strong>jam</strong></span> <span class='ocrx_word' id='word_1_175' title='bbox 1199 2533 1376 2618; x_wconf 86' lang='lat' dir='ltr'><strong>participes</strong></span> <span class='ocrx_word' id='word_1_176' title='bbox 1396 2535 1462 2598; x_wconf 86' lang='lat' dir='ltr'><strong>tem</strong></span> 
     </span>
     <span class='ocr_line' id='line_1_23' title="bbox 323 2635 1462 2722; baseline 0.001 -23"><span class='ocrx_word' id='word_1_177' title='bbox 323 2637 452 2719; x_wconf 87' lang='lat' dir='ltr'><strong>Aoacio,</strong></span> <span class='ocrx_word' id='word_1_178' title='bbox 483 2639 516 2701; x_wconf 91' lang='lat' dir='ltr'><strong>et</strong></span> <span class='ocrx_word' id='word_1_179' title='bbox 537 2659 595 2722; x_wconf 91' lang='lat' dir='ltr'><strong>per</strong></span> <span class='ocrx_word' id='word_1_180' title='bbox 617 2637 783 2701; x_wconf 88' lang='lat' dir='ltr'><strong>Orientem</strong></span> <span class='ocrx_word' id='word_1_181' title='bbox 803 2639 907 2701; x_wconf 87' lang='lat' dir='ltr'><strong>totum</strong></span> <span class='ocrx_word' id='word_1_182' title='bbox 930 2637 1096 2701; x_wconf 90' lang='lat' dir='ltr'><strong>catholicis</strong></span> <span class='ocrx_word' id='word_1_183' title='bbox 1120 2635 1338 2701; x_wconf 87' lang='lat' dir='ltr'><strong>sacerdotibus</strong></span> <span class='ocrx_word' id='word_1_184' title='bbox 1361 2635 1462 2701; x_wconf 82' lang='lat' dir='ltr'><strong>violen</strong></span> 
     </span>
    </p>

    <p class='ocr_par' dir='ltr' id='par_1_5' title="bbox 179 2736 1462 3336">
     <span class='ocr_line' id='line_1_24' title="bbox 179 2736 1462 2824; baseline 0.001 -22"><span class='ocrx_word' id='word_1_185' title='bbox 179 2760 184 2770; x_wconf 91' lang='lat'><strong>·</strong></span> <span class='ocrx_word' id='word_1_186' title='bbox 306 2739 420 2804; x_wconf 83' lang='lat' dir='ltr'><strong>clusis</strong></span> <span class='ocrx_word' id='word_1_187' title='bbox 452 2742 484 2803; x_wconf 91' lang='lat' dir='ltr'><strong>et</strong></span> <span class='ocrx_word' id='word_1_188' title='bbox 511 2761 568 2824; x_wconf 90' lang='lat' dir='ltr'><strong>per</strong></span> <span class='ocrx_word' id='word_1_189' title='bbox 596 2739 709 2804; x_wconf 88' lang='lat' dir='ltr'><strong>exsilia</strong></span> <span class='ocrx_word' id='word_1_190' title='bbox 738 2739 863 2803; x_wconf 85' lang='lat' dir='ltr'><strong>diversa</strong></span> <span class='ocrx_word' id='word_1_191' title='bbox 890 2739 1043 2824; x_wconf 88' lang='lat' dir='ltr'><strong>relegatis</strong></span> <span class='ocrx_word' id='word_1_192' title='bbox 1055 2790 1064 2822; x_wconf 94' lang='lat'><strong>,</strong></span> <span class='ocrx_word' id='word_1_193' title='bbox 1096 2739 1174 2803; x_wconf 92' lang='lat' dir='ltr'><strong>socii</strong></span> <span class='ocrx_word' id='word_1_194' title='bbox 1204 2737 1372 2803; x_wconf 86' lang='lat' dir='ltr'><strong>evidenter</strong></span> <span class='ocrx_word' id='word_1_195' title='bbox 1393 2736 1462 2803; x_wconf 75' lang='lat' dir='ltr'><strong>exst</strong></span> 
     </span>
     <span class='ocr_line' id='line_1_25' title="bbox 323 2839 1462 2926; baseline -0.002 -20"><span class='ocrx_word' id='word_1_196' title='bbox 323 2841 554 2906; x_wconf 87' lang='lat' dir='ltr'><strong>communionis</strong></span> <span class='ocrx_word' id='word_1_197' title='bbox 587 2845 755 2924; x_wconf 83' lang='lat' dir='ltr'><strong>externae,</strong></span> <span class='ocrx_word' id='word_1_198' title='bbox 790 2841 877 2926; x_wconf 88' lang='lat' dir='ltr'><strong>prius</strong></span> <span class='ocrx_word' id='word_1_199' title='bbox 910 2863 943 2905; x_wconf 90' lang='lat' dir='ltr'><strong>se</strong></span> <span class='ocrx_word' id='word_1_200' title='bbox 977 2842 1017 2905; x_wconf 91' lang='lat' dir='ltr'><strong>ad</strong></span> <span class='ocrx_word' id='word_1_201' title='bbox 1050 2840 1131 2906; x_wconf 86' lang='lat' dir='ltr'><strong>haec</strong></span> <span class='ocrx_word' id='word_1_202' title='bbox 1161 2841 1323 2906; x_wconf 88' lang='lat' dir='ltr'><strong>consortia</strong></span> <span class='ocrx_word' id='word_1_203' title='bbox 1344 2839 1462 2906; x_wconf 72' lang='lat' dir='ltr'><strong>transtu</strong></span> 
     </span>
     <span class='ocr_line' id='line_1_26' title="bbox 322 2943 1462 3029; baseline 0 -21"><span class='ocrx_word' id='word_1_204' title='bbox 322 2966 418 3029; x_wconf 91' lang='lat' dir='ltr'><strong>quam</strong></span> <span class='ocrx_word' id='word_1_205' title='bbox 432 2944 516 3009; x_wconf 90' lang='lat' dir='ltr'><strong>sedis</strong></span> <span class='ocrx_word' id='word_1_206' title='bbox 532 2945 726 3029; x_wconf 82' lang='lat' dir='ltr'><strong>apostolicae</strong></span> <span class='ocrx_word' id='word_1_207' title='bbox 741 2944 822 3007; x_wconf 89' lang='lat' dir='ltr'><strong>scita</strong></span> <span class='ocrx_word' id='word_1_208' title='bbox 838 2943 1065 3008; x_wconf 85' lang='lat' dir='ltr'><strong>consulerent?</strong></span> <span class='ocrx_word' id='word_1_209' title='bbox 1087 2943 1166 3010; x_wconf 72' lang='lat' dir='ltr'><strong>(him</strong></span> <span class='ocrx_word' id='word_1_210' title='bbox 1182 2944 1297 3028; x_wconf 92' lang='lat' dir='ltr'><strong>quibus</strong></span> <span class='ocrx_word' id='word_1_211' title='bbox 1312 2964 1391 3029; x_wconf 87' lang='lat' dir='ltr'><strong>ergo</strong></span> <span class='ocrx_word' id='word_1_212' title='bbox 1412 2964 1462 3009; x_wconf 83' lang='lat' dir='ltr'><strong>era</strong></span> 
     </span>
     <span class='ocr_line' id='line_1_27' title="bbox 321 3044 1462 3132; baseline -0.001 -21"><span class='ocrx_word' id='word_1_213' title='bbox 321 3044 379 3111; x_wconf 91' lang='lat' dir='ltr'><strong>dus</strong></span> <span class='ocrx_word' id='word_1_214' title='bbox 401 3046 566 3112; x_wconf 78' lang='lat' dir='ltr'><strong>ineunda?</strong></span> <span class='ocrx_word' id='word_1_215' title='bbox 592 3045 749 3112; x_wconf 80' lang='lat' dir='ltr'><strong>Catholici</strong></span> <span class='ocrx_word' id='word_1_216' title='bbox 764 3046 933 3132; x_wconf 87' lang='lat' dir='ltr'><strong>pontifices</strong></span> <span class='ocrx_word' id='word_1_217' title='bbox 954 3047 1085 3111; x_wconf 91' lang='lat' dir='ltr'><strong>fuerant</strong></span> <span class='ocrx_word' id='word_1_218' title='bbox 1105 3046 1245 3132; x_wconf 88' lang='lat' dir='ltr'><strong>undique</strong></span> <span class='ocrx_word' id='word_1_219' title='bbox 1263 3046 1335 3130; x_wconf 88' lang='lat' dir='ltr'><strong>jam</strong></span> <span class='ocrx_word' id='word_1_220' title='bbox 1357 3045 1462 3131; x_wconf 82' lang='lat' dir='ltr'><strong>depnlr</strong></span> 
     </span>
     <span class='ocr_line' id='line_1_28' title="bbox 321 3147 1462 3234; baseline 0 -22"><span class='ocrx_word' id='word_1_221' title='bbox 321 3171 382 3234; x_wconf 90' lang='lat' dir='ltr'><strong>que</strong></span> <span class='ocrx_word' id='word_1_222' title='bbox 404 3153 626 3214; x_wconf 88' lang='lat' dir='ltr'><strong>remanserant</strong></span> <span class='ocrx_word' id='word_1_223' title='bbox 648 3149 726 3213; x_wconf 90' lang='lat' dir='ltr'><strong>socii</strong></span> <span class='ocrx_word' id='word_1_224' title='bbox 748 3148 951 3233; x_wconf 88' lang='lat' dir='ltr'><strong>perfidorum,</strong></span> <span class='ocrx_word' id='word_1_225' title='bbox 983 3171 1055 3213; x_wconf 88' lang='lat' dir='ltr'><strong>cum</strong></span> <span class='ocrx_word' id='word_1_226' title='bbox 1076 3149 1190 3234; x_wconf 93' lang='lat' dir='ltr'><strong>quibus</strong></span> <span class='ocrx_word' id='word_1_227' title='bbox 1214 3149 1285 3232; x_wconf 87' lang='lat' dir='ltr'><strong>jam</strong></span> <span class='ocrx_word' id='word_1_228' title='bbox 1311 3170 1374 3214; x_wconf 89' lang='lat' dir='ltr'><strong>nec</strong></span> <span class='ocrx_word' id='word_1_229' title='bbox 1395 3147 1462 3214; x_wconf 86' lang='lat' dir='ltr'><strong>liccl</strong></span> 
     </span>
     <span class='ocr_line' id='line_1_29' title="bbox 321 3251 1462 3336; baseline 0.003 -22"><span class='ocrx_word' id='word_1_230' title='bbox 321 3251 395 3315; x_wconf 90' lang='lat' dir='ltr'><strong>bere</strong></span> <span class='ocrx_word' id='word_1_231' title='bbox 420 3255 627 3335; x_wconf 87' lang='lat' dir='ltr'><strong>conventum,</strong></span> <span class='ocrx_word' id='word_1_232' title='bbox 657 3251 784 3316; x_wconf 88' lang='lat' dir='ltr'><strong>dicente</strong></span> <span class='ocrx_word' id='word_1_233' title='bbox 813 3252 953 3336; x_wconf 76' lang='lat' dir='ltr'><strong>psalmo:</strong></span> <span class='ocrx_word' id='word_1_234' title='bbox 981 3256 1050 3316; x_wconf 86' lang='lat' dir='ltr'><strong>Non</strong></span> <span class='ocrx_word' id='word_1_235' title='bbox 1072 3257 1139 3316; x_wconf 79' lang='lat' dir='ltr'><strong>sedi</strong></span> <span class='ocrx_word' id='word_1_236' title='bbox 1158 3258 1190 3315; x_wconf 79' lang='lat' dir='ltr'><strong>in</strong></span> <span class='ocrx_word' id='word_1_237' title='bbox 1217 3257 1348 3317; x_wconf 68' lang='lat' dir='ltr'><strong>cenatio</strong></span> <span class='ocrx_word' id='word_1_238' title='bbox 1374 3257 1462 3317; x_wconf 73' lang='lat' dir='ltr'><strong>cunc</strong></span> 
     </span>
    </p>

    <p class='ocr_par' dir='ltr' id='par_1_6' title="bbox 228 3339 1462 3746">
     <span class='ocr_line' id='line_1_30' title="bbox 228 3339 1462 3434; baseline 0.001 -16"><span class='ocrx_word' id='word_1_239' title='bbox 228 3360 241 3376; x_wconf 81' lang='grc'><strong>”</strong></span> <span class='ocrx_word' id='word_1_240' title='bbox 261 3366 267 3389; x_wconf 84' lang='grc'>’</span> <span class='ocrx_word' id='word_1_241' title='bbox 291 3368 296 3377; x_wconf 91' lang='grc'><strong><em>·</em></strong></span> <span class='ocrx_word' id='word_1_242' title='bbox 321 3374 389 3418; x_wconf 84' lang='lat' dir='ltr'><strong>cum</strong></span> <span class='ocrx_word' id='word_1_243' title='bbox 411 3361 517 3434; x_wconf 78' lang='lat' dir='ltr'><strong>iniqua</strong></span> <span class='ocrx_word' id='word_1_244' title='bbox 535 3359 708 3433; x_wconf 67' lang='lat' dir='ltr'><strong>cerentebus</strong></span> <span class='ocrx_word' id='word_1_245' title='bbox 729 3339 789 3418; x_wconf 77' lang='lat' dir='ltr'><strong>non</strong></span> <span class='ocrx_word' id='word_1_246' title='bbox 811 3359 948 3420; x_wconf 76' lang='lat' dir='ltr'><strong>introito.</strong></span> <span class='ocrx_word' id='word_1_247' title='bbox 993 3352 1062 3418; x_wconf 89' lang='lat' dir='ltr'><strong>Neo</strong></span> <span class='ocrx_word' id='word_1_248' title='bbox 1084 3352 1292 3418; x_wconf 87' lang='lat' dir='ltr'><strong>ecclesiastici</strong></span> <span class='ocrx_word' id='word_1_249' title='bbox 1314 3353 1414 3419; x_wconf 84' lang='lat' dir='ltr'><strong>moris</strong></span> <span class='ocrx_word' id='word_1_250' title='bbox 1435 3373 1462 3419; x_wconf 80' lang='lat' dir='ltr'><strong>es</strong></span> 
     </span>
     <span class='ocr_line' id='line_1_31' title="bbox 321 3454 1462 3541; baseline 0.003 -23"><span class='ocrx_word' id='word_1_251' title='bbox 321 3454 382 3538; x_wconf 91' lang='lat' dir='ltr'><strong>his,</strong></span> <span class='ocrx_word' id='word_1_252' title='bbox 406 3456 459 3540; x_wconf 92' lang='lat' dir='ltr'><strong>qui</strong></span> <span class='ocrx_word' id='word_1_253' title='bbox 482 3455 637 3539; x_wconf 89' lang='lat' dir='ltr'><strong>pollutam</strong></span> <span class='ocrx_word' id='word_1_254' title='bbox 656 3456 779 3520; x_wconf 88' lang='lat' dir='ltr'><strong>habent</strong></span> <span class='ocrx_word' id='word_1_255' title='bbox 802 3457 1057 3521; x_wconf 91' lang='lat' dir='ltr'><strong>communionem</strong></span> <span class='ocrx_word' id='word_1_256' title='bbox 1078 3456 1332 3541; x_wconf 86' lang='lat' dir='ltr'><strong>permixtamque</strong></span> <span class='ocrx_word' id='word_1_257' title='bbox 1355 3476 1462 3541; x_wconf 67' lang='lat' dir='ltr'><strong>cum}</strong></span> 
     </span>
     <span class='ocr_line' id='line_1_32' title="bbox 322 3556 1462 3645; baseline 0.001 -24"><span class='ocrx_word' id='word_1_258' title='bbox 322 3557 455 3622; x_wconf 89' lang='lat' dir='ltr'><strong>miscere</strong></span> <span class='ocrx_word' id='word_1_259' title='bbox 478 3558 657 3624; x_wconf 87' lang='lat' dir='ltr'><strong>concilium.</strong></span> <span class='ocrx_word' id='word_1_260' title='bbox 702 3558 803 3624; x_wconf 87' lang='lat' dir='ltr'><strong>Recte</strong></span> <span class='ocrx_word' id='word_1_261' title='bbox 825 3559 925 3645; x_wconf 88' lang='lat' dir='ltr'><strong>igitur</strong></span> <span class='ocrx_word' id='word_1_262' title='bbox 946 3581 1003 3645; x_wconf 91' lang='lat' dir='ltr'><strong>per</strong></span> <span class='ocrx_word' id='word_1_263' title='bbox 1025 3558 1294 3625; x_wconf 79' lang='lat' dir='ltr'><strong>Calchedonemis</strong></span> <span class='ocrx_word' id='word_1_264' title='bbox 1316 3556 1433 3643; x_wconf 88' lang='lat' dir='ltr'><strong>synodi</strong></span> <span class='ocrx_word' id='word_1_265' title='bbox 1451 3557 1462 3622; x_wconf 86' lang='lat' dir='ltr'><strong>l</strong></span> 
     </span>
     <span class='ocr_line' id='line_1_33' title="bbox 322 3659 1462 3746; baseline 0.003 -23"><span class='ocrx_word' id='word_1_266' title='bbox 322 3659 502 3745; x_wconf 89' lang='lat' dir='ltr'><strong>hujusmodi</strong></span> <span class='ocrx_word' id='word_1_267' title='bbox 524 3662 757 3745; x_wconf 84' lang='lat' dir='ltr'><strong>praevaricatio</strong></span> <span class='ocrx_word' id='word_1_268' title='bbox 772 3662 899 3746; x_wconf 90' lang='lat' dir='ltr'><strong>repulsa</strong></span> <span class='ocrx_word' id='word_1_269' title='bbox 921 3664 970 3726; x_wconf 91' lang='lat' dir='ltr'><strong>est</strong></span> <span class='ocrx_word' id='word_1_270' title='bbox 990 3661 1107 3746; x_wconf 89' lang='lat' dir='ltr'><strong>potius,</strong></span> <span class='ocrx_word' id='word_1_271' title='bbox 1130 3683 1225 3746; x_wconf 90' lang='lat' dir='ltr'><strong>quam</strong></span> <span class='ocrx_word' id='word_1_272' title='bbox 1240 3659 1281 3725; x_wconf 89' lang='lat' dir='ltr'><strong>ad</strong></span> <span class='ocrx_word' id='word_1_273' title='bbox 1299 3661 1462 3726; x_wconf 87' lang='lat' dir='ltr'><strong>concilimr</strong></span> 
     </span>
    </p>

    <p class='ocr_par' dir='ltr' id='par_1_7' title="bbox 177 3761 1462 4668">
     <span class='ocr_line' id='line_1_34' title="bbox 177 3761 1462 3850; baseline 0.001 -25"><span class='ocrx_word' id='word_1_274' title='bbox 177 3787 183 3805; x_wconf 89' lang='lat'><strong>·</strong></span> <span class='ocrx_word' id='word_1_275' title='bbox 321 3783 382 3826; x_wconf 90' lang='lat' dir='ltr'><strong>nec</strong></span> <span class='ocrx_word' id='word_1_276' title='bbox 404 3784 482 3847; x_wconf 92' lang='lat' dir='ltr'><strong>opus</strong></span> <span class='ocrx_word' id='word_1_277' title='bbox 504 3767 574 3828; x_wconf 91' lang='lat' dir='ltr'><strong>erat</strong></span> <span class='ocrx_word' id='word_1_278' title='bbox 595 3767 668 3850; x_wconf 91' lang='lat' dir='ltr'><strong>post</strong></span> <span class='ocrx_word' id='word_1_279' title='bbox 682 3764 819 3848; x_wconf 90' lang='lat' dir='ltr'><strong>primam</strong></span> <span class='ocrx_word' id='word_1_280' title='bbox 833 3765 990 3848; x_wconf 86' lang='lat' dir='ltr'><strong>synodum</strong></span> <span class='ocrx_word' id='word_1_281' title='bbox 1017 3785 1077 3828; x_wconf 90' lang='lat' dir='ltr'><strong>neo</strong></span> <span class='ocrx_word' id='word_1_282' title='bbox 1099 3785 1170 3828; x_wconf 90' lang='lat' dir='ltr'><strong>cum</strong></span> <span class='ocrx_word' id='word_1_283' title='bbox 1184 3762 1303 3828; x_wconf 92' lang='lat' dir='ltr'><strong>talibus</strong></span> <span class='ocrx_word' id='word_1_284' title='bbox 1321 3761 1462 3828; x_wconf 84' lang='lat' dir='ltr'><strong>haberit</strong></span> 
     </span>
     <span class='ocr_line' id='line_1_35' title="bbox 322 3863 1462 3952; baseline 0.001 -22"><span class='ocrx_word' id='word_1_285' title='bbox 322 3866 459 3930; x_wconf 88' lang='lat' dir='ltr'><strong>adducta</strong></span> <span class='ocrx_word' id='word_1_286' title='bbox 481 3869 538 3931; x_wconf 91' lang='lat' dir='ltr'><strong>est.</strong></span> <span class='ocrx_word' id='word_1_287' title='bbox 576 3866 662 3931; x_wconf 88' lang='lat' dir='ltr'><strong>Nam</strong></span> <span class='ocrx_word' id='word_1_288' title='bbox 688 3867 818 3952; x_wconf 91' lang='lat' dir='ltr'><strong>etquid</strong></span> <span class='ocrx_word' id='word_1_289' title='bbox 841 3870 991 3952; x_wconf 87' lang='lat' dir='ltr'><strong>ageretur</strong></span> <span class='ocrx_word' id='word_1_290' title='bbox 1012 3865 1051 3930; x_wconf 91' lang='lat' dir='ltr'><strong>de</strong></span> <span class='ocrx_word' id='word_1_291' title='bbox 1072 3865 1134 3929; x_wconf 94' lang='lat' dir='ltr'><strong>fide</strong></span> <span class='ocrx_word' id='word_1_292' title='bbox 1158 3865 1328 3949; x_wconf 90' lang='lat' dir='ltr'><strong>catholica,</strong></span> <span class='ocrx_word' id='word_1_293' title='bbox 1356 3863 1462 3940; x_wconf 86' lang='lat' dir='ltr'><strong>intelli</strong></span> 
     </span>
     <span class='ocr_line' id='line_1_36' title="bbox 321 3968 1462 4056; baseline 0.002 -24"><span class='ocrx_word' id='word_1_294' title='bbox 321 3969 456 4049; x_wconf 88' lang='lat' dir='ltr'><strong>vellent,</strong></span> <span class='ocrx_word' id='word_1_295' title='bbox 482 3970 633 4055; x_wconf 85' lang='lat' dir='ltr'><strong>ignorare</strong></span> <span class='ocrx_word' id='word_1_296' title='bbox 660 3991 726 4034; x_wconf 93' lang='lat' dir='ltr'><strong>non</strong></span> <span class='ocrx_word' id='word_1_297' title='bbox 748 3973 908 4053; x_wconf 87' lang='lat' dir='ltr'><strong>poterant,</strong></span> <span class='ocrx_word' id='word_1_298' title='bbox 932 3990 1027 4055; x_wconf 91' lang='lat' dir='ltr'><strong>quum</strong></span> <span class='ocrx_word' id='word_1_299' title='bbox 1050 3968 1195 4033; x_wconf 84' lang='lat' dir='ltr'><strong>viderent</strong></span> <span class='ocrx_word' id='word_1_300' title='bbox 1217 3968 1394 4034; x_wconf 86' lang='lat' dir='ltr'><strong>catholicos</strong></span> <span class='ocrx_word' id='word_1_301' title='bbox 1420 3986 1462 4056; x_wconf 83' lang='lat' dir='ltr'><strong>po</strong></span> 
     </span>
     <span class='ocr_line' id='line_1_37' title="bbox 321 4070 1454 4157; baseline 0.003 -22"><span class='ocrx_word' id='word_1_302' title='bbox 321 4071 410 4136; x_wconf 89' lang='lat' dir='ltr'><strong>nulla</strong></span> <span class='ocrx_word' id='word_1_303' title='bbox 425 4071 538 4156; x_wconf 89' lang='lat' dir='ltr'><strong>synodi</strong></span> <span class='ocrx_word' id='word_1_304' title='bbox 553 4072 759 4154; x_wconf 88' lang='lat' dir='ltr'><strong>discussione,</strong></span> <span class='ocrx_word' id='word_1_305' title='bbox 783 4073 871 4136; x_wconf 92' lang='lat' dir='ltr'><strong>nullo</strong></span> <span class='ocrx_word' id='word_1_306' title='bbox 888 4071 1032 4154; x_wconf 86' lang='lat' dir='ltr'><strong>coneilio,</strong></span> <span class='ocrx_word' id='word_1_307' title='bbox 1056 4070 1227 4156; x_wconf 87' lang='lat' dir='ltr'><strong>praecipue</strong></span> <span class='ocrx_word' id='word_1_308' title='bbox 1241 4092 1340 4157; x_wconf 88' lang='lat' dir='ltr'><strong>quum</strong></span> <span class='ocrx_word' id='word_1_309' title='bbox 1354 4090 1454 4138; x_wconf 74' lang='lat' dir='ltr'><strong>nom</strong></span> 
     </span>
     <span class='ocr_line' id='line_1_38' title="bbox 322 4173 1462 4271; baseline 0.002 -33"><span class='ocrx_word' id='word_1_310' title='bbox 322 4195 389 4238; x_wconf 92' lang='lat' dir='ltr'><strong>esse</strong></span> <span class='ocrx_word' id='word_1_311' title='bbox 422 4173 677 4271; x_wconf 85' lang='lat' dir='ltr'><strong>perpenderent,</strong></span> <span class='ocrx_word' id='word_1_312' title='bbox 706 4177 774 4238; x_wconf 89' lang='lat' dir='ltr'><strong>toto</strong></span> <span class='ocrx_word' id='word_1_313' title='bbox 803 4174 936 4238; x_wconf 84' lang='lat' dir='ltr'><strong>Oriente</strong></span> <span class='ocrx_word' id='word_1_314' title='bbox 964 4173 1101 4258; x_wconf 83' lang='lat' dir='ltr'><strong>depelli3</strong></span> <span class='ocrx_word' id='word_1_315' title='bbox 1134 4176 1167 4238; x_wconf 92' lang='lat' dir='ltr'><strong>et</strong></span> <span class='ocrx_word' id='word_1_316' title='bbox 1194 4174 1292 4238; x_wconf 91' lang='lat' dir='ltr'><strong>ceteri</strong></span> <span class='ocrx_word' id='word_1_317' title='bbox 1321 4174 1399 4260; x_wconf 89' lang='lat' dir='ltr'><strong>quid</strong></span> <span class='ocrx_word' id='word_1_318' title='bbox 1426 4192 1462 4239; x_wconf 76' lang='lat' dir='ltr'><strong>ca</strong></span> 
     </span>
     <span class='ocr_line' id='line_1_39' title="bbox 322 4274 1462 4362; baseline 0.002 -22"><span class='ocrx_word' id='word_1_319' title='bbox 322 4298 360 4340; x_wconf 92' lang='lat' dir='ltr'><strong>ex</strong></span> <span class='ocrx_word' id='word_1_320' title='bbox 388 4277 514 4340; x_wconf 91' lang='lat' dir='ltr'><strong>illorum</strong></span> <span class='ocrx_word' id='word_1_321' title='bbox 542 4275 696 4360; x_wconf 87' lang='lat' dir='ltr'><strong>qualitate</strong></span> <span class='ocrx_word' id='word_1_322' title='bbox 719 4276 899 4340; x_wconf 89' lang='lat' dir='ltr'><strong>discernere</strong></span> <span class='ocrx_word' id='word_1_323' title='bbox 920 4276 1108 4361; x_wconf 87' lang='lat' dir='ltr'><strong>potuissent.</strong></span> <span class='ocrx_word' id='word_1_324' title='bbox 1154 4274 1270 4340; x_wconf 84' lang='lat' dir='ltr'><strong>Restat</strong></span> <span class='ocrx_word' id='word_1_325' title='bbox 1297 4274 1411 4362; x_wconf 85' lang='lat' dir='ltr'><strong>igitur,</strong></span> <span class='ocrx_word' id='word_1_326' title='bbox 1437 4290 1462 4342; x_wconf 81' lang='lat' dir='ltr'><strong>tt</strong></span> 
     </span>
     <span class='ocr_line' id='line_1_40' title="bbox 320 4377 1462 4463; baseline 0.004 -22"><span class='ocrx_word' id='word_1_327' title='bbox 320 4379 422 4463; x_wconf 90' lang='lat' dir='ltr'><strong>partis</strong></span> <span class='ocrx_word' id='word_1_328' title='bbox 444 4401 497 4443; x_wconf 90' lang='lat' dir='ltr'><strong>cos</strong></span> <span class='ocrx_word' id='word_1_329' title='bbox 518 4378 617 4442; x_wconf 85' lang='lat' dir='ltr'><strong>fuisse</strong></span> <span class='ocrx_word' id='word_1_330' title='bbox 639 4379 682 4443; x_wconf 90' lang='lat' dir='ltr'><strong>sit</strong></span> <span class='ocrx_word' id='word_1_331' title='bbox 704 4379 836 4463; x_wconf 89' lang='lat' dir='ltr'><strong>clarum,</strong></span> <span class='ocrx_word' id='word_1_332' title='bbox 866 4379 917 4444; x_wconf 92' lang='lat' dir='ltr'><strong>cui</strong></span> <span class='ocrx_word' id='word_1_333' title='bbox 948 4400 981 4443; x_wconf 90' lang='lat' dir='ltr'><strong>se</strong></span> <span class='ocrx_word' id='word_1_334' title='bbox 1003 4383 1077 4462; x_wconf 90' lang='lat' dir='ltr'><strong>post</strong></span> <span class='ocrx_word' id='word_1_335' title='bbox 1097 4381 1148 4443; x_wconf 89' lang='lat' dir='ltr'><strong>tot</strong></span> <span class='ocrx_word' id='word_1_336' title='bbox 1173 4378 1395 4463; x_wconf 82' lang='lat' dir='ltr'><strong>experimenta</strong></span> <span class='ocrx_word' id='word_1_337' title='bbox 1421 4377 1462 4445; x_wconf 82' lang='lat' dir='ltr'><strong>de</strong></span> 
     </span>
     <span class='ocr_line' id='line_1_41' title="bbox 320 4463 1450 4568; baseline 0.004 -25"><span class='ocrx_word' id='word_1_338' title='bbox 320 4481 496 4566; x_wconf 85' lang='lat' dir='ltr'><strong>meritoque</strong></span> <span class='ocrx_word' id='word_1_339' title='bbox 519 4481 560 4544; x_wconf 90' lang='lat' dir='ltr'><strong>ab</strong></span> <span class='ocrx_word' id='word_1_340' title='bbox 587 4479 763 4565; x_wconf 87' lang='lat' dir='ltr'><strong>apostolica</strong></span> <span class='ocrx_word' id='word_1_341' title='bbox 790 4482 864 4546; x_wconf 89' lang='lat' dir='ltr'><strong>sede</strong></span> <span class='ocrx_word' id='word_1_342' title='bbox 892 4463 1068 4568; x_wconf 85' lang='lat' dir='ltr'><strong>ceterisque</strong></span> <span class='ocrx_word' id='word_1_343' title='bbox 1097 4480 1262 4546; x_wconf 89' lang='lat' dir='ltr'><strong>catholicis</strong></span> <span class='ocrx_word' id='word_1_344' title='bbox 1289 4503 1357 4548; x_wconf 92' lang='lat' dir='ltr'><strong>non</strong></span> <span class='ocrx_word' id='word_1_345' title='bbox 1380 4481 1450 4568; x_wconf 80' lang='lat' dir='ltr'><strong>jam</strong></span> 
     </span>
     <span class='ocr_line' id='line_1_42' title="bbox 320 4580 907 4668; baseline 0.009 -25"><span class='ocrx_word' id='word_1_346' title='bbox 320 4580 408 4645; x_wconf 91' lang='lat' dir='ltr'><strong>lendi</strong></span> <span class='ocrx_word' id='word_1_347' title='bbox 430 4587 532 4668; x_wconf 88' lang='lat' dir='ltr'><strong>erant,</strong></span> <span class='ocrx_word' id='word_1_348' title='bbox 557 4583 612 4648; x_wconf 87' lang='lat' dir='ltr'><strong>sed</strong></span> <span class='ocrx_word' id='word_1_349' title='bbox 634 4583 740 4668; x_wconf 91' lang='lat' dir='ltr'><strong>potius</strong></span> <span class='ocrx_word' id='word_1_350' title='bbox 762 4583 907 4649; x_wconf 89' lang='lat' dir='ltr'><strong>notandi.</strong></span> 
     </span>
    </p>

    <p class='ocr_par' dir='ltr' id='par_1_8' title="bbox 313 4680 1462 4977">
     <span class='ocr_line' id='line_1_43' title="bbox 313 4680 1438 4773; baseline 0.004 -24"><span class='ocrx_word' id='word_1_351' title='bbox 313 4680 317 4696; x_wconf 89' lang='grc'><strong>’</strong></span> <span class='ocrx_word' id='word_1_352' title='bbox 408 4686 457 4750; x_wconf 88' lang='grc'><strong>10.</strong></span> <span class='ocrx_word' id='word_1_353' title='bbox 488 4685 629 4750; x_wconf 87' lang='lat' dir='ltr'><strong>Risimus</strong></span> <span class='ocrx_word' id='word_1_354' title='bbox 652 4690 770 4772; x_wconf 89' lang='lat' dir='ltr'><strong>autem,</strong></span> <span class='ocrx_word' id='word_1_355' title='bbox 794 4688 877 4772; x_wconf 89' lang='lat' dir='ltr'><strong>quod</strong></span> <span class='ocrx_word' id='word_1_356' title='bbox 899 4685 1157 4773; x_wconf 83' lang='lat' dir='ltr'><strong>praerogativam</strong></span> <span class='ocrx_word' id='word_1_357' title='bbox 1178 4685 1292 4753; x_wconf 81' lang='lat' dir='ltr'><strong>volunt</strong></span> <span class='ocrx_word' id='word_1_358' title='bbox 1314 4686 1438 4754; x_wconf 83' lang='lat' dir='ltr'><strong>Acacio</strong></span> 
     </span>
     <span class='ocr_line' id='line_1_44' title="bbox 321 4785 1462 4876; baseline 0.009 -29"><span class='ocrx_word' id='word_1_359' title='bbox 321 4785 396 4868; x_wconf 91' lang='lat' dir='ltr'><strong>rari,</strong></span> <span class='ocrx_word' id='word_1_360' title='bbox 420 4788 495 4872; x_wconf 91' lang='lat' dir='ltr'><strong>quia</strong></span> <span class='ocrx_word' id='word_1_361' title='bbox 517 4789 683 4873; x_wconf 89' lang='lat' dir='ltr'><strong>episcopus</strong></span> <span class='ocrx_word' id='word_1_362' title='bbox 705 4789 804 4855; x_wconf 87' lang='lat' dir='ltr'><strong>fuerit</strong></span> <span class='ocrx_word' id='word_1_363' title='bbox 825 4791 933 4875; x_wconf 85' lang='lat' dir='ltr'><strong>regiae</strong></span> <span class='ocrx_word' id='word_1_364' title='bbox 957 4790 1106 4855; x_wconf 76' lang='lat' dir='ltr'><strong>civitatis</strong></span> <span class='ocrx_word' id='word_1_365' title='bbox 1141 4787 1307 4875; x_wconf 89' lang='lat' dir='ltr'><strong>Numquid</strong></span> <span class='ocrx_word' id='word_1_366' title='bbox 1329 4789 1418 4876; x_wconf 87' lang='lat' dir='ltr'><strong>apud</strong></span> <span class='ocrx_word' id='word_1_367' title='bbox 1437 4789 1462 4856; x_wconf 79' lang='lat' dir='ltr'><strong>n</strong></span> 
     </span>
     <span class='ocr_line' id='line_1_45' title="bbox 322 4889 1449 4977; baseline 0.01 -27"><span class='ocrx_word' id='word_1_368' title='bbox 322 4908 408 4966; x_wconf 86' lang='lat' dir='ltr'><strong>num,</strong></span> <span class='ocrx_word' id='word_1_369' title='bbox 431 4889 516 4972; x_wconf 88' lang='lat' dir='ltr'><strong>apud</strong></span> <span class='ocrx_word' id='word_1_370' title='bbox 538 4889 737 4976; x_wconf 82' lang='lat' dir='ltr'><strong>Ravennam,</strong></span> <span class='ocrx_word' id='word_1_371' title='bbox 762 4892 845 4976; x_wconf 91' lang='lat' dir='ltr'><strong>apud</strong></span> <span class='ocrx_word' id='word_1_372' title='bbox 869 4892 1029 4976; x_wconf 86' lang='lat' dir='ltr'><strong>Sirmium,</strong></span> <span class='ocrx_word' id='word_1_373' title='bbox 1058 4891 1142 4977; x_wconf 85' lang='lat' dir='ltr'><strong>apud</strong></span> <span class='ocrx_word' id='word_1_374' title='bbox 1164 4890 1315 4959; x_wconf 80' lang='lat' dir='ltr'><strong>Treviros</strong></span> <span class='ocrx_word' id='word_1_375' title='bbox 1336 4893 1449 4960; x_wconf 78' lang='lat' dir='ltr'><strong>multis</strong></span> 
     </span>
    </p>
   </div>
   <div class='ocr_carea' id='block_1_3' title="bbox 0 0 1606 5506">
    <p class='ocr_par' dir='ltr' id='par_1_9' title="bbox 0 0 1606 5506">
     <span class='ocr_line' id='line_1_46' title="bbox 0 0 1606 5506; baseline 0 0"><span class='ocrx_word' id='word_1_376' title='bbox 0 0 1606 5506; x_wconf 95' lang='lat' dir='ltr'><strong> </strong></span> 
     </span>
    </p>
   </div>
  </div>
 </body>
</html>
