3204 5506
200 341 263 403 216
662 354 875 403 3313331311
900 353 1013 400 rurae

815 507 855 571 V.

201 638 228 674 3.
247 618 318 674 477.
363 620 486 675 Zenonis
499 622 683 691 imperatoris
697 621 737 673 ad
751 618 926 691 Simplicium
942 620 976 674 de
992 624 1167 690 recuperato
1181 621 1301 692 imperio
1317 620 1417 676 relatis

287 725 363 776 Anno
385 720 446 776 477
468 720 540 776 Zeno
562 723 717 795 imperator,
734 737 815 794 quum
833 719 946 794 expulso
961 719 1089 776 Basilisco
1104 719 1373 796 Constantinopolim
1388 736 1417 777 re

202 808 288 866 tisset.
304 806 338 861 de
354 813 512 879 recuperato
528 807 640 880 imperio
653 805 817 879 Simplicium
832 822 926 883 papam
943 804 1200 870 litteriscertiorem
1216 805 1304 862 iacere
1320 821 1417 881 proper

201 891 246 960 (ci.
264 890 359 964 Simpl.
378 908 421 965 ep.
439 891 457 947 6
474 908 499 946 n.
518 890 536 945 2
553 899 580 946 31
597 890 636 961 3).
667 890 714 945 His
730 884 818 946 3111331
835 890 861 945 111
877 890 975 945 litteris
990 889 1061 945 Zeno
1077 906 1131 946 non
1148 889 1229 946 modu
1244 889 1417 965 Simplicium

203 977 326 1032 Acacium
342 977 420 1031 etiam
442 977 552 1030 summis
575 974 696 1030 laudibus
715 974 868 1037 extollebat,
892 974 965 1048 quod
982 975 1123 1030 haereticis
1139 990 1237 1047 magno
1254 975 1347 1030 auimo
1363 983 1417 1032 rest

202 1068 273 1116 scut.
299 1060 391 1133 Neque
407 1061 478 1116 enim
495 1060 526 1115 ad
542 1060 613 1115 aliud
629 1061 758 1134 scriptum
769 1059 884 1115 Zenonis
899 1060 1035 1132 pertinere
1052 1058 1165 1121 videtur,
1182 1058 1255 1132 quad
1271 1058 1417 1134 Gelasius]

202 1163 244 1219 cp.
263 1144 345 1201 3311.
363 1145 381 1202 8
398 1146 442 1207 ait.
460 1146 531 1201 113113
545 1147 736 1219 imperatorem
757 1147 861 1200 litteris
884 1147 945 1200 suis
967 1150 1024 1200 tam
1039 1147 1133 1216 ipsum
1150 1143 1290 1200 Acacium
1306 1163 1417 1218 quami

203 1239 268 1286 ctae
283 1234 436 1285 memoriae
452 1231 626 1302 Simplicium
643 1234 753 1302 mannis
767 1231 901 1286 laudibus
913 1231 1060 1298 extulisse,
1078 1231 1155 1303 quod
1167 1229 1329 1285 haereticis
1340 1244 1417 1302 ,cons

203 1319 306 1371 tissime
327 1319 504 1371 restitissent.
550 1315 635 1389 ipsius
662 1331 770 1388 quoquc
792 1313 918 1387 Simplicii
945 1330 1087 1369 successor
1111 1312 1184 1369 Felix
1213 1312 1343 1370 eumdem
1363 1313 1417 1371 Zeu

203 1401 293 1456 locum
309 1408 365 1455 tum
382 1401 449 1473 ep.1
474 1418 499 1456 n.
511 1401 538 1461 6,
555 1407 611 1455 turn
628 1399 699 1473 epi
716 1399 770 1455 n.4
787 1406 986 1454 commemorat.
1019 1398 1064 1454 llis
1080 1398 1195 1454 Zenonis
1211 1398 1313 1454 litteris
1325 1397 1417 1474 Simpl

203 1486 246 1540 die
263 1482 412 1542 9031311113
428 1484 520 1541 3477
537 1486 685 1558 rescripsit.
716 1483 791 1539 Unde
806 1482 945 1557 colligitur
961 1491 1077 1557 tempus,
1094 1500 1149 1556 quo
1164 1483 1238 1539 Zeno
1254 1481 1315 1538 illas
1333 1485 1417 1540 miser

809 1627 866 1692 VI.

205 1760 232 1795 3.
249 1739 309 1795 477
328 1741 388 1796 eod.
406 1747 490 1810 temp.
532 1740 634 1796 Aeacii
654 1739 945 1810 Constantinpolitani
964 1739 1005 1793 ad
1024 1738 1200 1810 Simplicium
1221 1739 1257 1794 cle
1280 1739 1384 1794 eadem
1403 1757 1417 1793 r

356 1831 433 1881 31313
449 1828 590 1881 ecclesiae
609 1826 763 1881 Orierttalis
778 1826 891 1880 relatrb.

292 1927 318 1981 1.
350 1924 387 1981 Ex
404 1943 436 1982 eo
453 1927 541 1990 etiam,
564 1926 636 1999 quod
653 1925 807 1999 Simplicius
823 1923 918 1980 codem
935 1931 1056 1998 tempore
1071 1941 1131 1980 eum
1147 1925 1188 1980 bis
1204 1924 1321 1980 Zenonis
1338 1925 1417 1981 litter

204 2011 308 2085 amplae
320 2013 406 2067 Aeacii
423 2011 555 2072 relationi.
572 2010 605 2066 de
622 2028 674 2084 qua
690 2009 767 2066 nobis
783 2027 855 2065 nunc
866 2008 1018 2071 dicendum,
1034 2007 1359 2083 respoudit(ep.7n.1).
1375 2019 1417 2066 utr

205 2113 257 2170 que
280 2097 409 2170 scripturn
432 2095 511 2150 simul
529 2097 579 2169 ipsi
595 2095 685 2152 clatum
709 2112 768 2150 esse
784 2094 854 2150 baud
871 2102 972 2149 temere
992 2092 1159 2164 conjicimus.
1196 2093 1225 2149 lu
1248 2094 1298 2150 bac
1312 2112 1417 2168 porros

204 2183 289 2243 tione.
313 2197 381 2255 quae
403 2198 452 2254 per
467 2180 645 2254 Epiphanium
666 2180 808 2236 diaconum
830 2180 910 2234 missa
926 2186 975 2240 est,
998 2179 1078 2257 latius
1100 2177 1251 2252 exponebat
1267 2180 1390 2241 Aeacius,
1411 2197 1417 2234 t

202 2266 256 2336 jam
273 2267 395 2321 monachi
412 2264 560 2321 33113475
578 2265 683 2321 labente
698 2266 813 2320 strictim
830 2263 986 2326 iudicarant,
1008 2281 1037 2318 ac
1052 2264 1209 2319 nominatim
1225 2279 1264 2326 ca,
1285 2281 1355 2337 quae
1370 2263 1402 2319 ab

205 2351 295 2405 reticis
318 2367 366 2405 seu
382 2349 617 2424 Constantinopoli
638 2366 687 2405 seu
709 2349 766 2405 aliis
786 2351 813 2405 in
834 2348 991 2422 regionibus
1013 2355 1107 2404 contra
1127 2346 1207 2404 fidem
1223 2356 1270 2403 aut
1284 2348 1417 2405 ecclesiast

205 2434 313 2509 regulas
335 2443 436 2490 tentata
458 2434 572 2497 13333111,
601 2438 717 2507 prolixo
740 2436 851 2507 quidem
872 2437 1012 2490 uolumine
1032 2435 1084 2490 sed
1102 2436 1272 2490 necessario
1290 2449 1417 2491 sermone

206 2518 300 2574 octrlos
316 2519 434 2593 ponebat
449 2517 494 2591 (cl.
512 2519 605 2593 Simpl.
624 2521 702 2592 epist.
721 2520 737 2575 7
754 2537 781 2575 n.
801 2517 839 2592 1).

290 2603 319 2658 2.
351 2603 406 2659 1133
423 2603 472 2658 3113
489 2603 594 2659 vitietur
615 2620 675 2659 esse
691 2604 786 2659 relatio
807 2603 839 2659 ab
861 2619 900 2664 ea.
923 2619 1002 2675 quam
1025 2603 1059 2658 de
1073 2601 1155 2659 Petro
1177 2611 1205 2659 et
1219 2603 1342 2660 lobannc
1362 2619 1417 2678 pseu

207 2689 340 2762 episcopis
358 2688 535 2743 Antiochenis
550 2690 678 2762 scriptam
695 2705 755 2744 esse
769 2697 915 2762 pastorum
930 2688 965 2744 de
980 2691 1092 2745 nomine
1106 2689 1210 2745 Aeacii
1229 2697 1325 2744 auctor
1343 2687 1417 2744 tradit

205 2773 293 2828 verbis
324 2771 392 2844 (Gel.
416 2773 519 2828 tracti
543 2791 570 2828 n.
590 2773 653 2845 tut:
689 2775 743 2829 1113
766 2777 840 2830 enim
861 2781 1003 2845 tempore,
1031 2791 1086 2847 quo
1111 2774 1147 2830 de
1167 2772 1256 2857 Petrp
1278 2774 1417 2830 Alexandr

206 2860 341 2914 1131311313
358 2861 456 2913 retulit
472 2855 613 2928 (Aeacius).
630 2862 713 2914 ctiam
730 2853 772 2930 (Βί
784 2857 861 2931 jam)
877 2859 1009 2914 dePetro
1025 2866 1052 2914 et
1067 2859 1201 2914 iohanne
1221 2856 1264 2929 (ad
1280 2856 1417 2914 eumdem}

206 2941 326 3016 plicium)
342 2946 513 3014 scripserat.
541 2942 597 2998 lloc
614 2942 674 2998 loco
690 2944 725 2998 ita
742 2961 774 2998 er
790 2942 926 2999 codicibus
942 2944 1069 2999 restituto
1085 2942 1165 2998 simul
1179 2950 1272 2999 rectus
1284 2942 1353 2999 ordo
1363 2941 1417 3017 dap}

206 3027 345 3083 relationis
363 3028 449 3083 Aeacii
465 3036 642 3084 monstratur.
672 3027 705 3082 Ut
718 3030 788 3083 euim
805 3045 835 3083 ex
852 3028 980 3100 Simplicii
997 3027 1119 3101 epistolis
1136 3028 1163 3089 7,
1179 3027 1198 3084 8
1215 3036 1243 3083 31
1258 3028 1276 3085 9
1292 3027 1386 3101 liquet.
1405 3026 1417 3082 11

207 3114 317 3168 Aeacius
339 3113 370 3167 ad
392 3113 463 3168 lrunc
485 3130 580 3186 papam
603 3114 690 3185 primo
712 3112 745 3166 de
760 3110 842 3168 Petro
864 3121 891 3167 et
910 3112 1034 3168 iohanne
1063 3112 1248 3176 Antiochenis,
1269 3129 1300 3168 ac
1320 3128 1375 3168 nou
1392 3110 1417 3167 lo

206 3206 269 3271 post
294 3198 327 3252 dc
343 3197 424 3253 Petro
441 3197 621 3252 Alexandrino
637 3196 740 3252 retulit.
773 3197 826 3252 llac
846 3204 935 3252 autem
956 3196 1056 3270 duplici
1076 3197 1208 3253 relatione
1223 3198 1334 3254 Aeacius
1354 3213 1407 3253 nou

208 3282 327 3338 dicerem
349 3282 420 3354 apud
442 3281 609 3355 Simplicium
630 3282 726 3336 mereri
752 3283 823 3337 visus
840 3289 881 3337 cst
898 3279 985 3343 tidem.
1007 3281 1094 3337 donec
1108 3281 1245 3337 lohannes
1262 3281 1349 3353 Talaja
1364 3279 1417 3336 11131

207 3365 272 3429 ciria,
290 3367 362 3421 undo
378 3367 474 3440 pulsus
491 3375 556 3427 erat.
573 3365 683 3421 Romam
700 3383 729 3421 33
745 3368 885 3440 recipiens,
903 3366 999 3421 lorsam
1015 3374 1140 3441 retegere
1155 3368 1255 3440 coepit.
1277 3365 1313 3422 Ea
1328 3381 1417 3422 reroo

206 3453 282 3507 sione
305 3451 473 3523 Simplicius,
495 3466 578 3523 quum
602 3450 672 3506 lorte
694 3452 758 3507 vitio
780 3453 804 3506 ei
825 3459 985 3513 verteretur,
1006 3450 1080 3524 quod
1102 3453 1196 3508 Acacio
1216 3451 1354 3508 credulior
1374 3448 1417 3507 mu

206 3536 322 3590 iohanni
337 3534 443 3604 'lalejae
459 3534 514 3607 legi
531 3537 675 3608 praecepit,
698 3552 766 3608 quae
787 3535 891 3609 pridem
907 3534 938 3589 ad
955 3537 1042 3609 ipsum
1058 3536 1167 3591 miserat
1182 3537 1293 3592 Aeacius
1309 3536 1342 3592 dc
1357 3534 1417 3591 Petr

205 3619 328 3674 iohanne
350 3619 526 3675 antiochenis
549 3621 658 3692 scripta.
690 3620 792 3676 Horum
815 3628 917 3693 partem
939 3637 1021 3693 porro
1041 3627 1187 3694 pastorum
1202 3623 1238 3677 cle
1253 3624 1365 3678 1131111113
1378 3620 1417 3676 Aa

207 3713 301 3759 auctor
323 3703 400 3759 uobis
423 3704 572 3759 transmisit
596 3706 634 3759 sic
656 3706 809 3761 summatim
836 3720 990 3778 expressam
1011 3704 1079 3776 (Gcl.
1097 3705 1200 3761 tracti
1222 3705 1333 3779 u.12):
1362 3705 1417 3762 eea

205 3788 308 3844 scilicet
334 3789 480 3844 Faltonem
496 3792 659 3862 capnomine
675 3792 756 3861 apud
771 3790 1042 3861 Constantinopolim
1064 3794 1270 3847 monasterium
1290 3791 1417 3865 puberum

205 3874 258 3928 sed
271 3874 325 3930 hoc
337 3881 462 3944 propter.
483 3878 603 3930 crimina
619 3875 757 3931 derelicto
772 3875 953 3930 Antiochiam
966 3875 1094 3948 supisse5
1113 3876 1153 3931 ibi
1170 3878 1255 3947 pulso
1270 3873 1412 3949 Martyria

207 3959 311 4015 tholico
327 3948 461 4030 episcopo
475 3975 530 4031 per
544 3962 706 4016 uilissimum
719 3962 857 4032 populum
873 3966 900 4015 et
914 3960 1078 4017 haereticos
1093 3962 1188 4016 sedem
1201 3963 1296 4032 ipsius
1310 3976 1417 4033 occupa

208 4048 400 4116 continuoque
416 4046 583 4100 demiratum
605 4046 641 4100 ab
656 4049 800 4117 episcopis
822 4052 907 4117 atque
924 4063 941 4099 a
959 4047 1053 4101 13333
1074 4052 1143 4101 tunc
1153 4048 1293 4117 principe
1314 4047 1354 4102 ad
1369 4043 1417 4103 aa

208 4147 274 4185 ntem
295 4131 428 4186 exsilium
456 4144 519 4185 3333
539 4131 688 4186 directum.
717 4130 760 4185 De
781 4148 836 4202 qno
855 4132 970 4200 lapsum
992 4129 1265 4201 Constantinopolim
1287 4132 1417 4198 rediisse,

207 4215 318 4270 dedisse
332 4216 425 4286 fidem,
449 4216 526 4287 quod
540 4216 637 4270 nullas
652 4215 774 4271 ulterius
789 4215 893 4270 turbas
905 4214 1011 4285 facere
1024 4231 1150 4286 prorsus
1165 4216 1297 4271 auderet.
1330 4214 1388 4273 Sed
1404 4228 1417 4270 t

208 4303 344 4370 superius
358 4301 463 4355 dictum
479 4306 530 4367 est,
555 4299 692 4354 Basilisci
711 4301 886 4370 temporibus
907 4318 924 4354 a
944 4300 1086 4356 Timotheo
1106 4301 1155 4357 illo
1176 4302 1322 4370 damnato,
1345 4299 1417 4373 3311

208 4387 418 4455 strintinopolim
436 4391 562 4453 uenerat,
586 4385 625 4439 ad
639 4385 819 4441 Antiochiam
835 4388 982 4440 remissum
999 4400 1071 4449 3333,
1091 4392 1122 4440 31
1138 4389 1241 4440 iterum
1255 4387 1317 4442 illic
1332 4388 1417 4458 3111331

209 4475 266 4523 1331
288 4476 406 4524 teneret.
436 4468 495 4537 Quo
509 4468 592 4539 sacto
608 4471 680 4524 idem
696 4470 802 4524 Patras
813 4470 973 4525 Iohannem
989 4472 1137 4542 nrrcmdam
1153 4470 1356 4545 presbyterum
1367 4469 1417 4527 ord

207 4554 364 4624 Apamcnis
379 4558 553 4624 episcopum,
571 4571 588 4607 a
605 4556 708 4626 quibus
723 4572 778 4610 non
795 4561 931 4625 receptus
947 4559 1021 4611 uenit
1036 4556 1224 4617 Antiochiam,
1246 4560 1274 4611 et
1289 4557 1407 4613 Petrum

209 4644 346 4707 scopulus
366 4642 412 4693 sui
430 4640 511 4710 pellit
532 4645 681 4694 auctorem
703 4646 730 4694 31
751 4641 860 4695 iraradit
880 4642 947 4710 ejits
968 4641 1129 4696 ecelesiam.
1168 4638 1236 4695 'ium
1252 4642 1375 4702 Aeacius.
1396 4637 1417 4695 dr

213 4737 364 4776 sennonem
386 4739 565 4796 prosequens.
587 4727 665 4794 ipsos
687 4727 790 4779 iterum
812 4726 971 4793 damnatos,
1003 4722 1124 4785 docebat,
1143 4732 1249 4796 petens
1269 4727 1308 4782 ab
1329 4731 1417 4798 apost«

212 4807 287 4872 sede,
312 4812 343 4860 31
361 4810 387 4862 si
403 4807 483 4878 sorte
505 4809 544 4863 ad
557 4823 620 4864 eam
636 4808 836 4881 conlucerent,
860 4825 914 4864 nec
936 4813 997 4865 nisu
1013 4811 1113 4882 dipnos
1127 4809 1260 4881 haberet,
1277 4818 1305 4866 et
1321 4814 1348 4868 si
1354 4814 1417 4885 ,13111

209 4908 294 4965 queam
310 4891 510 4965 indralpentiam
524 4891 652 4964 forsitan
668 4897 879 4965 impetrassent,
895 4896 1007 4950 irritam
1023 4909 1087 4951 3333
1097 4895 1210 4958 debere.
1228 4910 1287 4953 aaa
1300 4910 1417 4969 33313331
