3224 5506
148 341 210 413 348
626 365 654 414 s.
671 363 811 415 osnlsu
834 364 948 413 raras

19 528 135 596 (asae.)
148 522 211 603 tur,
235 518 378 605 quamffl)
402 523 435 585 et
457 541 517 584 vox
540 518 660 584 Christi
681 523 714 583 et
735 519 891 603 majorum
918 518 1049 583 traditio
1077 520 1110 585 et
1138 539 1301 584 canonum
1327 517 1468 584 fuld

150 622 335 705 auotoritas,
365 625 402 686 ut
431 624 532 685 totam
559 623 664 706 potius
692 622 872 687 Ecclesiam
899 643 1025 705 semper
1051 622 1122 706 ipsa
1145 620 1315 705 dijudicet.
1358 619 1468 687 Sd

150 724 296 809 cogitent
311 724 439 808 magis,
469 724 496 788 si
524 725 595 808 quis
622 725 656 788 in
685 726 729 789 eis
757 725 922 809 religionis
945 727 994 789 est
1015 745 1138 806 sensus,
1162 745 1205 788 ne
1227 698 1468 808 pravitates⁴

148 848 239 891 suam
261 826 444 890 nullatenus
466 826 672 911 deponentes,
702 828 786 911 apud
814 827 918 893 Deum
945 826 1153 911 hominesque
1182 826 1268 891 sedis
1298 810 1468 911 aposW

148 929 229 994 licae
256 931 412 1014 perpetua
440 928 669 993 constitutione
696 929 899 995 damnentur.
945 928 998 996 Sic
1031 933 1137 994 autem
1170 928 1293 996 dicitnr
1324 896 1468 996 fuiss?i

149 1032 334 1115 diffiniam,
358 1035 394 1096 aa
416 1031 565 1116 deinceps
588 1031 627 1096 ae
649 1033 780 1118 negotio
802 1033 883 1098 nim
906 1032 1041 1117 orcam,
1065 1031 1157 1118 quasa
1177 1032 1231 1097 vo
1246 1054 1337 1100 nnc
1356 1054 1405 1115 aa,
1419 1009 1468 1093 ἐ

144 1133 413 1219 quemadmodum
435 1134 547 1216 nostis,
577 1156 647 1199 meo
675 1135 819 1200 duxerim
842 1136 972 1200 nomine
994 1135 1178 1223 specialiter
1200 1135 1406 1221 alloquendos.
1446 1154 1468 1175 ‘

149 1236 261 1322 Neque
283 1236 379 1320 plane
403 1259 475 1302 cum
497 1238 567 1301 istis
590 1258 656 1301 non
679 1238 913 1323 corrigentibus
935 1237 1077 1303 ineunda
1092 1239 1292 1324 congressio,
1317 1260 1410 1324 queu-
1466 1250 1468 1259 '

150 1339 319 1404 admodum
343 1362 414 1404 eum
437 1339 571 1403 aliarum
600 1362 723 1425 quoque
745 1340 913 1405 haeresum
941 1341 1152 1407 sectatoribus
1181 1340 1350 1406 dimicatio
1373 1362 1413 1405 re·

150 1442 288 1506 nuenda.
327 1440 439 1528 vose)
474 1446 580 1507 autem
611 1443 717 1507 salvos
749 1446 782 1507 et
813 1443 949 1528 sospites
982 1444 1173 1530 quantocius
1200 1443 1267 1509 huc
1294 1444 1414 1528 reverti,

151 1544 311 1610 continuis
328 1543 539 1617 Divinitatem
560 1545 642 1617 votis
665 1546 849 1639 expetimus.

651 1756 833 1861 Epistola
858 1756 925 1842 11,

40 1891 137 1956 (24⁹⁴
322 1912 578 1997 Episcopornm
601 1911 803 1978 Dardaniae
825 1911 869 1978 ad
893 1910 1075 1980 Gelasium
1098 1930 1241 1996 papam·

57 1954 130 2024 init.)

183 2053 256 2103 Illius
273 2059 416 2118 praecepta
431 2067 460 2102 se
470 2058 546 2116 proto
558 2053 642 2102 auimo
653 2054 795 2117 suscepisse
807 2053 932 2115 mutiunt,
950 2061 1026 2120 atque
1039 2054 1172 2119 Eutychis,
1194 2054 1280 2115 Petri,
1300 2055 1395 2104 Acoeti
1432 2064 1458 2117 p.

181 2145 384 2203 sectatoremque
403 2139 460 2202 ejus
478 2139 630 2189 consortium
642 2139 700 2201 josa
712 2139 894 2189 antecelluisse
907 2135 942 2201 (a.
955 2137 989 2201 1).
1016 2139 1117 2198 Petunt,
1136 2146 1243 2205 atquae
1258 2138 1397 2205 tryphon·

183 2225 365 2274 manducemus
383 2224 434 2287 ipsi
449 2224 617 2289 suggerendo,
643 2221 763 2289 benignas
780 2224 876 2282 audiat,
903 2231 928 2274 et
946 2239 1000 2274 eum
1017 2225 1084 2275 dicto
1102 2226 1156 2275 otro
1173 2224 1289 2290 aliquem
1307 2240 1323 2275 s
1340 2226 1396 2276 suis

606 2309 641 2358 od
657 2309 727 2373 ipsos
745 2309 854 2358 destinet
872 2305 906 2372 (n.
918 2306 955 2371 2).

302 2442 469 2509 Domino
502 2396 643 2508 sancto
677 2441 858 2528 apostolo
886 2444 925 2505 et
953 2441 1184 2507 beatissimo
1214 2428 1341 2527 patri
1364 2465 1430 2529 ps-

382 2548 496 2611 'trum
519 2542 679 2610 Gelasio
700 2566 826 2631 papae
848 2543 957 2611 urbis
980 2542 1122 2613 Itomae
1144 2543 1324 2611 humiles
1347 2546 1431 2633 epi·

396 2646 504 2731 scopi
527 2646 765 2713 Dardaniae.

238 2770 266 2832 1.
298 2766 512 2833 Salaberrima
535 2766 731 2851 apostolatus
755 2767 852 2832 vestri
866 2769 1049 2851 praecepta,
1073 2765 1252 2852 Tryphone
1270 2768 1345 2836 viro
1359 2768 1431 2837 reli-

152 2871 243 2957 gioso
264 2870 331 2936 filio
358 2873 468 2934 nostro
496 2869 676 2951 deferente,
706 2892 769 2953 qna
796 2873 923 2954 oportet
950 2869 1118 2934 devotione
1140 2871 1368 2956 suscepimus,
1399 2875 1432 2939 et

151 2974 306 3038 maximas
329 2972 397 3037 Dee
419 2971 631 3055 omnipotenti
660 2975 693 3034 et
719 2971 912 3036 beatitudini
942 2974 1067 3037 vestrae
1093 2971 1268 3037 referimus
1292 2974 1430 3060 gratias,

151 3076 235 3160 quod
257 3097 315 3140 nos
338 3074 492 3159 pastorali
514 3073 729 3138 admonitione
753 3078 784 3139 et
800 3074 986 3159 evangelica
1001 3073 1147 3138 doctrina
1161 3073 1302 3140 visitare
1317 3076 1432 3164 digna·

152 3182 203 3243 tus
226 3200 270 3261 es,
294 3178 421 3242 domine
444 3180 565 3259 sancte,
590 3175 763 3261 apostolice
785 3179 818 3240 et
838 3175 1021 3241 beatissime
1043 3180 1137 3262 pater
1157 3179 1307 3261 patrum.
1340 3177 1432 3245 Desi-

91 3344 100 3361 ,
152 3280 231 3345 derii
253 3281 339 3345 enirn
362 3283 395 3344 et
417 3279 483 3343 voti
505 3279 608 3343 nostri
630 3282 688 3361 est,
708 3278 907 3363 jussionibus
930 3279 1044 3344 vestris
1066 3279 1101 3343 in
1116 3278 1271 3345 omnibus
1286 3280 1430 3366 obedire,

153 3387 185 3447 et
206 3382 471 3467 quemadmodum
500 3405 519 3444 a
547 3380 691 3464 patribus
722 3380 841 3445 nostris
869 3381 1066 3465 accepimus,
1101 3380 1186 3445 sedis
1214 3382 1430 3467 apostolicae,

153 3506 234 3568 cquae
255 3485 342 3548 vitae
365 3487 397 3548 et
418 3483 541 3547 meritis
568 3483 683 3547 restris
711 3481 817 3546 delata
845 3485 909 3565 est,
940 3486 1114 3568 praecepta
1141 3483 1346 3551 intemerata
1367 3508 1432 3552 ser·
1461 3528 1468 3539 ·

153 3608 246 3668 vare,
271 3589 365 3670 atque
388 3586 576 3670 religionem
597 3576 821 3668 orthodoxam,
847 3584 936 3669 cujus
959 3585 1036 3649 estis
1058 3585 1320 3675 praedicatores,
1345 3588 1432 3655 fideli

154 3691 187 3751 et
214 3687 379 3771 inculpata
411 3688 594 3771 devotione,
633 3690 728 3771 prout
761 3690 890 3751 nostrae
922 3685 1111 3751 rusticitatis
1143 3709 1261 3753 sensus
1294 3691 1432 3776 putitiu,

155 3789 323 3856 custodire.
369 3788 525 3873 Eutychis
553 3790 638 3854 euim
667 3789 717 3853 vel
739 3788 861 3873 Petri¹)
885 3788 1059 3875 Acaciique
1092 3792 1125 3855 et
1150 3790 1302 3857 omniurn
1330 3796 1439 3883 secto·¹

153 3895 259 3956 torum
281 3893 350 3975 ejus
372 3895 467 3976 atque
490 3892 684 3956 consortium
706 3892 792 3956 velut
814 3891 970 3976 quaedam
996 3891 1149 3976 pestifera
1172 3894 1335 3980 contagia
1356 3898 1433 3961 ante

153 3996 293 4061 vestram
315 4015 439 4078 qnoque
461 3993 630 4058 vitavimus
648 3993 837 4076 jussionem,
861 3997 894 4057 et
914 3994 1016 4057 multo
1035 3993 1256 4078 magis¹nunc
1278 3999 1360 4080 post
1380 3996 1433 4062 ad·

154 4095 362 4160 monitionem
385 4095 468 4160 sedis
491 4095 685 4177 apostolicae
708 4099 740 4159 et
763 4095 804 4158 ab
826 4095 936 4159 eadem
958 4115 1017 4159 nos
1032 4093 1211 4179 pollutione
1228 4116 1372 4163 neeesse
1386 4101 1435 4165 est

155 4197 326 4280 abstinere,
354 4201 388 4262 et
410 4197 437 4261 si
459 4196 513 4280 qui
536 4196 591 4261 alii
614 4196 755 4279 ejusdem
770 4195 926 4281 Eutychis
949 4198 1070 4261 sectam
1091 4170 1142 4261 vel
1156 4194 1250 4276 Petri
1268 4201 1304 4263 et
1319 4198 1435 4267 Aeacii

155 4304 211 4367 aut
233 4298 333 4365 secuti
355 4302 431 4364 sunt
452 4302 508 4364 aut
530 4300 714 4383 sequentur,
737 4299 788 4363 vel
803 4299 986 4364 eorumdem
1008 4320 1077 4364 sese
1095 4297 1313 4383 complicibus
1338 4305 1434 4388 atque

222 4504 255 4569 ⁸⁹)
273 4501 353 4556 Solus
366 4502 393 4554 d¹
413 4509 529 4573 quoniam
546 4513 572 4555 es
585 4545 604 4558 ..
615 4546 619 4557 .
631 4507 712 4568 sulcis
743 4501 830 4558 Porro
848 4522 960 4558 canones
975 4500 1016 4556 ibi
1033 4500 1182 4556 memorati
1199 4503 1435 4576 praeciperem

155 4585 279 4641 dicenses
298 4605 320 4641 c.
339 4595 363 4653 3,
381 4594 404 4653 4,
422 4593 436 4640 t
454 4587 529 4652 sunt,
548 4585 649 4655 quibus
667 4585 794 4642 omnibus
812 4585 939 4642 fidelibus
957 4587 994 4643 ad
1011 4585 1106 4641 sedem
1123 4587 1319 4656 apostolieum
1336 4606 1436 4662 provo

156 4687 219 4724 care
236 4670 409 4741 permissum.

223 4755 256 4823 ⁴⁰)
274 4756 391 4810 Faustus
408 4755 512 4827 quippo
531 4774 586 4810 una
604 4774 665 4810 eum
683 4758 797 4812 Irenaeo
815 4755 963 4827 legationis
981 4755 1101 4812 officium
1119 4753 1231 4811 ebibat.

226 4858 245 4923 ¹)
263 4857 312 4910 Est
329 4857 427 4911 Petrus
445 4848 646 4912 Alexandrinis
663 4858 931 4930 pseudoepiscopus,
956 4857 1033 4928 cujus
1049 4854 1249 4916 communione
1266 4876 1300 4917 se
1317 4837 1437 4918 deecit!

158 4938 363 4995 contaminavit.
394 4942 514 5011 Moxque
532 4950 687 4999 consortium
702 4943 778 5000 idem
796 4944 840 4999 est
856 4959 890 4999 ac
905 4949 1040 5000 scetem·
