3204 5506
575 372 769 420 aersromn
793 362 940 420 70-73.
1328 354 1389 419 867

117 527 159 591 de
184 531 353 611 susceptae
376 526 512 591 actionis
534 527 690 611 qualitate
712 527 879 609 sollicitos,
911 528 1081 616 praecipue
1104 549 1201 611 quum
1222 525 1304 590 nihil
1327 547 1393 590 cer·
1405 550 1429 587 a.
1441 538 1499 587 519.

117 631 192 692 turn
214 632 283 693 tam
298 628 448 693 diuturno
462 631 605 713 tempore
621 632 745 693 vestrae
760 628 941 693 dilectionis
955 629 1168 713 potuissemus
1183 629 1392 712 rescriptione

120 751 328 815 cognoscere.
374 731 441 796 Nos
462 734 573 795 tamen
599 734 727 814 reperta
755 731 867 795 latoris
895 731 1061 796 occasione
1089 730 1169 795 haec
1196 731 1267 815 ipsa
1295 730 1393 815 signi-

119 833 222 896 ficare
253 833 433 897 maluimus.
493 832 694 917 Quapropter
732 832 927 916 salutantes,
967 855 1039 897 cum
1071 831 1132 897 Dei
1165 833 1393 917 omnipotentis

121 934 244 999 auxilio
266 934 441 999 incolumes
463 957 522 998 nos
545 955 613 1000 esse
637 935 836 1020 cognoscite,
866 935 949 1019 quod
979 938 1010 998 et
1038 933 1077 998 de
1100 934 1189 999 vobis
1212 935 1320 998 audire
1342 935 1394 998 dc-

121 1037 311 1102 sideramus.
355 1036 416 1101 Sed
439 1040 475 1100 ut
497 1037 536 1101 de
558 1037 721 1119 omnibus,
750 1059 831 1121 quae
859 1039 951 1121 gesta
979 1039 1070 1120 sunt,
1103 1040 1247 1101 nostram
1268 1036 1394 1121 plenius

122 1139 256 1223 possitis
282 1139 441 1203 instruere
469 1138 650 1222 notionem,
685 1161 704 1202 a
731 1138 844 1222 quibus
868 1139 1011 1222 personis
1039 1139 1090 1203 vel
1120 1139 1153 1203 in
1182 1139 1295 1224 quibus
1318 1137 1395 1202 locis

124 1241 226 1323 bene,
250 1241 333 1305 sicut
355 1241 528 1324 credimus,
551 1241 692 1325 suscepti
713 1240 855 1323 fueritis,
882 1239 932 1304 vel
954 1241 1009 1305 ubi
1032 1243 1089 1305 aut
1110 1241 1169 1305 sub
1191 1262 1253 1324 qua
1274 1239 1396 1303 festivi·

123 1343 194 1406 tate
218 1342 459 1407 resurrectionis
482 1342 659 1407 dominicae
689 1343 805 1407 caritas
834 1346 939 1406 vestra
967 1343 1106 1407 tenuerit
1133 1343 1232 1424 diem,
1267 1341 1396 1424 etquid

124 1443 278 1528 deinceps
307 1444 453 1529 egeritis,
485 1466 542 1528 per
570 1445 679 1508 omnia
705 1444 869 1528 rescriptis
893 1445 1092 1509 currentibus
1115 1444 1291 1508 declarate:
1320 1465 1396 1527 qua·

123 1548 222 1609 tenus
245 1547 388 1610 nostram
397 1547 421 1632 ¹)
445 1546 673 1630 cogitationem
696 1547 734 1610 de
750 1550 856 1611 vestra
878 1549 910 1611 et
932 1549 1061 1610 actuum
1082 1546 1296 1631 prosperitate
1319 1545 1396 1609 rele-

123 1669 204 1711 vare
231 1648 359 1731 possitis
366 1698 375 1730 ,
413 1651 445 1711 et
472 1649 498 1711 si
525 1643 605 1733 'quid
632 1649 836 1713 instructioni
866 1672 961 1733 quam
989 1649 1174 1732 suscepistis
1203 1670 1316 1712 causac
1345 1648 1396 1711 de-

124 1749 243 1831 fuerit,
268 1749 462 1834 subjungere
486 1772 557 1814 cum
580 1751 639 1815 Dei
662 1752 764 1815 nostri
787 1751 900 1814 solatio
923 1751 1094 1815 valeamus.
1144 1751 1231 1814 Data
1252 1749 1316 1813 VII
1339 1751 1396 1814 Ca-

124 1851 241 1914 lendas
264 1851 384 1934 MajaS,
408 1851 583 1916 Eutharico
605 1853 673 1917 viro
696 1853 871 1917 clarissimo
895 1852 1033 1917 consule.

631 2072 812 2176 Epistola
838 2053 896 2156 73.

473 2226 685 2293 Hormisdae
707 2243 818 2309 papae
840 2225 883 2290 ad
907 2225 1057 2300 eosdem.
1119 2243 1124 2250 ·
1409 2206 1493 2255 affl
1510 2198 1537 2253 ‹l-

1408 2277 1440 2323 29
1449 2267 1535 2338 April.

234 2338 311 2414 Suum
328 2367 360 2415 de
378 2382 463 2416 eorum
479 2368 557 2431 pestis
575 2360 766 2416 sollieiffldinem
785 2367 892 2416 Paulino
916 2366 1053 2429 defensore
1069 2366 1144 2415 inraso
1160 2366 1295 2431 sipnifieat.

284 2496 494 2562 Hormisda
516 2499 657 2583 quibus
680 2521 809 2583 supra.

218 2618 354 2681 Animus
376 2621 485 2682 noster
507 2617 658 2683 diuturna
686 2618 829 2682 redditur
851 2619 1089 2703 exspectatione
1111 2618 1280 2682 sollicitus:
1308 2639 1398 2702 prae·

127 2719 225 2804 cipue
253 2720 293 2783 ad
320 2722 447 2784 tantum
474 2720 652 2805 principem
675 2720 842 2802 destinati,
878 2720 936 2784 sub
970 2721 1133 2788 celeritate
1160 2742 1218 2784 nos
1248 2721 1399 2784 certiores

127 2822 322 2886 debuissetis
345 2822 481 2886 efficere.
516 2821 600 2886 Nam
623 2823 732 2907 ante¹)
756 2822 840 2886 diem
863 2822 1059 2886 ascensionis
1081 2822 1259 2886 dominicae
1274 2821 1399 2886 litteras

128 2927 255 2989 vestras
279 2924 483 2988 credebamus
504 2946 563 2988 nos
586 2946 678 3008 posse
700 2924 871 3008 suscipere.
920 2923 1043 2988 Idcirco
1065 2928 1133 2988 tam
1154 2928 1279 2988 vestrae
1301 2925 1400 3006 sospi-

129 3027 210 3090 tatis
239 3025 358 3090 indicia
387 3048 481 3110 quam
511 3025 690 3109 profectum
713 3047 842 3108 causae,
877 3048 973 3110 quam
1000 3026 1216 3111 peragendam
1245 3047 1317 3089 cum
1339 3023 1400 3088 Dei

129 3127 236 3192 nostri
255 3127 420 3210 juvamine
443 3127 627 3210 suscepistis
634 3176 643 3210 ,
667 3128 881 3191 desideramus
898 3149 1080 3212 agnoscere.
1115 3126 1286 3190 Paulinum
1302 3126 1400 3189 eccle·

131 3230 200 3293 siae
223 3228 387 3293 Romanae
410 3229 608 3293 defensorem
638 3251 707 3292 cunr
734 3229 862 3312 scriptis
885 3229 1106 3313 praesentibus
1129 3229 1289 3292 destinare
1313 3250 1401 3291 cura-

131 3331 252 3414 rimus,
284 3334 351 3394 tam
373 3331 513 3415 principi
534 3331 675 3412 litteras,
710 3353 806 3415 quam
828 3330 980 3416 singulis,
1009 3330 1123 3415 quibus
1146 3331 1302 3414 oportuit,
1327 3329 1401 3393 diri·

132 3437 259 3519 gentes.
311 3432 511 3519 Quapropter
532 3433 635 3497 Deum
663 3436 807 3496 nostrum
836 3433 986 3518 congruis
1014 3432 1161 3516 precibus
1188 3453 1330 3514 oramus,
1366 3434 1402 3494 ut

132 3536 204 3621 ipse
226 3535 362 3599 salutem
385 3539 524 3599 vestram
551 3557 608 3598 sua
630 3534 858 3618 propitiatione
882 3534 1054 3617 custodiat,
1084 3538 1117 3598 et
1139 3555 1252 3597 causae
1275 3532 1401 3617 qualem

133 3636 350 3701 desideramus
384 3638 555 3701 concedere
587 3637 739 3720 dignetur
773 3637 936 3700 effectum:
970 3636 1044 3720 quia
1071 3634 1153 3698 nihil
1186 3635 1290 3718 majus
1317 3635 1403 3697 inter

133 3738 247 3802 titulos
270 3739 382 3822 optimi
405 3738 607 3823 imperatoris
630 3736 837 3822 adscribitur,
867 3737 1012 3821 quamsi
1036 3759 1106 3800 eum
1129 3736 1263 3800 ecclesia
1279 3735 1402 3801 Graeca

134 3862 288 3924 praesens
317 3846 349 3904 et
376 3842 486 3904 futura
512 3841 698 3923 praedicare
726 3831 886 3903 mereatur
913 3839 1002 3923 pacis
1025 3842 1202 3902 auctorem.
1247 3838 1332 3901 llata
1353 3837 1401 3901 ΠΙ

135 3942 294 4007 Calendas
317 3942 436 4025 Majas,
460 3942 636 4007 Eutharico
658 3942 726 4005 viro
750 3941 925 4005 clarissimo
949 3941 1087 4004 consulo.

135 4254 168 4305 72
206 4251 225 4318 ¹)
243 4248 293 4302 Ed.
312 4260 420 4303 oestrum
442 4254 669 4316 cogitationem
689 4254 803 4300 revelare
820 4251 931 4314 possitis.
974 4244 1127 4299 Collatione
1150 4247 1224 4298 facta
1247 4243 1329 4312 hujus
1351 4243 1404 4296 loci

135 4353 198 4388 cum
216 4334 270 4387 hoc
287 4334 376 4388 altero
396 4333 475 4402 epist.
495 4339 527 4386 74
545 4335 624 4401 (prend
640 4343 665 4385 et
681 4336 772 4399 faeere
789 4352 837 4400 pro
855 4343 959 4384 nostrae
978 4335 1139 4395 cogitationis
1155 4333 1308 4382 relerutr'onc
1331 4331 1405 4381 debe-

134 4423 179 4488 ris)
198 4419 390 4472 emendantur.

135 4511 168 4559 73
207 4507 226 4572 ¹)
246 4503 336 4567 Quum
354 4504 462 4557 Pascha
479 4504 531 4557 hoc
554 4519 626 4557 anno
649 4503 676 4555 in
699 4502 772 4554 diem
794 4508 825 4555 31
850 4500 944 4555 Martii
965 4499 1118 4561 incidisset,
1143 4503 1308 4552 Aareasiom's
1327 4497 1405 4550 solle—

134 4590 240 4644 mnitas
252 4589 319 4658 Maji
338 4589 510 4641 dumtaxatt)
529 4588 573 4641 ilie
592 4587 760 4642 celebranda
772 4586 893 4639 nondum
911 4585 1065 4651 atl'ulserat,
1084 4603 1168 4652 quum
1181 4585 1249 4638 hacc
1262 4583 1405 4637 scriberet.
