3204 5506
277 304 339 370 862
714 321 745 369 s.
763 321 970 370 noninsonn
993 322 1108 370 aaran

172 473 477 559 a.519.scriptum³),
512 497 606 559 quem
635 474 830 538 offerendum
859 476 1075 560 indicaveras,
1111 477 1385 543 sanctissimorum
1413 486 1507 566 patrum

278 577 445 662 concilio⁴)
476 579 715 662 congruentem.
763 576 883 642 Omnes
913 581 1109 643 concurrunt
1137 579 1238 644 alacri
1266 603 1360 665 opere
1388 583 1423 646 ad
1440 588 1507 649 susci·

277 680 394 765 pianda
422 683 497 743 vota
523 682 591 742 tarn
614 682 738 742 vestrae
746 679 771 764 ⁵)
801 702 897 764 quam
925 679 1307 766 Constantinopolitanae
1334 683 1425 767 sedis,
1454 709 1508 770 quos

278 782 421 847 veritatis
451 804 599 846 coruscus
626 781 734 866 fulgor
762 780 939 865 illuminat3
977 803 1087 847 omnes
1104 784 1301 849 ‘accelerant
1328 785 1508 870 libentissime,

277 907 354 970 quos
377 884 518 949 oblectat
540 884 592 948 via
614 882 768 965 dilucida3
792 887 968 967 sequuntur
983 886 1065 949 scita
1078 889 1209 969 patrum
1225 888 1431 970 sanctissima,
1448 887 1509 974 leges

277 986 534 1070 probatissimas:
558 988 590 1049 at
614 985 754 1049 consiliis
777 987 985 1070 quorumdam
1008 987 1154 1070 firmatis,
1179 989 1233 1072 qui
1257 993 1378 1054 rectum
1391 990 1510 1054 tenebat

277 1090 454 1171 tramitem,
480 1088 614 1152 aliorum
639 1088 805 1170 correctis,
836 1088 889 1172 qui
912 1088 1115 1173 vagabantur
1136 1090 1272 1174 incerti,
1301 1091 1335 1156 in
1357 1114 1392 1156 eo
1410 1115 1453 1156 res
1469 1092 1511 1157 col·

276 1191 400 1277 ligitur,
424 1193 459 1254 ut
481 1190 640 1254 unitatem
656 1188 838 1253 individuae
853 1189 1024 1255 Trinitatis
1046 1192 1108 1275 ipsi
1124 1213 1250 1277 quoque
1266 1194 1420 1280 unitatel)
1434 1193 1511 1258 colant

277 1293 443 1357 mentium.
489 1291 652 1376 Negatum
675 1293 724 1354 est
746 1290 831 1354 inter
854 1290 962 1355 divina
989 1286 1142 1376 mysteria
1164 1295 1355 1359 memoriam
1380 1296 1412 1360 in
1436 1300 1512 1380 poste

277 1417 347 1458 rum
370 1395 439 1458 fieri
460 1416 518 1478 pro
545 1396 657 1457 tenore
685 1391 801 1474 libelli,
816 1449 822 1464 ,
837 1414 931 1476 quem
959 1393 1111 1478 diximus,
1141 1396 1257 1460 Aeacii
1284 1398 1512 1481 praevaricatam

276 1497 437 1583 quondam
458 1495 567 1580 regiae
590 1494 676 1557 urbis
699 1493 794 1576 hujus
817 1494 975 1579 episcopi,
1004 1518 1064 1560 nec
1091 1518 1157 1561 non
1186 1500 1220 1562 et
1248 1497 1383 1564 aliorum
1403 1499 1512 1564 sacerdo

275 1603 361 1682 tuni,
385 1599 439 1683 qni
462 1597 512 1660 vel
533 1595 629 1680 primi
653 1598 765 1659 contra
789 1597 964 1660 constituta
987 1602 1145 1663 venerunt
1159 1599 1339 1683 apostolica
1360 1602 1513 1666 valsucca

276 1723 361 1766 sores
384 1700 499 1764 erroris
522 1698 601 1763 facti
623 1700 699 1760 sunt
722 1700 753 1760 et
775 1696 864 1760 nulla
886 1719 985 1782 usque
1009 1699 1048 1762 ad
1064 1699 1213 1764 ultimum
1229 1700 1314 1765 diem
1333 1724 1421 1768 suum
1432 1702 1513 1787 poem·

275 1803 379 1867 tentia
402 1800 545 1866 correcti.
590 1799 635 1862 Et
657 1798 807 1882 quoniam
830 1821 939 1863 omnes
962 1802 1126 1886 nostrac⁷)
1156 1803 1305 1887 regiones
1329 1804 1514 1870 admonendae

276 1907 366 1987 sunt,
405 1906 441 1967 ut
468 1901 648 1986 exemplum
677 1901 846 1965 imitentur
874 1901 1014 1966 civitatis
1042 1904 1167 1988 regiae,
1207 1904 1399 1971 destinanda
1424 1907 1514 1991 ubique

275 2004 467 2092 principalia
489 2007 661 2088 praecepta
684 2003 840 2067 ediximus
848 2004 890 2089 ῆς
927 2007 1020 2068 tanto
1041 2004 1216 2090 flagramus
1240 2006 1405 2093 religionis
1424 2008 1515 2089 officio,

275 2112 367 2173 tanto
400 2107 585 2171 affectamus
617 2104 722 2169 studio
752 2126 864 2187 pacem
897 2104 1074 2170 catholicae
1110 2107 1184 2171 fidei
1219 2131 1279 2192 pro
1312 2110 1517 2175 remuneranda

276 2210 407 2275 coelitus
435 2230 514 2293 paca
542 2211 672 2271 nostrae
700 2205 895 2290 reipublicae
902 2257 911 2290 ,
949 2229 1008 2291 pro
1041 2209 1244 2274 conciliando
1277 2211 1425 2295 subjectis
1457 2212 1516 2275 mcis

275 2333 412 2397 superno
435 2308 604 2394 praesidio.
652 2307 735 2383 Quid
757 2308 843 2371 enirn
865 2309 989 2393 gratius
1017 2310 1150 2394 reperiri
1172 2315 1289 2395 potest,
1321 2314 1393 2397 qnid
1411 2313 1515 2398 justina,

275 2414 349 2499 quid
372 2412 541 2494 illustrius,
577 2433 672 2495 quam
695 2431 773 2493 quos
796 2410 880 2473 idem
908 2432 1044 2496 rognum
1072 2413 1217 2476 continet
1244 2413 1443 2499 ejusdemque
1461 2413 1516 2478 fidei

276 2516 378 2581 cultus
406 2515 556 2596 irradiat,
586 2534 638 2576 eos
660 2535 726 2576 non
749 2512 874 2576 diversa
897 2513 1105 2596 contendere,
1133 2515 1188 2578 sed
1212 2514 1355 2580 collectis
1376 2517 1410 2580 in
1431 2515 1517 2580 eodem

275 2618 420 2682 sensibus
438 2616 588 2679 instituta
602 2615 747 2677 venerari
769 2637 836 2678 non
857 2614 999 2678 humana
1021 2620 1128 2680 niente
1150 2615 1252 2703 latai)
1275 2618 1331 2681 sed
1350 2618 1443 2682 divirn
1462 2640 1518 2702 pro·

275 2720 384 2785 dantia
407 2716 568 2802 Spiritus?
616 2715 696 2780 Oret
721 2716 822 2800 igitur
843 2720 968 2780 vestrae
996 2717 1161 2802 religionis
1190 2719 1362 2803 sanctitas,
1396 2724 1430 2784 ut
1453 2718 1517 2804 quod

274 2821 422 2907 pervigili
445 2818 550 2883 studio
572 2838 630 2902 pro
654 2818 823 2882 concordia
838 2818 1044 2882 ecclesiarum
1061 2818 1238 2883 catholicae
1252 2820 1328 2885 fidei
1341 2827 1516 2905 procuratu,

275 2925 375 2989 divini
394 2920 535 2986 muneris
558 2919 726 3004 opitulatio
744 2919 816 3005 jugi
845 2922 1060 3005 perpetuitate
1081 2921 1203 2985 servari
1225 2927 1360 2989 annuat.
1404 2924 1480 2989 Data
1489 2924 1516 3009 ¹⁰)

275 3027 304 3092 X
328 3025 486 3093 Calendas
508 3021 587 3105 Maji
611 3021 900 3105 Constantinopoli.

780 3208 961 3311 Epistola
987 3210 1034 3295 67

882 3362 931 3399 seu

121 3432 261 3571 ἑζέἐξϋᾱ)
274 3463 477 3530 Exemplum
499 3456 673 3514 relationis
696 3456 848 3525 episcopi
863 3456 1234 3526 constantinopolitani
1256 3462 1301 3518 ad
1314 3462 1517 3520 Hormisdan.

306 3595 356 3644 Dei
372 3608 473 3642 micuere
491 3593 576 3640 datam
595 3605 650 3640 csse
666 3589 807 3653 principem
825 3590 906 3638 nucleis
924 3604 959 3638 ex
975 3589 1105 3653 partitio,
1127 3593 1285 3657 praeprimis
1302 3595 1385 3644 studio
1401 3596 1493 3644 actm

340 3798 360 3863 ³)
380 3794 396 3865 β
419 3799 548 3860 scriptam.
595 3788 720 3858 Respicit
746 3787 899 3857 imperator
929 3790 965 3843 ad
993 3791 1165 3859 superiorem
1188 3792 1337 3862 epistolam
1360 3800 1405 3861 61,
1428 3795 1519 3860 inqua

271 3880 409 3945 libellum,
433 3892 515 3944 quern
537 3873 686 3927 Hormisda
703 3872 865 3939 destinavit,
889 3891 907 3928 a
923 3874 1050 3930 Johanne
1068 3878 1097 3932 at
1118 3882 1242 3946 scriptum
1259 3880 1289 3933 et
1304 3883 1464 3949 subscriptus
1482 3878 1518 3930 ha

271 3965 375 4020 bemus.

338 4053 359 4120 ⁴)
377 4049 394 4103 J
399 4048 452 4116 Οβ
470 4048 526 4115 (sce
544 4047 637 4112 manu)
656 4050 769 4100 «consilio.
800 4042 939 4113 Vulgatae
957 4045 1052 4100 tamar
1069 4046 1182 4101 lectioni
1194 4047 1286 4117 magis
1304 4049 1379 4104 favet
1394 4048 1458 4103 iilud
1473 4046 1518 4117 cpi·

271 4137 358 4192 stolae
377 4131 525 4204 superioris
544 4136 576 4184 [55
594 4148 618 4183 n.
639 4137 667 4195 3,
691 4128 739 4183 ubi
757 4128 843 4197 legati
861 4128 934 4183 lecto
951 4129 1046 4185 libello
1064 4130 1253 4201 interrogant:
1285 4138 1315 4188 Si
1330 4139 1406 4202 iaec,
1428 4139 1518 4203 quasa

271 4227 355 4277 libello
374 4228 500 4288 lepontar,
518 4222 597 4285 pestis
615 4219 795 4269 ecclesiasticis
813 4214 875 4280 (hoo
894 4216 935 4268 cst
952 4215 1142 4284 synodalibus)
1160 4224 1258 4272 mindae
1276 4225 1450 4274 conlimatur?

339 4310 359 4375 z‘)
378 4304 467 4359 ltaG¹
481 4302 507 4355 J¹
521 4301 548 4354 J²
561 4302 588 4354 a¹
601 4299 629 4352 1².
666 4299 733 4352 boc
750 4311 843 4356 vestra.
879 4300 979 4354 Oc¹c²
996 4315 1108 4357 nocuae.

378 4391 437 4444 00Ι
451 4392 477 4443 0²
493 4394 519 4440 ia
536 4391 642 4440 unitate.

376 4475 464 4529 Iidem
482 4484 585 4527 nostroe
604 4475 734 4538 relipianis
751 4474 903 4523 (crlraoneadi
918 4482 984 4527 scint,
1020 4469 1167 4540 Sequimur
1185 4471 1219 4527 G'
1233 4470 1250 4527 J
1262 4471 1291 4527 i¹.

376 4561 420 4614 Ita
437 4555 738 4612 K³OQO⁵020¹c²at
759 4584 790 4592 -
808 4553 926 4624 in‘a1
946 4573 1003 4624 seq.
1023 4563 1148 4612 ducturas.
1182 4557 1208 4610 J¹
1221 4557 1291 4612 ,1st
1303 4559 1339 4613 0³
1355 4566 1465 4616 dim.

376 4645 494 4714 JOiic¹
510 4646 535 4696 οἳ
554 4648 644 4703 inlato,
663 4646 709 4694 seri
727 4646 752 4692 in
770 4645 870 4694 (livinae
885 4648 1063 4709 prouidentiae
1081 4647 1186 4712 Spiritu.

340 4733 370 4800 10)
388 4731 463 4784 Nota
480 4728 528 4781 illa
546 4725 685 4786 chronica,
707 4742 777 4792 quac
795 4725 824 4778 in
842 4725 900 4778 a¹b
919 4726 1143 4794 desiderabatur,
1160 4728 1306 4798 suppletur
1323 4746 1358 4783 ex
1375 4730 1434 4785 aliis
1449 4727 1516 4783 eda

270 4818 354 4883 atquc
373 4814 499 4868 omnibus
516 4811 616 4866 nostris
629 4828 691 4863 mss.
711 4810 799 4878 liujus
812 4811 945 4863 beneficio
958 4812 1068 4878 quando
1082 4815 1110 4866 ct
1121 4813 1209 4867 Pullio
1223 4813 1456 4886 Constantinopoli
1465 4828 1516 4883 pro·

266 4904 357 4956 l'cctus
376 4901 411 4954 sit
429 4901 457 4951 ct
475 4900 518 4951 tot
535 4896 574 4949 illi
592 4896 703 4947 littoruo
722 4895 838 4948 Romani
858 4897 1040 4963 perferendae
1059 4897 1141 4953 datae
1159 4898 1226 4965 sint,
1245 4900 1435 4970 comperimus.
