3204 5506
631 345 802 395 urrsrona
827 335 898 396 125.
1339 336 1401 403 935

127 501 250 578 Quirici
273 499 437 585 cujusdam
459 501 492 563 et
513 498 651 582 Julitae,
681 499 765 565 sicut
780 499 911 586 Georgii
933 500 1129 588 aliorumque
1152 505 1306 589 ejusmodi
1328 519 1522 592 pas-(uteo.)

127 604 250 687 siones,
285 624 365 688 qnae
393 601 434 666 ab
462 601 630 668 haereticis
658 601 868 689 perhibentur
895 604 1100 689 compositae.
1145 605 1282 693 Propter
1304 609 1398 692 quod,

126 709 165 770 ut
186 704 308 769 dictum
331 707 395 786 est,
424 725 465 768 ne
487 704 537 769 vel
559 704 638 769 levis
661 705 878 772 subsannandi
902 706 1039 772 oriretur
1060 709 1200 794 eccesie,
1229 709 1264 773 iu
1287 714 1400 775 sancta

126 807 276 872 Romana
298 806 432 871 ecclesia
454 829 519 870 non
541 806 704 892 leguntur.
749 805 816 894 Nos
837 811 947 873 tamen
970 830 1043 873 cum
1064 810 1230 895 praedicta
1251 809 1398 876 Romana

127 909 263 975 ecclesia
285 930 395 973 ornnes
416 912 573 994 martyres
602 912 634 974 et
656 931 765 975 corum
787 909 941 995 gloriosos
965 932 1101 997 agones,
1128 913 1184 998 qui
1204 912 1273 977 Deo
1294 914 1398 999 magis

126 1034 223 1098 quam
246 1010 428 1076 hominibus
450 1010 519 1076 noti
541 1014 627 1096 sunt,
652 1012 739 1076 omni
761 1011 928 1077 devotione
951 1034 1150 1078 veneramur.

211 1112 294 1178 Item
315 1112 398 1199 vitas
420 1117 563 1198 patrum,
592 1112 700 1196 Pauli,
730 1114 883 1198 Antonii,
913 1113 1091 1180 Hilarionis
1113 1119 1146 1181 et
1167 1118 1309 1181 omnium
1332 1140 1397 1182 ere-

125 1217 294 1298 mitarum,
328 1237 408 1300 quas
434 1219 545 1280 tamen
572 1214 622 1279 vir
647 1214 849 1280 beatissImns
871 1214 1086 1301 Hieronymus
1109 1217 1295 1304 descripsit,
1325 1242 1397 1284 cum
1481 1263 1485 1270 ·

126 1318 214 1383 omni
237 1316 358 1382 honore
380 1317 579 1403 suscipimus.

210 1418 294 1484 Item
316 1423 405 1485 actus
428 1419 604 1484 beatissimi
627 1417 772 1485 Silvestri
795 1421 987 1506 apostolicae
1010 1421 1093 1486 sedis
1115 1423 1287 1507 praesulis,
1320 1423 1398 1488 licet

126 1522 196 1607 ejus
219 1522 273 1606 qui
297 1523 488 1607 conscripsit
509 1544 628 1586 nomen
650 1523 832 1607 ignoretur,
856 1546 875 1586 a
897 1522 1007 1587 multis
1029 1525 1189 1588 tamenin
1204 1524 1397 1590 urbeltoma

126 1623 292 1689 catholicis
319 1623 385 1710 legi
415 1625 620 1710 cognovimus
653 1627 686 1689 et
712 1646 770 1709 pro
799 1625 932 1709 antiqno
959 1647 1019 1690 usu
1045 1627 1165 1691 multae
1186 1625 1247 1692 hoe
1269 1627 1396 1692 imitan-

125 1731 180 1792 tur
202 1726 365 1791 ecclesiae.

211 1828 295 1893 Item
316 1828 477 1914 scriptura
505 1829 544 1893 de
566 1829 752 1894 inventione
775 1829 953 1894 dominicae
977 1831 1079 1895 crucis
1102 1834 1134 1896 et
1154 1831 1218 1896 aha
1238 1831 1397 1917 scriptura

124 1933 163 1997 de
186 1931 372 1996 inventione
394 1931 509 2016 capitis
532 1932 619 1996 beati
633 1929 793 1996 Iohannis
812 1930 979 2016 Baptistae
1001 1933 1145 1997 novellae
1168 1933 1294 2018 quidem
1316 1934 1396 1998 rela-

121 2035 230 2099 tiones
257 2036 334 2097 sunt
340 2083 350 2116 ,
386 2037 418 2098 et
445 2032 593 2098 nonnulli
621 2055 673 2097 eas
703 2032 852 2098 catholici
874 2032 998 2118 legunt.
1044 2033 1105 2099 Sed
1128 2057 1225 2119 quum
1247 2034 1327 2100 haec
1355 2036 1395 2100 ad

123 2134 354 2200 catholicorum
376 2157 491 2200 manus
514 2135 737 2221 pervenerint,
762 2134 849 2199 beati
871 2136 1008 2220 apostoli
1023 2135 1116 2200 Pauli
1137 2137 1311 2221 praecedat
1325 2159 1395 2202 sen·

121 2237 242 2303 tentia:
268 2240 375 2302 Omnia
391 2242 585 2318 probatam
605 2243 688 2318 quod
707 2243 816 2302 bonam
837 2248 880 2301 ert
901 2245 1036 2303 retinete.
1410 2226 1528 2350 131983·
1555 2264 1559 2271 ·

208 2339 291 2404 Item
318 2338 455 2404 Rufinus
482 2338 532 2404 vir
559 2339 817 2425 religiosissimus
853 2337 1007 2423 plurimos
1044 2340 1251 2405 ecclesiastici
1289 2343 1394 2426 operis
1442 2336 1448 2363 ’
1489 2338 1495 2350 '

121 2442 224 2508 edidit
258 2441 373 2524 libros,
410 2440 583 2505 nonnullas
618 2440 716 2505 etiam
748 2441 923 2525 scripturas
956 2442 1187 2526 interpretatus
1219 2446 1278 2507 est.
1333 2443 1394 2508 Sed

121 2544 274 2630 quoniam
296 2543 489 2608 venerabilis
511 2542 726 2630 Hieronymus
754 2565 827 2607 eum
852 2543 887 2606 in
910 2542 1070 2627 aliquibus
1092 2543 1131 2608 de
1153 2543 1278 2608 arbitrii
1299 2545 1394 2609 liber-

120 2650 191 2712 tate
212 2645 354 2728 notavit,
388 2643 444 2708 illa
472 2646 644 2729 sentimus,
679 2667 761 2730 quae
789 2645 989 2731 praedictum
1010 2645 1141 2709 beatum
1163 2645 1395 2731 Hieronymum

120 2748 243 2813 sentire
266 2746 503 2833 cognoscimus:
526 2750 559 2811 et
580 2770 646 2811 non
669 2748 770 2811 solum
793 2748 831 2812 de
846 2746 965 2812 Rufino
985 2748 1040 2811 sed
1056 2747 1153 2812 etiam
1172 2747 1210 2812 de
1225 2750 1393 2834 universis,

120 2873 201 2935 quos
224 2850 273 2913 vir
295 2848 422 2933 saepius
444 2850 637 2913 memoratus
659 2848 726 2913 zelo
749 2849 809 2914 Dei
838 2852 870 2913 et
897 2848 971 2912 fidei
1000 2848 1154 2934 religione
1177 2850 1392 2935 reprehendit.

207 2952 290 3017 Item
312 2950 464 3035 Origenis
486 2949 642 3015 nonnulla
670 2951 837 3034 opuscula,
874 2973 953 3035 qnae
982 2951 1031 3016 vir
1057 2951 1260 3015 beatissImus
1282 2952 1394 3016 Hiero·

119 3076 238 3138 nymus
259 3043 326 3118 non
347 3053 511 3138 repudiat,
534 3052 672 3138 legenda
694 3053 894 3138 suscipimur,
917 3052 1040 3136 reliqua
1062 3054 1169 3118 autem
1192 3053 1300 3118 omnia
1323 3076 1394 3118 cum

119 3160 252 3222 auctore
275 3177 332 3220 suo
354 3155 488 3220 dicimus
512 3155 685 3219 renuenda.

206 3258 288 3323 Item
306 3257 464 3323 Chronica
480 3257 612 3321 Eusebii
628 3255 843 3322 Caesariensis
859 3259 954 3341 atque
971 3256 1112 3340 ejusdem
1127 3255 1279 3320 historiae
1295 3256 1393 3321 eccle·

119 3361 272 3427 siasticae
293 3359 402 3444 libros,
426 3359 570 3444 quamvis
592 3360 626 3423 in
648 3358 751 3443 primo
774 3359 969 3423 narrationis
992 3379 1067 3422 suae
1089 3357 1172 3423 libro
1187 3358 1337 3442 tepuerit,
1361 3362 1394 3423 et
1490 3357 1497 3373 ⁸

119 3467 196 3549 post
218 3463 252 3526 in
273 3462 419 3526 laudibus
443 3465 539 3546 atque
568 3461 771 3527 excusatione
795 3461 945 3546 Origenis
973 3459 1170 3526 schismatici
1198 3482 1297 3523 unum
1320 3484 1393 3525 con-

118 3564 287 3650 scripserit
308 3563 442 3646 librum‚
471 3567 603 3649 propter
625 3586 731 3628 rerum
752 3567 862 3627 tamen
889 3562 1088 3648 singularum
1116 3562 1280 3646 notitiam,
1312 3585 1392 3647 quae
1473 3583 1476 3589 “

119 3668 162 3732 ad
185 3665 431 3731 instructionem
452 3666 635 3750 pertinent,
659 3686 883 3751 usquequaque
905 3686 971 3729 non
994 3664 1127 3728 dicimus
1150 3664 1340 3728 renuendos.

206 3768 288 3832 Item
312 3768 460 3833 Orosium
482 3768 586 3833 vIrum
608 3768 856 3832 eruditissimum
884 3766 1117 3849 collaudamus,
1147 3767 1200 3850 qui
1222 3766 1315 3830 valde
1337 3791 1392 3830 ne-

119 3871 293 3937 cessariam
315 3871 407 3935 nobis
430 3871 581 3935 adversus
602 3892 803 3956 paganorum
827 3869 1003 3934 calumnias
1030 3868 1191 3933 ordinavit
1212 3868 1390 3952 historiam,

118 3975 264 4059 miraque
286 3973 442 4038 brevitate
465 3973 640 4038 conteruit.

205 4075 288 4140 Item
309 4075 500 4140 venerabilis
528 4074 589 4139 vtri
611 4074 730 4140 Sednlii
759 4096 838 4158 opus
864 4072 1032 4159 paschale,
1066 4072 1150 4156 quod
1177 4071 1312 4136 heroicis
1340 4071 1391 4136 de-

119 4178 251 4263 scripsit
272 4177 432 4260 versibus,
455 4177 579 4262 insigni
600 4177 694 4241 laude
716 4176 936 4261 praeferimus.

206 4279 341 4344 Juvenci
358 4300 481 4364 quoque
503 4278 711 4343 nihilominus
733 4277 926 4342 laboriosum
941 4298 1021 4361 opus
1043 4298 1109 4340 non
1132 4275 1312 4360 spernimus
1335 4275 1390 4338 sed

119 4382 284 4447 miramur.

206 4486 235 4550 7.
272 4483 401 4567 Cetera,
431 4506 511 4569 quae
542 4483 582 4547 ab
610 4482 779 4547 haereticis
807 4481 880 4546 sive·
901 4481 1113 4546 schismaticis
1137 4479 1318 4564 conscripta
1340 4478 1390 4543 vel

118 4586 305 4673 praedicata
327 4590 418 4669 sunt,
457 4585 640 4650 nullatenus
669 4585 783 4669 recipit
806 4583 964 4648 catholica
991 4587 1024 4647 et
1046 4582 1221 4667 apostolica
1243 4581 1390 4645 Romana

119 4689 270 4755 ecclesia:
301 4710 317 4752 e
338 4688 452 4772 quibus
474 4709 593 4772 pauca,
622 4708 702 4770 quae
724 4685 765 4749 ad
787 4686 972 4750 memoriam
994 4687 1153 4750 venerunt
1179 4687 1212 4747 et
1240 4706 1259 4746 a
1282 4682 1390 4747 catho-

117 4791 190 4856 licis
212 4789 345 4854 vitenda
367 4794 459 4875 sunt,
484 4788 673 4854 credidimus
696 4809 765 4852 esse
787 4786 961 4851 subdenda.
