<?xml version="1.0" encoding="UTF-8"?>
<!DOCTYPE html PUBLIC "-//W3C//DTD XHTML 1.0 Transitional//EN"
    "http://www.w3.org/TR/xhtml1/DTD/xhtml1-transitional.dtd">
<html xmlns="http://www.w3.org/1999/xhtml" xml:lang="en" lang="en">
 <head>
  <title>
</title>
<meta http-equiv="Content-Type" content="text/html;charset=utf-8" />
  <meta name='ocr-system' content='tesseract 3.04.00' />
  <meta name='ocr-capabilities' content='ocr_page ocr_carea ocr_par ocr_line ocrx_word'/>
</head>
<body>
  <div class='ocr_page' id='page_1' title='image "./epistolaeromano00thiegoog/epistolaeromano00thiegoog_0750.png"; bbox 0 0 3204 5506; ppageno 0'>
   <div class='ocr_carea' id='block_1_1' title="bbox 510 357 1265 424">
    <p class='ocr_par' dir='ltr' id='par_1_1' title="bbox 510 357 1265 424">
     <span class='ocr_line' id='line_1_1' title="bbox 510 357 1265 424; baseline 0.012 -9"><span class='ocrx_word' id='word_1_1' title='bbox 510 368 681 419; x_wconf 75' lang='lat' dir='ltr'><strong>nrrsroua</strong></span> <span class='ocrx_word' id='word_1_2' title='bbox 706 361 754 418; x_wconf 87' lang='lat'><strong>10.</strong></span> <span class='ocrx_word' id='word_1_3' title='bbox 1204 357 1265 424; x_wconf 80' lang='lat'><strong>701</strong></span> 
     </span>
    </p>
   </div>
   <div class='ocr_carea' id='block_1_2' title="bbox 99 521 1470 3542">
    <p class='ocr_par' dir='ltr' id='par_1_2' title="bbox 100 521 1380 917">
     <span class='ocr_line' id='line_1_2' title="bbox 100 521 1361 610; baseline 0.006 -25"><span class='ocrx_word' id='word_1_4' title='bbox 100 540 156 585; x_wconf 80' lang='lat' dir='ltr'><strong>run</strong></span> <span class='ocrx_word' id='word_1_5' title='bbox 176 541 196 583; x_wconf 86' lang='lat' dir='ltr'><strong>a</strong></span> <span class='ocrx_word' id='word_1_6' title='bbox 217 541 269 583; x_wconf 90' lang='lat' dir='ltr'><strong>me</strong></span> <span class='ocrx_word' id='word_1_7' title='bbox 290 521 482 603; x_wconf 73' lang='lat' dir='ltr'><strong>remittitur,</strong></span> <span class='ocrx_word' id='word_1_8' title='bbox 510 524 638 585; x_wconf 90' lang='lat' dir='ltr'><strong>tantum</strong></span> <span class='ocrx_word' id='word_1_9' title='bbox 665 545 684 586; x_wconf 90' lang='lat' dir='ltr'><strong>a</strong></span> <span class='ocrx_word' id='word_1_10' title='bbox 710 526 744 587; x_wconf 90' lang='lat' dir='ltr'><strong>te</strong></span> <span class='ocrx_word' id='word_1_11' title='bbox 766 523 956 589; x_wconf 76' lang='lat' dir='ltr'><strong>cumulatius</strong></span> <span class='ocrx_word' id='word_1_12' title='bbox 978 524 1137 610; x_wconf 81' lang='lat' dir='ltr'><strong>exigatur.</strong></span> <span class='ocrx_word' id='word_1_13' title='bbox 1182 525 1265 603; x_wconf 80' lang='lat' dir='ltr'><strong>Quid</strong></span> <span class='ocrx_word' id='word_1_14' title='bbox 1284 542 1361 609; x_wconf 82' lang='lat' dir='ltr'><strong>(post</strong></span> 
     </span>
     <span class='ocr_line' id='line_1_3' title="bbox 108 612 1380 731; baseline 0.006 -44"><span class='ocrx_word' id='word_1_15' title='bbox 108 619 253 687; x_wconf 87' lang='lat' dir='ltr'><strong>Christus</strong></span> <span class='ocrx_word' id='word_1_16' title='bbox 281 622 368 687; x_wconf 89' lang='lat' dir='ltr'><strong>dieat</strong></span> <span class='ocrx_word' id='word_1_17' title='bbox 395 623 434 687; x_wconf 90' lang='lat' dir='ltr'><strong>de</strong></span> <span class='ocrx_word' id='word_1_18' title='bbox 461 621 528 704; x_wconf 90' lang='lat' dir='ltr'><strong>his,</strong></span> <span class='ocrx_word' id='word_1_19' title='bbox 566 624 620 708; x_wconf 91' lang='lat' dir='ltr'><strong>qui</strong></span> <span class='ocrx_word' id='word_1_20' title='bbox 648 623 697 688; x_wconf 86' lang='lat' dir='ltr'><strong>rel</strong></span> <span class='ocrx_word' id='word_1_21' title='bbox 724 625 892 708; x_wconf 85' lang='lat' dir='ltr'><strong>minimum</strong></span> <span class='ocrx_word' id='word_1_22' title='bbox 920 627 955 692; x_wconf 90' lang='lat' dir='ltr'><strong>in</strong></span> <span class='ocrx_word' id='word_1_23' title='bbox 983 648 1055 692; x_wconf 90' lang='lat' dir='ltr'><strong>eum</strong></span> <span class='ocrx_word' id='word_1_24' title='bbox 1084 627 1266 693; x_wconf 80' lang='lat' dir='ltr'><strong>credentem</strong></span> <span class='ocrx_word' id='word_1_25' title='bbox 1278 612 1380 731; x_wconf 55' lang='lat' dir='ltr'><strong>{iffil</strong></span> 
     </span>
     <span class='ocr_line' id='line_1_4' title="bbox 100 720 1379 812; baseline 0.009 -25"><span class='ocrx_word' id='word_1_26' title='bbox 100 722 298 806; x_wconf 83' lang='lat' dir='ltr'><strong>alizaverint,</strong></span> <span class='ocrx_word' id='word_1_27' title='bbox 322 723 525 809; x_wconf 88' lang='lat' dir='ltr'><strong>evangelium</strong></span> <span class='ocrx_word' id='word_1_28' title='bbox 548 724 678 808; x_wconf 86' lang='lat' dir='ltr'><strong>referat,</strong></span> <span class='ocrx_word' id='word_1_29' title='bbox 702 747 768 790; x_wconf 92' lang='lat' dir='ltr'><strong>non</strong></span> <span class='ocrx_word' id='word_1_30' title='bbox 791 748 862 791; x_wconf 93' lang='lat' dir='ltr'><strong>mea</strong></span> <span class='ocrx_word' id='word_1_31' title='bbox 884 748 960 792; x_wconf 86' lang='lat' dir='ltr'><strong>voce</strong></span> <span class='ocrx_word' id='word_1_32' title='bbox 982 732 1158 812; x_wconf 87' lang='lat' dir='ltr'><strong>promatur.</strong></span> <span class='ocrx_word' id='word_1_33' title='bbox 1292 720 1379 805; x_wconf 67' lang='lat' dir='ltr'><strong>18,ss</strong></span> 
     </span>
     <span class='ocr_line' id='line_1_5' title="bbox 100 823 1267 917; baseline 0.007 -28"><span class='ocrx_word' id='word_1_34' title='bbox 100 863 113 888; x_wconf 91' lang='lat'><strong>·.</strong></span> <span class='ocrx_word' id='word_1_35' title='bbox 151 823 214 890; x_wconf 82' lang='lat' dir='ltr'><strong>Sed</strong></span> <span class='ocrx_word' id='word_1_36' title='bbox 235 823 372 890; x_wconf 85' lang='lat' dir='ltr'><strong>fortasse</strong></span> <span class='ocrx_word' id='word_1_37' title='bbox 394 826 492 908; x_wconf 81' lang='lat' dir='ltr'><strong>dican,</strong></span> <span class='ocrx_word' id='word_1_38' title='bbox 516 825 706 910; x_wconf 85' lang='lat' dir='ltr'><strong>imperator,</strong></span> <span class='ocrx_word' id='word_1_39' title='bbox 729 827 836 912; x_wconf 91' lang='lat' dir='ltr'><strong>potius</strong></span> <span class='ocrx_word' id='word_1_40' title='bbox 857 832 890 893; x_wconf 89' lang='lat' dir='ltr'><strong>te</strong></span> <span class='ocrx_word' id='word_1_41' title='bbox 913 850 981 894; x_wconf 87' lang='lat' dir='ltr'><strong>esse</strong></span> <span class='ocrx_word' id='word_1_42' title='bbox 1003 831 1188 914; x_wconf 88' lang='lat' dir='ltr'><strong>minimum,</strong></span> <span class='ocrx_word' id='word_1_43' title='bbox 1212 832 1267 917; x_wconf 89' lang='lat' dir='ltr'><strong>qui</strong></span> 
     </span>
    </p>

    <p class='ocr_par' dir='ltr' id='par_1_3' title="bbox 100 925 1267 1014">
     <span class='ocr_line' id='line_1_6' title="bbox 100 925 1267 1014; baseline 0.008 -25"><span class='ocrx_word' id='word_1_44' title='bbox 100 948 108 989; x_wconf 83' lang='lat' dir='ltr'><strong>r</strong></span> <span class='ocrx_word' id='word_1_45' title='bbox 130 926 165 991; x_wconf 91' lang='lat' dir='ltr'><strong>in</strong></span> <span class='ocrx_word' id='word_1_46' title='bbox 189 925 332 1009; x_wconf 86' lang='lat' dir='ltr'><strong>Christo,</strong></span> <span class='ocrx_word' id='word_1_47' title='bbox 356 927 448 992; x_wconf 91' lang='lat' dir='ltr'><strong>etde</strong></span> <span class='ocrx_word' id='word_1_48' title='bbox 470 931 503 992; x_wconf 89' lang='lat' dir='ltr'><strong>te</strong></span> <span class='ocrx_word' id='word_1_49' title='bbox 525 927 587 992; x_wconf 90' lang='lat' dir='ltr'><strong>hoo</strong></span> <span class='ocrx_word' id='word_1_50' title='bbox 608 929 726 993; x_wconf 88' lang='lat' dir='ltr'><strong>rectius</strong></span> <span class='ocrx_word' id='word_1_51' title='bbox 749 929 868 1014; x_wconf 87' lang='lat' dir='ltr'><strong>accipi,</strong></span> <span class='ocrx_word' id='word_1_52' title='bbox 892 933 925 995; x_wconf 90' lang='lat' dir='ltr'><strong>et</strong></span> <span class='ocrx_word' id='word_1_53' title='bbox 945 953 997 995; x_wconf 91' lang='lat' dir='ltr'><strong>me</strong></span> <span class='ocrx_word' id='word_1_54' title='bbox 1019 952 1087 996; x_wconf 88' lang='lat' dir='ltr'><strong>esse</strong></span> <span class='ocrx_word' id='word_1_55' title='bbox 1110 933 1267 998; x_wconf 84' lang='lat' dir='ltr'><strong>scandali·</strong></span> 
     </span>
    </p>

    <p class='ocr_par' dir='ltr' id='par_1_4' title="bbox 100 1029 1266 1117">
     <span class='ocr_line' id='line_1_7' title="bbox 100 1029 1266 1117; baseline 0.008 -26"><span class='ocrx_word' id='word_1_56' title='bbox 100 1050 125 1091; x_wconf 92' lang='lat' dir='ltr'><strong>n</strong></span> <span class='ocrx_word' id='word_1_57' title='bbox 147 1030 236 1092; x_wconf 84' lang='lat' dir='ltr'><strong>tunm</strong></span> <span class='ocrx_word' id='word_1_58' title='bbox 258 1029 363 1093; x_wconf 87' lang='lat' dir='ltr'><strong>fidem.</strong></span> <span class='ocrx_word' id='word_1_59' title='bbox 409 1029 554 1094; x_wconf 87' lang='lat' dir='ltr'><strong>Christus</strong></span> <span class='ocrx_word' id='word_1_60' title='bbox 577 1030 685 1114; x_wconf 83' lang='lat' dir='ltr'><strong>itaque</strong></span> <span class='ocrx_word' id='word_1_61' title='bbox 705 1030 792 1095; x_wconf 91' lang='lat' dir='ltr'><strong>Deus</strong></span> <span class='ocrx_word' id='word_1_62' title='bbox 814 1032 971 1098; x_wconf 87' lang='lat' dir='ltr'><strong>veraciter</strong></span> <span class='ocrx_word' id='word_1_63' title='bbox 991 1035 1096 1117; x_wconf 89' lang='lat' dir='ltr'><strong>totus,</strong></span> <span class='ocrx_word' id='word_1_64' title='bbox 1126 1038 1158 1099; x_wconf 89' lang='lat' dir='ltr'><strong>et</strong></span> <span class='ocrx_word' id='word_1_65' title='bbox 1179 1038 1266 1101; x_wconf 91' lang='lat' dir='ltr'><strong>totus</strong></span> 
     </span>
    </p>

    <p class='ocr_par' dir='ltr' id='par_1_5' title="bbox 99 1130 1399 1628">
     <span class='ocr_line' id='line_1_8' title="bbox 114 1130 1266 1220; baseline 0.007 -26"><span class='ocrx_word' id='word_1_66' title='bbox 114 1132 181 1195; x_wconf 88' lang='lat' dir='ltr'><strong>est:</strong></span> <span class='ocrx_word' id='word_1_67' title='bbox 204 1131 251 1194; x_wconf 90' lang='lat' dir='ltr'><strong>sic</strong></span> <span class='ocrx_word' id='word_1_68' title='bbox 274 1134 458 1215; x_wconf 89' lang='lat' dir='ltr'><strong>conceptus,</strong></span> <span class='ocrx_word' id='word_1_69' title='bbox 482 1130 529 1195; x_wconf 89' lang='lat' dir='ltr'><strong>sio</strong></span> <span class='ocrx_word' id='word_1_70' title='bbox 551 1135 756 1197; x_wconf 86' lang='lat' dir='ltr'><strong>conversatus</strong></span> <span class='ocrx_word' id='word_1_71' title='bbox 778 1132 813 1196; x_wconf 92' lang='lat' dir='ltr'><strong>in</strong></span> <span class='ocrx_word' id='word_1_72' title='bbox 836 1133 974 1217; x_wconf 79' lang='lat' dir='ltr'><strong>sacerdo,</strong></span> <span class='ocrx_word' id='word_1_73' title='bbox 1003 1135 1049 1199; x_wconf 92' lang='lat' dir='ltr'><strong>sic</strong></span> <span class='ocrx_word' id='word_1_74' title='bbox 1070 1158 1195 1220; x_wconf 87' lang='lat' dir='ltr'><strong>passus,</strong></span> <span class='ocrx_word' id='word_1_75' title='bbox 1219 1137 1266 1202; x_wconf 90' lang='lat' dir='ltr'><strong>sio</strong></span> 
     </span>
     <span class='ocr_line' id='line_1_9' title="bbox 104 1231 1266 1320; baseline 0.007 -25"><span class='ocrx_word' id='word_1_76' title='bbox 104 1231 237 1315; x_wconf 85' lang='lat' dir='ltr'><strong>inferos,</strong></span> <span class='ocrx_word' id='word_1_77' title='bbox 260 1233 306 1297; x_wconf 93' lang='lat' dir='ltr'><strong>sic</strong></span> <span class='ocrx_word' id='word_1_78' title='bbox 327 1231 545 1315; x_wconf 88' lang='lat' dir='ltr'><strong>resuscitatus,</strong></span> <span class='ocrx_word' id='word_1_79' title='bbox 568 1233 613 1297; x_wconf 92' lang='lat' dir='ltr'><strong>sic</strong></span> <span class='ocrx_word' id='word_1_80' title='bbox 637 1255 709 1298; x_wconf 89' lang='lat' dir='ltr'><strong>eum</strong></span> <span class='ocrx_word' id='word_1_81' title='bbox 724 1233 889 1319; x_wconf 80' lang='lat' dir='ltr'><strong>discipulis</strong></span> <span class='ocrx_word' id='word_1_82' title='bbox 909 1258 1079 1320; x_wconf 88' lang='lat' dir='ltr'><strong>apparens,</strong></span> <span class='ocrx_word' id='word_1_83' title='bbox 1103 1237 1149 1302; x_wconf 91' lang='lat' dir='ltr'><strong>sic</strong></span> <span class='ocrx_word' id='word_1_84' title='bbox 1165 1237 1266 1303; x_wconf 82' lang='lat' dir='ltr'><strong>eleva·</strong></span> 
     </span>
     <span class='ocr_line' id='line_1_10' title="bbox 100 1333 1266 1424; baseline 0.006 -26"><span class='ocrx_word' id='word_1_85' title='bbox 100 1333 269 1416; x_wconf 71' lang='lat' dir='ltr'><strong>incolum,</strong></span> <span class='ocrx_word' id='word_1_86' title='bbox 292 1334 338 1397; x_wconf 92' lang='lat' dir='ltr'><strong>sie</strong></span> <span class='ocrx_word' id='word_1_87' title='bbox 360 1333 474 1398; x_wconf 79' lang='lat' dir='ltr'><strong>exinde</strong></span> <span class='ocrx_word' id='word_1_88' title='bbox 496 1333 600 1398; x_wconf 88' lang='lat' dir='ltr'><strong>dictus</strong></span> <span class='ocrx_word' id='word_1_89' title='bbox 623 1338 762 1400; x_wconf 90' lang='lat' dir='ltr'><strong>estesse</strong></span> <span class='ocrx_word' id='word_1_90' title='bbox 785 1339 954 1420; x_wconf 89' lang='lat' dir='ltr'><strong>venturus,</strong></span> <span class='ocrx_word' id='word_1_91' title='bbox 983 1337 1030 1402; x_wconf 90' lang='lat' dir='ltr'><strong>sic</strong></span> <span class='ocrx_word' id='word_1_92' title='bbox 1053 1337 1208 1424; x_wconf 83' lang='lat' dir='ltr'><strong>hodieque</strong></span> <span class='ocrx_word' id='word_1_93' title='bbox 1230 1341 1266 1405; x_wconf 93' lang='lat' dir='ltr'><strong>in</strong></span> 
     </span>
     <span class='ocr_line' id='line_1_11' title="bbox 99 1435 1399 1528; baseline 0.007 -29"><span class='ocrx_word' id='word_1_94' title='bbox 99 1435 231 1520; x_wconf 81' lang='lat' dir='ltr'><strong>regione</strong></span> <span class='ocrx_word' id='word_1_95' title='bbox 253 1435 414 1519; x_wconf 78' lang='lat' dir='ltr'><strong>persistit,</strong></span> <span class='ocrx_word' id='word_1_96' title='bbox 438 1435 565 1500; x_wconf 83' lang='lat' dir='ltr'><strong>dicente</strong></span> <span class='ocrx_word' id='word_1_97' title='bbox 588 1438 746 1520; x_wconf 87' lang='lat' dir='ltr'><strong>apostolo:</strong></span> <span class='ocrx_word' id='word_1_98' title='bbox 774 1444 812 1502; x_wconf 87' lang='lat' dir='ltr'><strong>ln</strong></span> <span class='ocrx_word' id='word_1_99' title='bbox 835 1460 893 1518; x_wconf 81' lang='lat' dir='ltr'><strong>quo</strong></span> <span class='ocrx_word' id='word_1_100' title='bbox 915 1445 1032 1504; x_wconf 77' lang='lat' dir='ltr'><strong>habitat</strong></span> <span class='ocrx_word' id='word_1_101' title='bbox 1055 1448 1149 1506; x_wconf 79' lang='lat' dir='ltr'><strong>omnis</strong></span> <span class='ocrx_word' id='word_1_102' title='bbox 1166 1449 1265 1522; x_wconf 79' lang='lat' dir='ltr'><strong>pleni·</strong></span> <span class='ocrx_word' id='word_1_103' title='bbox 1278 1460 1399 1528; x_wconf 58' lang='lat' dir='ltr'><strong>Congo,</strong></span> 
     </span>
     <span class='ocr_line' id='line_1_12' title="bbox 100 1538 1265 1628; baseline 0.006 -26"><span class='ocrx_word' id='word_1_104' title='bbox 100 1542 261 1602; x_wconf 57' lang='lat' dir='ltr'><strong>minitoris</strong></span> <span class='ocrx_word' id='word_1_105' title='bbox 274 1545 495 1617; x_wconf 64' lang='lat' dir='ltr'><strong>corporalium</strong></span> <span class='ocrx_word' id='word_1_106' title='bbox 518 1541 551 1601; x_wconf 91' lang='lat' dir='ltr'><strong>et</strong></span> <span class='ocrx_word' id='word_1_107' title='bbox 566 1541 651 1603; x_wconf 87' lang='lat' dir='ltr'><strong>certe</strong></span> <span class='ocrx_word' id='word_1_108' title='bbox 673 1538 712 1602; x_wconf 88' lang='lat' dir='ltr'><strong>de</strong></span> <span class='ocrx_word' id='word_1_109' title='bbox 734 1561 771 1603; x_wconf 89' lang='lat' dir='ltr'><strong>eo</strong></span> <span class='ocrx_word' id='word_1_110' title='bbox 793 1540 881 1623; x_wconf 89' lang='lat' dir='ltr'><strong>dicit,</strong></span> <span class='ocrx_word' id='word_1_111' title='bbox 904 1541 988 1625; x_wconf 88' lang='lat' dir='ltr'><strong>quod</strong></span> <span class='ocrx_word' id='word_1_112' title='bbox 1010 1563 1097 1606; x_wconf 91' lang='lat' dir='ltr'><strong>nunc</strong></span> <span class='ocrx_word' id='word_1_113' title='bbox 1119 1546 1168 1607; x_wconf 92' lang='lat' dir='ltr'><strong>est</strong></span> <span class='ocrx_word' id='word_1_114' title='bbox 1186 1545 1265 1628; x_wconf 91' lang='lat' dir='ltr'><strong>ipse.</strong></span> 
     </span>
    </p>

    <p class='ocr_par' dir='ltr' id='par_1_6' title="bbox 100 1638 1267 1827">
     <span class='ocr_line' id='line_1_13' title="bbox 108 1638 1267 1728; baseline 0.008 -26"><span class='ocrx_word' id='word_1_115' title='bbox 108 1638 164 1702; x_wconf 93' lang='lat' dir='ltr'><strong>ille</strong></span> <span class='ocrx_word' id='word_1_116' title='bbox 186 1642 236 1703; x_wconf 90' lang='lat' dir='ltr'><strong>est</strong></span> <span class='ocrx_word' id='word_1_117' title='bbox 256 1639 422 1721; x_wconf 91' lang='lat' dir='ltr'><strong>minimus,</strong></span> <span class='ocrx_word' id='word_1_118' title='bbox 451 1639 506 1724; x_wconf 93' lang='lat' dir='ltr'><strong>qui</strong></span> <span class='ocrx_word' id='word_1_119' title='bbox 528 1639 573 1703; x_wconf 89' lang='lat' dir='ltr'><strong>sic</strong></span> <span class='ocrx_word' id='word_1_120' title='bbox 596 1640 696 1704; x_wconf 90' lang='lat' dir='ltr'><strong>credit</strong></span> <span class='ocrx_word' id='word_1_121' title='bbox 723 1641 793 1725; x_wconf 79' lang='lat' dir='ltr'><strong>in³)</strong></span> <span class='ocrx_word' id='word_1_122' title='bbox 817 1640 995 1725; x_wconf 86' lang='lat' dir='ltr'><strong>Christum,</strong></span> <span class='ocrx_word' id='word_1_123' title='bbox 1024 1643 1079 1728; x_wconf 87' lang='lat' dir='ltr'><strong>qui</strong></span> <span class='ocrx_word' id='word_1_124' title='bbox 1101 1643 1136 1708; x_wconf 91' lang='lat' dir='ltr'><strong>in</strong></span> <span class='ocrx_word' id='word_1_125' title='bbox 1158 1643 1267 1728; x_wconf 90' lang='lat' dir='ltr'><strong>hujus-</strong></span> 
     </span>
     <span class='ocr_line' id='line_1_14' title="bbox 100 1740 1267 1827; baseline 0.003 -20"><span class='ocrx_word' id='word_1_126' title='bbox 100 1740 263 1807; x_wconf 88' lang='lat' dir='ltr'><strong>Christum</strong></span> <span class='ocrx_word' id='word_1_127' title='bbox 277 1741 388 1824; x_wconf 90' lang='lat' dir='ltr'><strong>credit,</strong></span> <span class='ocrx_word' id='word_1_128' title='bbox 412 1741 466 1825; x_wconf 92' lang='lat' dir='ltr'><strong>qui</strong></span> <span class='ocrx_word' id='word_1_129' title='bbox 487 1741 523 1804; x_wconf 92' lang='lat' dir='ltr'><strong>in</strong></span> <span class='ocrx_word' id='word_1_130' title='bbox 544 1742 708 1827; x_wconf 88' lang='lat' dir='ltr'><strong>integrum</strong></span> <span class='ocrx_word' id='word_1_131' title='bbox 723 1742 885 1808; x_wconf 80' lang='lat' dir='ltr'><strong>Christum</strong></span> <span class='ocrx_word' id='word_1_132' title='bbox 901 1744 1012 1827; x_wconf 91' lang='lat' dir='ltr'><strong>credit,</strong></span> <span class='ocrx_word' id='word_1_133' title='bbox 1035 1746 1150 1811; x_wconf 91' lang='lat' dir='ltr'><strong>nonin</strong></span> <span class='ocrx_word' id='word_1_134' title='bbox 1168 1744 1267 1811; x_wconf 86' lang='lat' dir='ltr'><strong>Semi-</strong></span> 
     </span>
    </p>

    <p class='ocr_par' dir='ltr' id='par_1_7' title="bbox 100 1842 1265 1934">
     <span class='ocr_line' id='line_1_15' title="bbox 100 1842 1265 1934; baseline 0.005 -28"><span class='ocrx_word' id='word_1_135' title='bbox 100 1865 178 1926; x_wconf 85' lang='lat' dir='ltr'><strong>:um,</strong></span> <span class='ocrx_word' id='word_1_136' title='bbox 213 1847 246 1908; x_wconf 92' lang='lat' dir='ltr'><strong>et</strong></span> <span class='ocrx_word' id='word_1_137' title='bbox 275 1844 345 1907; x_wconf 91' lang='lat' dir='ltr'><strong>ideo</strong></span> <span class='ocrx_word' id='word_1_138' title='bbox 373 1863 440 1907; x_wconf 91' lang='lat' dir='ltr'><strong>non</strong></span> <span class='ocrx_word' id='word_1_139' title='bbox 462 1842 640 1926; x_wconf 81' lang='lat' dir='ltr'><strong>Christum,</strong></span> <span class='ocrx_word' id='word_1_140' title='bbox 673 1845 748 1928; x_wconf 86' lang='lat' dir='ltr'><strong>quia</strong></span> <span class='ocrx_word' id='word_1_141' title='bbox 771 1843 916 1910; x_wconf 89' lang='lat' dir='ltr'><strong>Christus</strong></span> <span class='ocrx_word' id='word_1_142' title='bbox 944 1869 1009 1911; x_wconf 95' lang='lat' dir='ltr'><strong>non</strong></span> <span class='ocrx_word' id='word_1_143' title='bbox 1036 1848 1100 1911; x_wconf 88' lang='lat' dir='ltr'><strong>nisi</strong></span> <span class='ocrx_word' id='word_1_144' title='bbox 1127 1847 1265 1934; x_wconf 83' lang='lat' dir='ltr'><strong>integer,</strong></span> 
     </span>
    </p>

    <p class='ocr_par' dir='ltr' id='par_1_8' title="bbox 100 1944 1266 2032">
     <span class='ocr_line' id='line_1_16' title="bbox 100 1944 1266 2032; baseline 0.004 -23"><span class='ocrx_word' id='word_1_145' title='bbox 100 1967 126 2009; x_wconf 70' lang='lat' dir='ltr'><strong>er</strong></span> <span class='ocrx_word' id='word_1_146' title='bbox 153 1947 260 2009; x_wconf 88' lang='lat' dir='ltr'><strong>autem</strong></span> <span class='ocrx_word' id='word_1_147' title='bbox 287 1966 353 2009; x_wconf 93' lang='lat' dir='ltr'><strong>non</strong></span> <span class='ocrx_word' id='word_1_148' title='bbox 380 1944 443 2007; x_wconf 90' lang='lat' dir='ltr'><strong>nisi</strong></span> <span class='ocrx_word' id='word_1_149' title='bbox 470 1944 661 2027; x_wconf 85' lang='lat' dir='ltr'><strong>hujusmodi.</strong></span> <span class='ocrx_word' id='word_1_150' title='bbox 719 1945 767 2010; x_wconf 92' lang='lat' dir='ltr'><strong>De</strong></span> <span class='ocrx_word' id='word_1_151' title='bbox 794 1946 852 2011; x_wconf 91' lang='lat' dir='ltr'><strong>tali</strong></span> <span class='ocrx_word' id='word_1_152' title='bbox 883 1969 959 2032; x_wconf 89' lang='lat' dir='ltr'><strong>ergo</strong></span> <span class='ocrx_word' id='word_1_153' title='bbox 991 1948 1026 2013; x_wconf 89' lang='lat' dir='ltr'><strong>in</strong></span> <span class='ocrx_word' id='word_1_154' title='bbox 1055 1970 1089 2013; x_wconf 89' lang='lat' dir='ltr'><strong>se</strong></span> <span class='ocrx_word' id='word_1_155' title='bbox 1117 1949 1266 2014; x_wconf 80' lang='lat' dir='ltr'><strong>credente</strong></span> 
     </span>
    </p>

    <p class='ocr_par' dir='ltr' id='par_1_9' title="bbox 100 2046 1266 2233">
     <span class='ocr_line' id='line_1_17' title="bbox 120 2046 1266 2133; baseline 0.004 -23"><span class='ocrx_word' id='word_1_156' title='bbox 120 2046 189 2131; x_wconf 89' lang='lat' dir='ltr'><strong>ipse</strong></span> <span class='ocrx_word' id='word_1_157' title='bbox 211 2048 293 2131; x_wconf 81' lang='lat' dir='ltr'><strong>est⁴)</strong></span> <span class='ocrx_word' id='word_1_158' title='bbox 317 2067 393 2131; x_wconf 88' lang='lat' dir='ltr'><strong>ergo</strong></span> <span class='ocrx_word' id='word_1_159' title='bbox 415 2052 553 2111; x_wconf 79' lang='lat' dir='ltr'><strong>minimus</strong></span> <span class='ocrx_word' id='word_1_160' title='bbox 575 2047 643 2129; x_wconf 86' lang='lat' dir='ltr'><strong>ejus</strong></span> <span class='ocrx_word' id='word_1_161' title='bbox 666 2049 698 2110; x_wconf 91' lang='lat' dir='ltr'><strong>et</strong></span> <span class='ocrx_word' id='word_1_162' title='bbox 717 2069 849 2130; x_wconf 71' lang='lat' dir='ltr'><strong>parens,</strong></span> <span class='ocrx_word' id='word_1_163' title='bbox 877 2071 935 2132; x_wconf 89' lang='lat' dir='ltr'><strong>pro</strong></span> <span class='ocrx_word' id='word_1_164' title='bbox 963 2071 1025 2133; x_wconf 93' lang='lat' dir='ltr'><strong>quo</strong></span> <span class='ocrx_word' id='word_1_165' title='bbox 1047 2049 1266 2115; x_wconf 85' lang='lat' dir='ltr'><strong>scandalizato</strong></span> 
     </span>
     <span class='ocr_line' id='line_1_18' title="bbox 100 2126 1170 2233; baseline 0.006 -22"><span class='ocrx_word' id='word_1_166' title='bbox 100 2148 277 2231; x_wconf 87' lang='lat' dir='ltr'><strong>promserit,</strong></span> <span class='ocrx_word' id='word_1_167' title='bbox 300 2147 411 2233; x_wconf 90' lang='lat' dir='ltr'><strong>ipsius,</strong></span> <span class='ocrx_word' id='word_1_168' title='bbox 434 2149 471 2210; x_wconf 90' lang='lat' dir='ltr'><strong>ut</strong></span> <span class='ocrx_word' id='word_1_169' title='bbox 493 2126 613 2212; x_wconf 75' lang='lat' dir='ltr'><strong>dictum</strong></span> <span class='ocrx_word' id='word_1_170' title='bbox 636 2151 694 2230; x_wconf 90' lang='lat' dir='ltr'><strong>est,</strong></span> <span class='ocrx_word' id='word_1_171' title='bbox 718 2147 831 2213; x_wconf 89' lang='lat' dir='ltr'><strong>melius</strong></span> <span class='ocrx_word' id='word_1_172' title='bbox 854 2150 959 2215; x_wconf 90' lang='lat' dir='ltr'><strong>verbis</strong></span> <span class='ocrx_word' id='word_1_173' title='bbox 981 2152 1170 2217; x_wconf 85' lang='lat' dir='ltr'><strong>ostenditur.</strong></span> 
     </span>
    </p>

    <p class='ocr_par' dir='ltr' id='par_1_10' title="bbox 100 2248 1266 2337">
     <span class='ocr_line' id='line_1_19' title="bbox 100 2248 1266 2337; baseline 0.007 -25"><span class='ocrx_word' id='word_1_174' title='bbox 100 2290 113 2313; x_wconf 56' lang='lat'><strong>1.</strong></span> <span class='ocrx_word' id='word_1_175' title='bbox 149 2250 298 2314; x_wconf 80' lang='lat' dir='ltr'><strong>Fortasse</strong></span> <span class='ocrx_word' id='word_1_176' title='bbox 321 2249 419 2330; x_wconf 86' lang='lat' dir='ltr'><strong>dicas,</strong></span> <span class='ocrx_word' id='word_1_177' title='bbox 442 2248 631 2332; x_wconf 83' lang='lat' dir='ltr'><strong>imperator:</strong></span> <span class='ocrx_word' id='word_1_178' title='bbox 655 2249 741 2333; x_wconf 80' lang='lat' dir='ltr'><strong>„Sed</strong></span> <span class='ocrx_word' id='word_1_179' title='bbox 764 2272 825 2336; x_wconf 87' lang='lat' dir='ltr'><strong>ego</strong></span> <span class='ocrx_word' id='word_1_180' title='bbox 846 2273 971 2337; x_wconf 91' lang='lat' dir='ltr'><strong>quoque</strong></span> <span class='ocrx_word' id='word_1_181' title='bbox 993 2252 1091 2318; x_wconf 90' lang='lat' dir='ltr'><strong>talem</strong></span> <span class='ocrx_word' id='word_1_182' title='bbox 1103 2253 1266 2320; x_wconf 86' lang='lat' dir='ltr'><strong>Christum</strong></span> 
     </span>
    </p>

    <p class='ocr_par' dir='ltr' id='par_1_11' title="bbox 100 2351 1264 2441">
     <span class='ocr_line' id='line_1_20' title="bbox 100 2351 1264 2441; baseline 0.005 -26"><span class='ocrx_word' id='word_1_183' title='bbox 100 2402 108 2434; x_wconf 93' lang='lat'><strong>,</strong></span> <span class='ocrx_word' id='word_1_184' title='bbox 133 2355 166 2416; x_wconf 91' lang='lat' dir='ltr'><strong>et</strong></span> <span class='ocrx_word' id='word_1_185' title='bbox 187 2351 257 2415; x_wconf 93' lang='lat' dir='ltr'><strong>ideo</strong></span> <span class='ocrx_word' id='word_1_186' title='bbox 279 2352 364 2416; x_wconf 90' lang='lat' dir='ltr'><strong>inter</strong></span> <span class='ocrx_word' id='word_1_187' title='bbox 387 2351 455 2433; x_wconf 91' lang='lat' dir='ltr'><strong>ejus</strong></span> <span class='ocrx_word' id='word_1_188' title='bbox 477 2351 626 2415; x_wconf 89' lang='lat' dir='ltr'><strong>minimos</strong></span> <span class='ocrx_word' id='word_1_189' title='bbox 644 2352 717 2434; x_wconf 89' lang='lat' dir='ltr'><strong>jure</strong></span> <span class='ocrx_word' id='word_1_190' title='bbox 740 2357 985 2418; x_wconf 89' lang='lat' dir='ltr'><strong>connumeror“.</strong></span> <span class='ocrx_word' id='word_1_191' title='bbox 1029 2351 1102 2420; x_wconf 88' lang='lat' dir='ltr'><strong>Hoc</strong></span> <span class='ocrx_word' id='word_1_192' title='bbox 1124 2356 1264 2441; x_wconf 76' lang='lat' dir='ltr'><strong>gravim,</strong></span> 
     </span>
    </p>

    <p class='ocr_par' dir='ltr' id='par_1_12' title="bbox 102 2451 1265 2536">
     <span class='ocr_line' id='line_1_21' title="bbox 102 2451 1265 2536; baseline 0.005 -19"><span class='ocrx_word' id='word_1_193' title='bbox 102 2453 200 2518; x_wconf 90' lang='lat' dir='ltr'><strong>talem</strong></span> <span class='ocrx_word' id='word_1_194' title='bbox 223 2453 341 2536; x_wconf 88' lang='lat' dir='ltr'><strong>credis,</strong></span> <span class='ocrx_word' id='word_1_195' title='bbox 373 2455 406 2517; x_wconf 92' lang='lat' dir='ltr'><strong>et</strong></span> <span class='ocrx_word' id='word_1_196' title='bbox 426 2451 525 2517; x_wconf 88' lang='lat' dir='ltr'><strong>talem</strong></span> <span class='ocrx_word' id='word_1_197' title='bbox 546 2475 612 2516; x_wconf 90' lang='lat' dir='ltr'><strong>non</strong></span> <span class='ocrx_word' id='word_1_198' title='bbox 636 2453 838 2519; x_wconf 86' lang='lat' dir='ltr'><strong>credentibus</strong></span> <span class='ocrx_word' id='word_1_199' title='bbox 868 2453 1089 2521; x_wconf 79' lang='lat' dir='ltr'><strong>communione</strong></span> <span class='ocrx_word' id='word_1_200' title='bbox 1112 2458 1265 2524; x_wconf 88' lang='lat' dir='ltr'><strong>misceris.</strong></span> 
     </span>
    </p>

    <p class='ocr_par' dir='ltr' id='par_1_13' title="bbox 100 2552 1356 2926">
     <span class='ocr_line' id='line_1_22' title="bbox 100 2552 1356 2673; baseline 0.009 -57"><span class='ocrx_word' id='word_1_201' title='bbox 100 2563 184 2620; x_wconf 75' lang='lat' dir='ltr'><strong>:olum</strong></span> <span class='ocrx_word' id='word_1_202' title='bbox 206 2564 299 2633; x_wconf 75' lang='lat' dir='ltr'><strong>enirn,</strong></span> <span class='ocrx_word' id='word_1_203' title='bbox 323 2555 429 2639; x_wconf 90' lang='lat' dir='ltr'><strong>inquit</strong></span> <span class='ocrx_word' id='word_1_204' title='bbox 451 2555 622 2639; x_wconf 88' lang='lat' dir='ltr'><strong>apostolus,</strong></span> <span class='ocrx_word' id='word_1_205' title='bbox 646 2564 699 2634; x_wconf 80' lang='lat' dir='ltr'><strong>qni</strong></span> <span class='ocrx_word' id='word_1_206' title='bbox 716 2559 856 2634; x_wconf 80' lang='lat' dir='ltr'><strong>fuciunt,</strong></span> <span class='ocrx_word' id='word_1_207' title='bbox 881 2563 934 2621; x_wconf 81' lang='lat' dir='ltr'><strong>sed</strong></span> <span class='ocrx_word' id='word_1_208' title='bbox 956 2569 985 2621; x_wconf 81' lang='lat' dir='ltr'><strong>et</strong></span> <span class='ocrx_word' id='word_1_209' title='bbox 1007 2566 1060 2638; x_wconf 80' lang='lat' dir='ltr'><strong>qui</strong></span> <span class='ocrx_word' id='word_1_210' title='bbox 1079 2552 1356 2673; x_wconf 49' lang='lat' dir='ltr'><strong>comentimtffqg·</strong></span> 
     </span>
     <span class='ocr_line' id='line_1_23' title="bbox 100 2657 1355 2727; baseline 0.008 -12"><span class='ocrx_word' id='word_1_211' title='bbox 100 2663 190 2722; x_wconf 76' lang='lat' dir='ltr'><strong>nous.</strong></span> <span class='ocrx_word' id='word_1_212' title='bbox 226 2659 279 2721; x_wconf 86' lang='lat' dir='ltr'><strong>An</strong></span> <span class='ocrx_word' id='word_1_213' title='bbox 302 2657 537 2721; x_wconf 88' lang='lat' dir='ltr'><strong>communicare</strong></span> <span class='ocrx_word' id='word_1_214' title='bbox 559 2677 625 2720; x_wconf 92' lang='lat' dir='ltr'><strong>non</strong></span> <span class='ocrx_word' id='word_1_215' title='bbox 648 2660 697 2721; x_wconf 90' lang='lat' dir='ltr'><strong>est</strong></span> <span class='ocrx_word' id='word_1_216' title='bbox 719 2658 899 2722; x_wconf 86' lang='lat' dir='ltr'><strong>consentire</strong></span> <span class='ocrx_word' id='word_1_217' title='bbox 923 2681 994 2723; x_wconf 90' lang='lat' dir='ltr'><strong>cum</strong></span> <span class='ocrx_word' id='word_1_218' title='bbox 1015 2659 1158 2726; x_wconf 81' lang='lat' dir='ltr'><strong>talibus?</strong></span> <span class='ocrx_word' id='word_1_219' title='bbox 1190 2661 1266 2727; x_wconf 91' lang='lat' dir='ltr'><strong>Pro·</strong></span> <span class='ocrx_word' id='word_1_220' title='bbox 1302 2659 1320 2684; x_wconf 81' lang='lat'><strong>‘&#39;</strong></span> <span class='ocrx_word' id='word_1_221' title='bbox 1350 2664 1355 2674; x_wconf 86' lang='lat'>&#39;</span> 
     </span>
     <span class='ocr_line' id='line_1_24' title="bbox 100 2759 1264 2847; baseline 0.005 -23"><span class='ocrx_word' id='word_1_222' title='bbox 100 2763 150 2824; x_wconf 83' lang='lat' dir='ltr'><strong>aut</strong></span> <span class='ocrx_word' id='word_1_223' title='bbox 172 2760 249 2824; x_wconf 91' lang='lat' dir='ltr'><strong>doce</strong></span> <span class='ocrx_word' id='word_1_224' title='bbox 271 2759 385 2841; x_wconf 79' lang='lat' dir='ltr'><strong>tales⁵)</strong></span> <span class='ocrx_word' id='word_1_225' title='bbox 409 2780 475 2822; x_wconf 92' lang='lat' dir='ltr'><strong>non</strong></span> <span class='ocrx_word' id='word_1_226' title='bbox 498 2781 581 2841; x_wconf 91' lang='lat' dir='ltr'><strong>esse,</strong></span> <span class='ocrx_word' id='word_1_227' title='bbox 612 2763 668 2823; x_wconf 85' lang='lat' dir='ltr'><strong>aut</strong></span> <span class='ocrx_word' id='word_1_228' title='bbox 696 2759 791 2845; x_wconf 91' lang='lat' dir='ltr'><strong>longe</strong></span> <span class='ocrx_word' id='word_1_229' title='bbox 818 2761 964 2845; x_wconf 88' lang='lat' dir='ltr'><strong>gravius,</strong></span> <span class='ocrx_word' id='word_1_230' title='bbox 993 2765 1030 2826; x_wconf 92' lang='lat' dir='ltr'><strong>ut</strong></span> <span class='ocrx_word' id='word_1_231' title='bbox 1057 2762 1178 2830; x_wconf 87' lang='lat' dir='ltr'><strong>dictum</strong></span> <span class='ocrx_word' id='word_1_232' title='bbox 1206 2767 1264 2847; x_wconf 91' lang='lat' dir='ltr'><strong>est,</strong></span> 
     </span>
     <span class='ocr_line' id='line_1_25' title="bbox 100 2861 763 2926; baseline 0.003 -2"><span class='ocrx_word' id='word_1_233' title='bbox 100 2864 244 2926; x_wconf 76' lang='lat' dir='ltr'><strong>anetam</strong></span> <span class='ocrx_word' id='word_1_234' title='bbox 266 2861 327 2924; x_wconf 93' lang='lat' dir='ltr'><strong>sibi</strong></span> <span class='ocrx_word' id='word_1_235' title='bbox 350 2861 411 2925; x_wconf 90' lang='lat' dir='ltr'><strong>erit</strong></span> <span class='ocrx_word' id='word_1_236' title='bbox 433 2861 563 2924; x_wconf 89' lang='lat' dir='ltr'><strong>tendere</strong></span> <span class='ocrx_word' id='word_1_237' title='bbox 585 2861 763 2926; x_wconf 85' lang='lat' dir='ltr'><strong>veritatem.</strong></span> 
     </span>
    </p>

    <p class='ocr_par' dir='ltr' id='par_1_14' title="bbox 100 2961 1470 3542">
     <span class='ocr_line' id='line_1_26' title="bbox 100 2961 1345 3049; baseline 0.007 -26"><span class='ocrx_word' id='word_1_238' title='bbox 100 2986 114 3026; x_wconf 66' lang='lat' dir='ltr'><strong>r.</strong></span> <span class='ocrx_word' id='word_1_239' title='bbox 153 2961 370 3028; x_wconf 83' lang='lat' dir='ltr'><strong>Contumelias</strong></span> <span class='ocrx_word' id='word_1_240' title='bbox 392 2962 493 3047; x_wconf 86' lang='lat' dir='ltr'><strong>igitur</strong></span> <span class='ocrx_word' id='word_1_241' title='bbox 499 3012 508 3045; x_wconf 93' lang='lat'><strong>,</strong></span> <span class='ocrx_word' id='word_1_242' title='bbox 538 2963 728 3047; x_wconf 90' lang='lat' dir='ltr'><strong>imperator,</strong></span> <span class='ocrx_word' id='word_1_243' title='bbox 762 2985 841 3048; x_wconf 89' lang='lat' dir='ltr'><strong>quas</strong></span> <span class='ocrx_word' id='word_1_244' title='bbox 869 2964 904 3028; x_wconf 91' lang='lat' dir='ltr'><strong>in</strong></span> <span class='ocrx_word' id='word_1_245' title='bbox 931 2986 1035 3029; x_wconf 87' lang='lat' dir='ltr'><strong>meam</strong></span> <span class='ocrx_word' id='word_1_246' title='bbox 1057 2966 1265 3049; x_wconf 87' lang='lat' dir='ltr'><strong>proferendas</strong></span> <span class='ocrx_word' id='word_1_247' title='bbox 1342 2987 1345 2991; x_wconf 81' lang='lat'>·</span> 
     </span>
     <span class='ocr_line' id='line_1_27' title="bbox 116 3064 1407 3184; baseline 0.003 -54"><span class='ocrx_word' id='word_1_248' title='bbox 116 3087 184 3130; x_wconf 89' lang='lat' dir='ltr'><strong>esse</strong></span> <span class='ocrx_word' id='word_1_249' title='bbox 206 3086 386 3150; x_wconf 85' lang='lat' dir='ltr'><strong>personam,</strong></span> <span class='ocrx_word' id='word_1_250' title='bbox 410 3065 535 3128; x_wconf 87' lang='lat' dir='ltr'><strong>utinam</strong></span> <span class='ocrx_word' id='word_1_251' title='bbox 557 3086 652 3149; x_wconf 87' lang='lat' dir='ltr'><strong>quam</strong></span> <span class='ocrx_word' id='word_1_252' title='bbox 674 3064 753 3129; x_wconf 91' lang='lat' dir='ltr'><strong>mihi</strong></span> <span class='ocrx_word' id='word_1_253' title='bbox 775 3064 932 3150; x_wconf 85' lang='lat' dir='ltr'><strong>gloriosae</strong></span> <span class='ocrx_word' id='word_1_254' title='bbox 955 3071 1041 3151; x_wconf 91' lang='lat' dir='ltr'><strong>sunt,</strong></span> <span class='ocrx_word' id='word_1_255' title='bbox 1070 3068 1117 3132; x_wconf 92' lang='lat' dir='ltr'><strong>ita</strong></span> <span class='ocrx_word' id='word_1_256' title='bbox 1138 3072 1171 3133; x_wconf 92' lang='lat' dir='ltr'><strong>te</strong></span> <span class='ocrx_word' id='word_1_257' title='bbox 1193 3090 1407 3184; x_wconf 37' lang='grc' dir='ltr'><strong>ενα-111848</strong></span> 
     </span>
     <span class='ocr_line' id='line_1_28' title="bbox 102 3149 1470 3253; baseline 0.004 -22"><span class='ocrx_word' id='word_1_258' title='bbox 102 3189 167 3232; x_wconf 91' lang='lat' dir='ltr'><strong>non</strong></span> <span class='ocrx_word' id='word_1_259' title='bbox 195 3168 341 3251; x_wconf 88' lang='lat' dir='ltr'><strong>possent!</strong></span> <span class='ocrx_word' id='word_1_260' title='bbox 387 3165 524 3230; x_wconf 91' lang='lat' dir='ltr'><strong>Domino</strong></span> <span class='ocrx_word' id='word_1_261' title='bbox 551 3188 621 3230; x_wconf 93' lang='lat' dir='ltr'><strong>meo</strong></span> <span class='ocrx_word' id='word_1_262' title='bbox 649 3166 769 3231; x_wconf 88' lang='lat' dir='ltr'><strong>dictum</strong></span> <span class='ocrx_word' id='word_1_263' title='bbox 797 3171 845 3231; x_wconf 90' lang='lat' dir='ltr'><strong>est</strong></span> <span class='ocrx_word' id='word_1_264' title='bbox 873 3168 1118 3253; x_wconf 84' lang='lat' dir='ltr'><strong>aquibusdam:</strong></span> <span class='ocrx_word' id='word_1_265' title='bbox 1141 3175 1266 3236; x_wconf 78' lang='lat' dir='ltr'><strong>Bacmo</strong></span> <span class='ocrx_word' id='word_1_266' title='bbox 1279 3149 1378 3253; x_wconf 50' lang='lat' dir='ltr'><strong>13,stss</strong></span> <span class='ocrx_word' id='word_1_267' title='bbox 1410 3175 1414 3185; x_wconf 92' lang='lat'>&#39;</span> <span class='ocrx_word' id='word_1_268' title='bbox 1462 3212 1470 3236; x_wconf 60' lang='lat' dir='ltr'><em>a</em></span> 
     </span>
     <span class='ocr_line' id='line_1_29' title="bbox 105 3269 1377 3356; baseline 0.004 -23"><span class='ocrx_word' id='word_1_269' title='bbox 105 3275 204 3347; x_wconf 79' lang='lat' dir='ltr'><strong>tobes,</strong></span> <span class='ocrx_word' id='word_1_270' title='bbox 230 3281 361 3346; x_wconf 80' lang='lat' dir='ltr'><strong>vorator,</strong></span> <span class='ocrx_word' id='word_1_271' title='bbox 387 3275 424 3332; x_wconf 80' lang='lat' dir='ltr'><strong>de</strong></span> <span class='ocrx_word' id='word_1_272' title='bbox 437 3272 646 3345; x_wconf 77' lang='lat' dir='ltr'><strong>fornicatione</strong></span> <span class='ocrx_word' id='word_1_273' title='bbox 667 3281 772 3342; x_wconf 49' lang='lat' dir='ltr'><strong>oneror</strong></span> <span class='ocrx_word' id='word_1_274' title='bbox 796 3272 829 3332; x_wconf 92' lang='lat' dir='ltr'><strong>et</strong></span> <span class='ocrx_word' id='word_1_275' title='bbox 843 3272 949 3353; x_wconf 87' lang='lat' dir='ltr'><strong>putas,</strong></span> <span class='ocrx_word' id='word_1_276' title='bbox 966 3269 1041 3354; x_wconf 88' lang='lat' dir='ltr'><strong>quie</strong></span> <span class='ocrx_word' id='word_1_277' title='bbox 1058 3293 1117 3356; x_wconf 89' lang='lat' dir='ltr'><strong>ego</strong></span> <span class='ocrx_word' id='word_1_278' title='bbox 1132 3271 1266 3337; x_wconf 88' lang='lat' dir='ltr'><strong>debeam</strong></span> <span class='ocrx_word' id='word_1_279' title='bbox 1284 3273 1324 3331; x_wconf 71' lang='lat'><strong>¹¹»</strong></span> <span class='ocrx_word' id='word_1_280' title='bbox 1339 3274 1377 3320; x_wconf 69' lang='grc'><strong>19·</strong></span> 
     </span>
     <span class='ocr_line' id='line_1_30' title="bbox 107 3369 1264 3459; baseline 0.004 -25"><span class='ocrx_word' id='word_1_281' title='bbox 107 3369 235 3435; x_wconf 84' lang='lat' dir='ltr'><strong>dolere?</strong></span> <span class='ocrx_word' id='word_1_282' title='bbox 278 3369 380 3445; x_wconf 83' lang='lat' dir='ltr'><strong>Quam</strong></span> <span class='ocrx_word' id='word_1_283' title='bbox 408 3371 486 3434; x_wconf 90' lang='lat' dir='ltr'><strong>talia</strong></span> <span class='ocrx_word' id='word_1_284' title='bbox 513 3370 689 3454; x_wconf 90' lang='lat' dir='ltr'><strong>proferenti</strong></span> <span class='ocrx_word' id='word_1_285' title='bbox 719 3373 846 3434; x_wconf 87' lang='lat' dir='ltr'><strong>cantum</strong></span> <span class='ocrx_word' id='word_1_286' title='bbox 869 3373 919 3435; x_wconf 91' lang='lat' dir='ltr'><strong>est</strong></span> <span class='ocrx_word' id='word_1_287' title='bbox 946 3375 979 3435; x_wconf 92' lang='lat' dir='ltr'><strong>et</strong></span> <span class='ocrx_word' id='word_1_288' title='bbox 1001 3372 1116 3437; x_wconf 86' lang='lat' dir='ltr'><strong>divinis</strong></span> <span class='ocrx_word' id='word_1_289' title='bbox 1138 3373 1264 3459; x_wconf 89' lang='lat' dir='ltr'><strong>legibus</strong></span> 
     </span>
     <span class='ocr_line' id='line_1_31' title="bbox 100 3469 1376 3542; baseline 0.005 -6"><span class='ocrx_word' id='word_1_290' title='bbox 100 3473 219 3537; x_wconf 88' lang='lat' dir='ltr'><strong>manis!</strong></span> <span class='ocrx_word' id='word_1_291' title='bbox 264 3478 303 3537; x_wconf 82' lang='lat' dir='ltr'><strong>ln</strong></span> <span class='ocrx_word' id='word_1_292' title='bbox 330 3494 383 3536; x_wconf 88' lang='lat' dir='ltr'><strong>ore</strong></span> <span class='ocrx_word' id='word_1_293' title='bbox 412 3479 540 3537; x_wconf 80' lang='lat' dir='ltr'><strong>duorum</strong></span> <span class='ocrx_word' id='word_1_294' title='bbox 569 3484 622 3536; x_wconf 80' lang='lat' dir='ltr'><strong>out</strong></span> <span class='ocrx_word' id='word_1_295' title='bbox 649 3480 736 3537; x_wconf 77' lang='lat' dir='ltr'><strong>trium</strong></span> <span class='ocrx_word' id='word_1_296' title='bbox 764 3481 880 3537; x_wconf 80' lang='lat' dir='ltr'><strong>testium</strong></span> <span class='ocrx_word' id='word_1_297' title='bbox 908 3479 999 3540; x_wconf 75' lang='lat' dir='ltr'><strong>stobi!</strong></span> <span class='ocrx_word' id='word_1_298' title='bbox 1026 3496 1112 3539; x_wconf 86' lang='lat' dir='ltr'><strong>omne</strong></span> <span class='ocrx_word' id='word_1_299' title='bbox 1134 3482 1263 3542; x_wconf 78' lang='lat' dir='ltr'><strong>verbane.</strong></span> <span class='ocrx_word' id='word_1_300' title='bbox 1277 3469 1376 3523; x_wconf 60' lang='lat' dir='ltr'><strong>Mesth-</strong></span> 
     </span>
    </p>
   </div>
   <div class='ocr_carea' id='block_1_3' title="bbox 100 3543 1371 3660">
    <p class='ocr_par' dir='ltr' id='par_1_15' title="bbox 100 3543 1371 3660">
     <span class='ocr_line' id='line_1_32' title="bbox 100 3543 1371 3660; baseline -0.001 -21"><span class='ocrx_word' id='word_1_301' title='bbox 100 3628 101 3640; x_wconf 69' lang='grc'>,</span> <span class='ocrx_word' id='word_1_302' title='bbox 129 3597 226 3660; x_wconf 91' lang='lat' dir='ltr'><strong>quum</strong></span> <span class='ocrx_word' id='word_1_303' title='bbox 248 3578 281 3639; x_wconf 91' lang='lat' dir='ltr'><strong>ct</strong></span> <span class='ocrx_word' id='word_1_304' title='bbox 302 3573 443 3638; x_wconf 86' lang='lat' dir='ltr'><strong>humano</strong></span> <span class='ocrx_word' id='word_1_305' title='bbox 471 3578 503 3638; x_wconf 92' lang='lat' dir='ltr'><strong>et</strong></span> <span class='ocrx_word' id='word_1_306' title='bbox 512 3575 537 3659; x_wconf 77' lang='grc'><strong>6)</strong></span> <span class='ocrx_word' id='word_1_307' title='bbox 562 3596 632 3638; x_wconf 91' lang='lat' dir='ltr'><strong>cum</strong></span> <span class='ocrx_word' id='word_1_308' title='bbox 660 3574 800 3639; x_wconf 86' lang='lat' dir='ltr'><strong>humano</strong></span> <span class='ocrx_word' id='word_1_309' title='bbox 828 3577 1011 3640; x_wconf 85' lang='lat' dir='ltr'><strong>examinata</strong></span> <span class='ocrx_word' id='word_1_310' title='bbox 1034 3576 1156 3660; x_wconf 87' lang='lat' dir='ltr'><strong>judicio</strong></span> <span class='ocrx_word' id='word_1_311' title='bbox 1183 3543 1371 3642; x_wconf 65' lang='lat' dir='ltr'><strong>felsa13’¹⁶&#39;</strong></span> 
     </span>
    </p>
   </div>
   <div class='ocr_carea' id='block_1_4' title="bbox 100 3811 1266 4988">
    <p class='ocr_par' dir='ltr' id='par_1_16' title="bbox 102 3811 1266 3953">
     <span class='ocr_line' id='line_1_33' title="bbox 108 3811 1266 3881; baseline 0.004 -15"><span class='ocrx_word' id='word_1_312' title='bbox 108 3812 150 3868; x_wconf 90' lang='lat' dir='ltr'><strong>lta</strong></span> <span class='ocrx_word' id='word_1_313' title='bbox 167 3813 304 3878; x_wconf 80' lang='lat' dir='ltr'><strong>Crimen,</strong></span> <span class='ocrx_word' id='word_1_314' title='bbox 327 3811 466 3879; x_wconf 89' lang='lat' dir='ltr'><strong>quomodo</strong></span> <span class='ocrx_word' id='word_1_315' title='bbox 489 3813 518 3866; x_wconf 91' lang='lat' dir='ltr'><strong>et</strong></span> <span class='ocrx_word' id='word_1_316' title='bbox 539 3812 706 3881; x_wconf 85' lang='lat' dir='ltr'><strong>Agebardus</strong></span> <span class='ocrx_word' id='word_1_317' title='bbox 728 3811 806 3881; x_wconf 87' lang='lat' dir='ltr'><strong>legit.</strong></span> <span class='ocrx_word' id='word_1_318' title='bbox 846 3815 884 3867; x_wconf 82' lang='lat' dir='ltr'><strong>ht</strong></span> <span class='ocrx_word' id='word_1_319' title='bbox 905 3812 974 3867; x_wconf 87' lang='lat' dir='ltr'><strong>editi</strong></span> <span class='ocrx_word' id='word_1_320' title='bbox 995 3819 1021 3868; x_wconf 78' lang='lat' dir='ltr'><strong>in</strong></span> <span class='ocrx_word' id='word_1_321' title='bbox 1040 3818 1171 3870; x_wconf 70' lang='lat' dir='ltr'><strong>Christum.</strong></span> <span class='ocrx_word' id='word_1_322' title='bbox 1212 3820 1266 3871; x_wconf 79' lang='lat' dir='ltr'><strong>Sed</strong></span> 
     </span>
     <span class='ocr_line' id='line_1_34' title="bbox 102 3903 435 3953; baseline 0.003 -1"><span class='ocrx_word' id='word_1_323' title='bbox 102 3904 143 3952; x_wconf 85' lang='lat' dir='ltr'><strong>odi</strong></span> <span class='ocrx_word' id='word_1_324' title='bbox 158 3904 184 3951; x_wconf 82' lang='lat' dir='ltr'><strong>in</strong></span> <span class='ocrx_word' id='word_1_325' title='bbox 204 3903 326 3952; x_wconf 76' lang='lat' dir='ltr'><strong>Christum</strong></span> <span class='ocrx_word' id='word_1_326' title='bbox 345 3903 435 3953; x_wconf 79' lang='lat' dir='ltr'><strong>credit.</strong></span> 
     </span>
    </p>

    <p class='ocr_par' dir='ltr' id='par_1_17' title="bbox 100 3982 1266 4222">
     <span class='ocr_line' id='line_1_35' title="bbox 108 3982 1264 4055; baseline 0.005 -20"><span class='ocrx_word' id='word_1_327' title='bbox 108 3982 181 4036; x_wconf 79' lang='lat' dir='ltr'><strong>Editr‘</strong></span> <span class='ocrx_word' id='word_1_328' title='bbox 198 3989 254 4051; x_wconf 82' lang='lat' dir='ltr'><strong>ipse</strong></span> <span class='ocrx_word' id='word_1_329' title='bbox 271 3989 362 4036; x_wconf 83' lang='lat' dir='ltr'><strong>etenim</strong></span> <span class='ocrx_word' id='word_1_330' title='bbox 379 3988 490 4036; x_wconf 82' lang='lat' dir='ltr'><strong>minimus</strong></span> <span class='ocrx_word' id='word_1_331' title='bbox 508 3989 565 4049; x_wconf 83' lang='lat' dir='ltr'><strong>ejus</strong></span> <span class='ocrx_word' id='word_1_332' title='bbox 583 3993 608 4036; x_wconf 78' lang='lat' dir='ltr'><strong>et</strong></span> <span class='ocrx_word' id='word_1_333' title='bbox 623 4003 719 4050; x_wconf 80' lang='lat' dir='ltr'><strong>parvus</strong></span> <span class='ocrx_word' id='word_1_334' title='bbox 737 3995 782 4045; x_wconf 79' lang='lat' dir='ltr'><strong>est,</strong></span> <span class='ocrx_word' id='word_1_335' title='bbox 800 4003 849 4051; x_wconf 85' lang='lat' dir='ltr'><strong>pro</strong></span> <span class='ocrx_word' id='word_1_336' title='bbox 868 4004 916 4054; x_wconf 80' lang='lat' dir='ltr'><strong>quo</strong></span> <span class='ocrx_word' id='word_1_337' title='bbox 933 3990 1108 4040; x_wconf 78' lang='lat' dir='ltr'><strong>scandalizato</strong></span> <span class='ocrx_word' id='word_1_338' title='bbox 1126 3991 1188 4055; x_wconf 77' lang='lat' dir='ltr'><strong>quid</strong></span> <span class='ocrx_word' id='word_1_339' title='bbox 1204 4007 1264 4053; x_wconf 79' lang='lat' dir='ltr'><strong>pro·</strong></span> 
     </span>
     <span class='ocr_line' id='line_1_36' title="bbox 103 4066 1266 4136; baseline 0.004 -17"><span class='ocrx_word' id='word_1_340' title='bbox 103 4087 111 4119; x_wconf 93' lang='lat'><strong>.·</strong></span> <span class='ocrx_word' id='word_1_341' title='bbox 133 4068 309 4136; x_wconf 80' lang='lat' dir='ltr'><strong>corrigrmtur</strong></span> <span class='ocrx_word' id='word_1_342' title='bbox 330 4084 363 4121; x_wconf 82' lang='lat' dir='ltr'><strong>cx</strong></span> <span class='ocrx_word' id='word_1_343' title='bbox 383 4066 482 4131; x_wconf 72' lang='lat' dir='ltr'><strong>(irim,</strong></span> <span class='ocrx_word' id='word_1_344' title='bbox 504 4066 557 4120; x_wconf 86' lang='lat' dir='ltr'><strong>nisi</strong></span> <span class='ocrx_word' id='word_1_345' title='bbox 580 4068 656 4134; x_wconf 88' lang='lat' dir='ltr'><strong>quod</strong></span> <span class='ocrx_word' id='word_1_346' title='bbox 677 4067 706 4120; x_wconf 87' lang='lat' dir='ltr'><strong>in</strong></span> <span class='ocrx_word' id='word_1_347' title='bbox 724 4083 758 4122; x_wconf 91' lang='lat' dir='ltr'><strong>eo</strong></span> <span class='ocrx_word' id='word_1_348' title='bbox 776 4066 861 4122; x_wconf 84' lang='lat' dir='ltr'><strong>etiam</strong></span> <span class='ocrx_word' id='word_1_349' title='bbox 878 4069 970 4123; x_wconf 83' lang='lat' dir='ltr'><strong>exstet</strong></span> <span class='ocrx_word' id='word_1_350' title='bbox 985 4074 1145 4136; x_wconf 67' lang='lat' dir='ltr'><strong>promiserin-</strong></span> <span class='ocrx_word' id='word_1_351' title='bbox 1167 4069 1266 4124; x_wconf 82' lang='lat' dir='ltr'><strong>redut</strong></span> 
     </span>
     <span class='ocr_line' id='line_1_37' title="bbox 100 4151 1184 4222; baseline 0.003 -17"><span class='ocrx_word' id='word_1_352' title='bbox 100 4158 135 4205; x_wconf 81' lang='lat' dir='ltr'><strong>rit</strong></span> <span class='ocrx_word' id='word_1_353' title='bbox 153 4153 372 4218; x_wconf 84' lang='lat' dir='ltr'><strong>restitueremus,</strong></span> <span class='ocrx_word' id='word_1_354' title='bbox 390 4154 533 4221; x_wconf 88' lang='lat' dir='ltr'><strong>postrema</strong></span> <span class='ocrx_word' id='word_1_355' title='bbox 549 4152 699 4221; x_wconf 87' lang='lat' dir='ltr'><strong>superioris</strong></span> <span class='ocrx_word' id='word_1_356' title='bbox 715 4151 824 4207; x_wconf 90' lang='lat' dir='ltr'><strong>numeri</strong></span> <span class='ocrx_word' id='word_1_357' title='bbox 841 4158 856 4204; x_wconf 78' lang='lat'><strong>2</strong></span> <span class='ocrx_word' id='word_1_358' title='bbox 874 4152 961 4207; x_wconf 85' lang='lat' dir='ltr'><strong>rerba</strong></span> <span class='ocrx_word' id='word_1_359' title='bbox 978 4156 1184 4222; x_wconf 88' lang='lat' dir='ltr'><strong>persuaserunt.</strong></span> 
     </span>
    </p>

    <p class='ocr_par' dir='ltr' id='par_1_18' title="bbox 100 4235 1265 4392">
     <span class='ocr_line' id='line_1_38' title="bbox 108 4235 1265 4307; baseline 0.003 -16"><span class='ocrx_word' id='word_1_360' title='bbox 108 4238 137 4291; x_wconf 94' lang='lat' dir='ltr'><strong>ln</strong></span> <span class='ocrx_word' id='word_1_361' title='bbox 154 4237 276 4307; x_wconf 84' lang='lat' dir='ltr'><strong>vulgatis</strong></span> <span class='ocrx_word' id='word_1_362' title='bbox 294 4244 366 4292; x_wconf 78' lang='lat' dir='ltr'><strong>alios.</strong></span> <span class='ocrx_word' id='word_1_363' title='bbox 404 4235 568 4292; x_wconf 86' lang='lat' dir='ltr'><strong>Concinnius</strong></span> <span class='ocrx_word' id='word_1_364' title='bbox 585 4236 613 4289; x_wconf 91' lang='lat' dir='ltr'><strong>in</strong></span> <span class='ocrx_word' id='word_1_365' title='bbox 631 4239 726 4290; x_wconf 91' lang='lat' dir='ltr'><strong>nostro</strong></span> <span class='ocrx_word' id='word_1_366' title='bbox 745 4254 795 4290; x_wconf 89' lang='lat' dir='ltr'><strong>ms.</strong></span> <span class='ocrx_word' id='word_1_367' title='bbox 815 4244 886 4299; x_wconf 78' lang='lat' dir='ltr'><strong>tales,</strong></span> <span class='ocrx_word' id='word_1_368' title='bbox 905 4235 958 4292; x_wconf 90' lang='lat' dir='ltr'><strong>hoc</strong></span> <span class='ocrx_word' id='word_1_369' title='bbox 976 4240 1030 4291; x_wconf 87' lang='lat' dir='ltr'><strong>est:</strong></span> <span class='ocrx_word' id='word_1_370' title='bbox 1049 4238 1117 4293; x_wconf 89' lang='lat' dir='ltr'><strong>doce</strong></span> <span class='ocrx_word' id='word_1_371' title='bbox 1130 4255 1177 4294; x_wconf 85' lang='lat' dir='ltr'><strong>eos</strong></span> <span class='ocrx_word' id='word_1_372' title='bbox 1190 4238 1265 4294; x_wconf 85' lang='lat' dir='ltr'><strong>Chri·</strong></span> 
     </span>
     <span class='ocr_line' id='line_1_39' title="bbox 100 4321 679 4392; baseline 0 -16"><span class='ocrx_word' id='word_1_373' title='bbox 100 4324 242 4392; x_wconf 86' lang='lat' dir='ltr'><strong>ntegrum,</strong></span> <span class='ocrx_word' id='word_1_374' title='bbox 259 4339 315 4376; x_wconf 91' lang='lat' dir='ltr'><strong>non</strong></span> <span class='ocrx_word' id='word_1_375' title='bbox 333 4321 540 4376; x_wconf 84' lang='lat' dir='ltr'><strong>Semichristum</strong></span> <span class='ocrx_word' id='word_1_376' title='bbox 558 4321 679 4376; x_wconf 87' lang='lat' dir='ltr'><strong>eredere.</strong></span> 
     </span>
    </p>

    <p class='ocr_par' dir='ltr' id='par_1_19' title="bbox 100 4406 1265 4988">
     <span class='ocr_line' id='line_1_40' title="bbox 107 4406 1264 4476; baseline 0.003 -15"><span class='ocrx_word' id='word_1_377' title='bbox 107 4407 206 4464; x_wconf 82' lang='lat' dir='ltr'><strong>Baton.</strong></span> <span class='ocrx_word' id='word_1_378' title='bbox 224 4424 280 4461; x_wconf 91' lang='lat' dir='ltr'><strong>non</strong></span> <span class='ocrx_word' id='word_1_379' title='bbox 303 4407 406 4476; x_wconf 87' lang='lat' dir='ltr'><strong>repetit</strong></span> <span class='ocrx_word' id='word_1_380' title='bbox 428 4419 453 4461; x_wconf 81' lang='lat' dir='ltr'><strong>et</strong></span> <span class='ocrx_word' id='word_1_381' title='bbox 474 4427 527 4459; x_wconf 80' lang='lat' dir='ltr'><strong>rum</strong></span> <span class='ocrx_word' id='word_1_382' title='bbox 550 4411 669 4472; x_wconf 72' lang='lat' dir='ltr'><strong>tiranno,</strong></span> <span class='ocrx_word' id='word_1_383' title='bbox 693 4423 725 4461; x_wconf 88' lang='lat' dir='ltr'><strong>ac</strong></span> <span class='ocrx_word' id='word_1_384' title='bbox 749 4407 849 4461; x_wconf 89' lang='lat' dir='ltr'><strong>deinde</strong></span> <span class='ocrx_word' id='word_1_385' title='bbox 872 4423 934 4460; x_wconf 85' lang='lat' dir='ltr'><strong>eum</strong></span> <span class='ocrx_word' id='word_1_386' title='bbox 957 4406 1022 4461; x_wconf 88' lang='lat' dir='ltr'><strong>edit.</strong></span> <span class='ocrx_word' id='word_1_387' title='bbox 1048 4406 1109 4463; x_wconf 86' lang='lat' dir='ltr'><strong>aliis</strong></span> <span class='ocrx_word' id='word_1_388' title='bbox 1131 4406 1219 4464; x_wconf 88' lang='lat' dir='ltr'><strong>habet</strong></span> <span class='ocrx_word' id='word_1_389' title='bbox 1240 4422 1264 4465; x_wconf 78' lang='lat' dir='ltr'><strong>te</strong></span> 
     </span>
     <span class='ocr_line' id='line_1_41' title="bbox 100 4490 1264 4563; baseline 0.003 -17"><span class='ocrx_word' id='word_1_390' title='bbox 100 4505 160 4548; x_wconf 74' lang='lat' dir='ltr'><strong>rante</strong></span> <span class='ocrx_word' id='word_1_391' title='bbox 172 4499 290 4561; x_wconf 83' lang='lat' dir='ltr'><strong>judici0,·</strong></span> <span class='ocrx_word' id='word_1_392' title='bbox 311 4508 430 4560; x_wconf 87' lang='lat' dir='ltr'><strong>moxque</strong></span> <span class='ocrx_word' id='word_1_393' title='bbox 452 4494 517 4561; x_wconf 82' lang='lat' dir='ltr'><strong>post</strong></span> <span class='ocrx_word' id='word_1_394' title='bbox 538 4491 625 4545; x_wconf 82' lang='lat' dir='ltr'><strong>verba</strong></span> <span class='ocrx_word' id='word_1_395' title='bbox 646 4498 708 4560; x_wconf 84' lang='lat' dir='ltr'><strong>quid</strong></span> <span class='ocrx_word' id='word_1_396' title='bbox 728 4497 868 4559; x_wconf 81' lang='lat' dir='ltr'><strong>imperator</strong></span> <span class='ocrx_word' id='word_1_397' title='bbox 894 4490 999 4547; x_wconf 75' lang='lat' dir='ltr'><strong>omittit</strong></span> <span class='ocrx_word' id='word_1_398' title='bbox 1017 4496 1113 4561; x_wconf 64' lang='lat' dir='ltr'><strong>forks,</strong></span> <span class='ocrx_word' id='word_1_399' title='bbox 1136 4509 1188 4563; x_wconf 85' lang='lat' dir='ltr'><strong>pro</strong></span> <span class='ocrx_word' id='word_1_400' title='bbox 1210 4510 1264 4561; x_wconf 88' lang='lat' dir='ltr'><strong>quo</strong></span> 
     </span>
     <span class='ocr_line' id='line_1_42' title="bbox 100 4575 1265 4646; baseline 0 -13"><span class='ocrx_word' id='word_1_401' title='bbox 100 4619 102 4636; x_wconf 88' lang='lat'>.</span> <span class='ocrx_word' id='word_1_402' title='bbox 119 4594 201 4646; x_wconf 86' lang='lat' dir='ltr'><strong>quern</strong></span> <span class='ocrx_word' id='word_1_403' title='bbox 213 4579 242 4631; x_wconf 90' lang='lat' dir='ltr'><strong>in</strong></span> <span class='ocrx_word' id='word_1_404' title='bbox 254 4576 354 4632; x_wconf 89' lang='lat' dir='ltr'><strong>ceteris</strong></span> <span class='ocrx_word' id='word_1_405' title='bbox 366 4576 519 4643; x_wconf 87' lang='lat' dir='ltr'><strong>sequimur,</strong></span> <span class='ocrx_word' id='word_1_406' title='bbox 536 4593 592 4630; x_wconf 83' lang='lat' dir='ltr'><strong>una</strong></span> <span class='ocrx_word' id='word_1_407' title='bbox 605 4593 666 4629; x_wconf 87' lang='lat' dir='ltr'><strong>eum</strong></span> <span class='ocrx_word' id='word_1_408' title='bbox 679 4575 800 4630; x_wconf 87' lang='lat' dir='ltr'><strong>editione</strong></span> <span class='ocrx_word' id='word_1_409' title='bbox 812 4575 956 4631; x_wconf 86' lang='lat' dir='ltr'><strong>Basiliensi</strong></span> <span class='ocrx_word' id='word_1_410' title='bbox 967 4577 1092 4646; x_wconf 85' lang='lat' dir='ltr'><strong>praefert</strong></span> <span class='ocrx_word' id='word_1_411' title='bbox 1106 4583 1182 4646; x_wconf 76' lang='lat' dir='ltr'><strong>socie.</strong></span> <span class='ocrx_word' id='word_1_412' title='bbox 1208 4577 1265 4633; x_wconf 88' lang='lat' dir='ltr'><strong>Cri·</strong></span> 
     </span>
     <span class='ocr_line' id='line_1_43' title="bbox 112 4658 1265 4731; baseline 0 -15"><span class='ocrx_word' id='word_1_413' title='bbox 112 4663 145 4718; x_wconf 89' lang='lat' dir='ltr'><strong>de</strong></span> <span class='ocrx_word' id='word_1_414' title='bbox 168 4663 268 4731; x_wconf 85' lang='lat' dir='ltr'><strong>quibus</strong></span> <span class='ocrx_word' id='word_1_415' title='bbox 286 4661 468 4730; x_wconf 81' lang='lat' dir='ltr'><strong>Symmachus</strong></span> <span class='ocrx_word' id='word_1_416' title='bbox 486 4661 522 4715; x_wconf 87' lang='lat' dir='ltr'><strong>ab</strong></span> <span class='ocrx_word' id='word_1_417' title='bbox 546 4660 712 4715; x_wconf 83' lang='lat' dir='ltr'><strong>adversariis</strong></span> <span class='ocrx_word' id='word_1_418' title='bbox 729 4661 789 4729; x_wconf 87' lang='lat' dir='ltr'><strong>ejus</strong></span> <span class='ocrx_word' id='word_1_419' title='bbox 807 4660 882 4730; x_wconf 86' lang='lat' dir='ltr'><strong>apud</strong></span> <span class='ocrx_word' id='word_1_420' title='bbox 900 4658 1104 4716; x_wconf 86' lang='lat' dir='ltr'><strong>Theudoricum</strong></span> <span class='ocrx_word' id='word_1_421' title='bbox 1121 4664 1265 4718; x_wconf 86' lang='lat' dir='ltr'><strong>aecusatus</strong></span> 
     </span>
     <span class='ocr_line' id='line_1_44' title="bbox 100 4743 1264 4816; baseline 0 -13"><span class='ocrx_word' id='word_1_422' title='bbox 100 4788 104 4812; x_wconf 87' lang='lat'>‚</span> <span class='ocrx_word' id='word_1_423' title='bbox 124 4765 251 4816; x_wconf 86' lang='lat' dir='ltr'><strong>quaeque</strong></span> <span class='ocrx_word' id='word_1_424' title='bbox 272 4763 321 4801; x_wconf 84' lang='lat' dir='ltr'><strong>rex</strong></span> <span class='ocrx_word' id='word_1_425' title='bbox 342 4746 389 4800; x_wconf 90' lang='lat' dir='ltr'><strong>ille</strong></span> <span class='ocrx_word' id='word_1_426' title='bbox 412 4746 539 4815; x_wconf 80' lang='lat' dir='ltr'><strong>synodali</strong></span> <span class='ocrx_word' id='word_1_427' title='bbox 552 4745 657 4814; x_wconf 90' lang='lat' dir='ltr'><strong>judicio</strong></span> <span class='ocrx_word' id='word_1_428' title='bbox 676 4745 860 4799; x_wconf 85' lang='lat' dir='ltr'><strong>examinanda</strong></span> <span class='ocrx_word' id='word_1_429' title='bbox 881 4743 1040 4814; x_wconf 86' lang='lat' dir='ltr'><strong>delegarat,</strong></span> <span class='ocrx_word' id='word_1_430' title='bbox 1061 4747 1097 4802; x_wconf 91' lang='lat' dir='ltr'><strong>ab</strong></span> <span class='ocrx_word' id='word_1_431' title='bbox 1115 4747 1264 4803; x_wconf 62' lang='lat' dir='ltr'><strong>Anastam</strong></span> 
     </span>
     <span class='ocr_line' id='line_1_45' title="bbox 108 4828 1264 4903; baseline 0.001 -16"><span class='ocrx_word' id='word_1_432' title='bbox 108 4833 218 4903; x_wconf 85' lang='lat' dir='ltr'><strong>objecta</strong></span> <span class='ocrx_word' id='word_1_433' title='bbox 236 4833 317 4887; x_wconf 84' lang='lat' dir='ltr'><strong>fuisse</strong></span> <span class='ocrx_word' id='word_1_434' title='bbox 335 4831 380 4885; x_wconf 93' lang='lat' dir='ltr'><strong>hic</strong></span> <span class='ocrx_word' id='word_1_435' title='bbox 396 4831 528 4885; x_wconf 87' lang='lat' dir='ltr'><strong>innuitur.</strong></span> <span class='ocrx_word' id='word_1_436' title='bbox 558 4831 595 4884; x_wconf 89' lang='lat' dir='ltr'><strong>Et</strong></span> <span class='ocrx_word' id='word_1_437' title='bbox 611 4830 660 4884; x_wconf 86' lang='lat' dir='ltr'><strong>illa</strong></span> <span class='ocrx_word' id='word_1_438' title='bbox 678 4830 789 4898; x_wconf 86' lang='lat' dir='ltr'><strong>quidem</strong></span> <span class='ocrx_word' id='word_1_439' title='bbox 807 4829 882 4899; x_wconf 88' lang='lat' dir='ltr'><strong>apud</strong></span> <span class='ocrx_word' id='word_1_440' title='bbox 899 4828 1008 4899; x_wconf 84' lang='lat' dir='ltr'><strong>regiam</strong></span> <span class='ocrx_word' id='word_1_441' title='bbox 1023 4832 1152 4887; x_wconf 82' lang='lat' dir='ltr'><strong>notitiam</strong></span> <span class='ocrx_word' id='word_1_442' title='bbox 1165 4833 1264 4888; x_wconf 70' lang='lat' dir='ltr'><strong>oonstt</strong></span> 
     </span>
     <span class='ocr_line' id='line_1_46' title="bbox 100 4914 1264 4988; baseline 0.001 -16"><span class='ocrx_word' id='word_1_443' title='bbox 100 4918 224 4975; x_wconf 79' lang='lat' dir='ltr'><strong>rraedioti</strong></span> <span class='ocrx_word' id='word_1_444' title='bbox 246 4916 398 4973; x_wconf 79' lang='lat' dir='ltr'><strong>adversarii</strong></span> <span class='ocrx_word' id='word_1_445' title='bbox 420 4916 608 4986; x_wconf 85' lang='lat' dir='ltr'><strong>divulgarant;</strong></span> <span class='ocrx_word' id='word_1_446' title='bbox 635 4915 683 4971; x_wconf 91' lang='lat' dir='ltr'><strong>sed</strong></span> <span class='ocrx_word' id='word_1_447' title='bbox 704 4916 737 4970; x_wconf 91' lang='lat' dir='ltr'><strong>nt</strong></span> <span class='ocrx_word' id='word_1_448' title='bbox 756 4914 876 4970; x_wconf 81' lang='lat' dir='ltr'><strong>vidimus</strong></span> <span class='ocrx_word' id='word_1_449' title='bbox 899 4916 978 4987; x_wconf 88' lang='lat' dir='ltr'><strong>epist.</strong></span> <span class='ocrx_word' id='word_1_450' title='bbox 1003 4923 1020 4972; x_wconf 73' lang='grc' dir='ltr'><strong><em>ὃ</em></strong></span> <span class='ocrx_word' id='word_1_451' title='bbox 1041 4934 1069 4973; x_wconf 87' lang='lat' dir='ltr'><strong>n.</strong></span> <span class='ocrx_word' id='word_1_452' title='bbox 1092 4923 1121 4987; x_wconf 78' lang='lat' dir='ltr'><strong>t,</strong></span> <span class='ocrx_word' id='word_1_453' title='bbox 1143 4917 1264 4988; x_wconf 83' lang='lat' dir='ltr'><strong>synodus</strong></span> 
     </span>
    </p>
   </div>
   <div class='ocr_carea' id='block_1_5' title="bbox 0 0 1606 5506">
    <p class='ocr_par' dir='ltr' id='par_1_20' title="bbox 0 0 1606 5506">
     <span class='ocr_line' id='line_1_47' title="bbox 0 0 1606 5506; baseline 0 0"><span class='ocrx_word' id='word_1_454' title='bbox 0 0 1606 5506; x_wconf 95' lang='lat' dir='ltr'><strong> </strong></span> 
     </span>
    </p>
   </div>
  </div>
 </body>
</html>
