3204 5506
416 334 420 343 '
512 437 519 443 .
580 358 775 408 seraranan
799 349 828 408 9.
855 351 904 411 10.
1219 418 1227 429 f
1316 349 1377 415 341
1462 357 1464 360 ’

81 535 205 578 rerum
238 513 388 593 sentitur
412 512 574 597 ciuilium
601 534 678 578 nam
705 513 783 579 illud
812 515 924 580 salutis
954 521 1135 603 causaest,
1168 520 1227 584 hoc
1255 521 1377 588 ruinae.
1392 535 1509 604 (8.493.)

79 615 152 681 Nec
178 637 251 681 nos
276 616 424 682 inaniter
448 617 484 680 in
510 620 544 681 te
566 638 630 681 uno
652 617 778 702 perpeti
802 624 917 683 cuncta
936 620 1112 705 jactamus3
1140 644 1238 707 quum
1266 645 1379 690 secun·

78 719 160 784 dum
186 712 386 804 apostolum
411 723 444 792 et
465 720 501 784 in
523 718 692 804 cujuslibet
713 721 848 785 membri
870 722 974 806 gloria
1000 727 1116 788 cuncta
1138 726 1281 790 membra
1305 703 1483 828 ⁰⁰¹1·1¹2⁰3{,'

76 821 280 909 gaudeant,
306 825 341 886 et
362 822 397 886 in
417 843 607 907 quacunque
633 826 725 907 parte
749 824 889 908 corporis
918 826 1070 890 convulsa
1096 828 1200 892 omnis
1223 850 1378 916 compago
1427 814 1434 840 '
1478 817 1484 828 ’

74 928 238 991 vexetur.
278 923 329 989 Et
350 945 409 989 noe
431 924 559 1011 quidem
580 946 639 1010 pro
661 925 788 1010 affectu,
811 947 906 1012 quem
921 928 980 993 tibi
1003 929 1164 1014 debemus,
1188 931 1377 1015 prudentiae

71 1031 154 1093 tuse
182 1028 384 1093 cruciatum
405 1031 588 1092 nostrorum
609 1028 767 1094 riscemm
789 1030 936 1094 duximus
950 1031 1175 1121 intimandum.
1200 1032 1287 1098 luae
1304 1055 1377 1101 con·

69 1130 251 1197 scientiae
276 1130 441 1213 intererit,
464 1131 730 1215 quemadmodum
745 1132 786 1196 ab
801 1130 851 1196 his
872 1132 995 1218 laqueis
1011 1135 1151 1220 expediri
1167 1157 1233 1202 non
1248 1158 1376 1202 renuas.

66 1232 185 1299 Nobis
214 1232 316 1298 enirn
337 1232 374 1297 in
396 1235 531 1318 utroque
553 1233 677 1299 fructus
698 1256 764 1299 non
787 1257 905 1301 vacuus
928 1237 1000 1321 erit,
1024 1238 1051 1301 ai
1066 1238 1126 1320 vel,
1151 1238 1235 1322 quod
1257 1238 1378 1304 deside·

62 1337 125 1403 riis
151 1335 329 1400 omnibus
352 1335 570 1421 imploramus,
605 1336 645 1401 de
672 1339 748 1402 tuae
776 1337 889 1402 salutis
916 1342 948 1403 et
969 1340 1074 1404 famae
1102 1340 1376 1427 redintegratione

60 1439 311 1533 gratulemur,
339 1437 386 1503 rel
410 1439 448 1523 si,
476 1438 559 1524 quod
585 1438 680 1523 absit,
714 1443 826 1506 nostra
857 1442 979 1526 scripta
1007 1444 1251 1528 contempseris,
1277 1443 1377 1528 ,adju-

59 1540 183 1607 rando
210 1539 321 1630 aaut·
347 1540 478 1606 minima
499 1540 638 1606 defuisse
659 1542 833 1607 videamur.

567 1766 573 1791 ·-
612 1745 794 1850 Epistola
820 1748 864 1831 10

712 1899 761 1939 seu

52 1997 211 2058 Golssii
235 2009 361 2067 papae
383 1974 678 2053 commonitorium
699 1995 744 2052 ad
760 1994 928 2052 Faustum
948 1996 1152 2064 magistrum
1173 1999 1375 2067 fungentem
1387 1970 1514 2103 (effic.

360 2178 363 2182 Α
395 2133 396 2136 κ
417 2098 601 2176 legationis
623 2098 741 2155 ostiolo
763 2097 1069 2166 constantinopoli.

10 2246 41 2295 1,
91 2236 179 2299 Quae
194 2250 216 2284 a
228 2233 351 2284 Graecis
369 2229 563 2301 objiciebantur.
581 2231 690 2280 araxim
703 2208 764 2280 aero
777 2231 845 2294 quod
857 2230 979 2279 Acacium
995 2236 1102 2294 practer
1114 2245 1224 2281 canones
1236 2231 1340 2280 mna·

91 2328 152 2372 tu
174 2334 246 2371 em
266 2315 457 2378 elumbes,
480 2314 597 2366 (idacius
615 2307 723 2378 refellit,
747 2330 779 2364 ac
801 2315 1047 2379 sedisapostolicae
1069 2331 1211 2380 supremam
1228 2316 1340 2366 vindicat

516 2399 518 2403 ’
625 2400 843 2463 jurisdictionem.

158 2542 197 2603 1.
235 2535 319 2621 Ego
343 2555 467 2620 quoque
488 2537 597 2598 mente
619 2532 747 2617 percepi
764 2531 904 2597 Graecos
926 2534 960 2595 in
977 2555 1034 2595 sua
1052 2533 1270 2598 obstinatione
1284 2556 1374 2598 man-

57 2663 178 2726 suros,
208 2660 283 2705 nec
293 2638 319 2724 ¹)
350 2637 400 2702 cui
428 2635 517 2701 velut
543 2636 742 2721 insperatum
770 2633 870 2698 videri
899 2637 1020 2719 potest,
1050 2635 1134 2718 quod
1165 2638 1214 2699 est
1239 2634 1274 2699 in
1298 2640 1374 2701 ante

58 2741 356 2831 praecognitum.
396 2737 598 2823 Quapropter
620 2737 718 2822 non²)
742 2739 809 2800 tam
832 2740 963 2820 propter
985 2736 1151 2821 religionis
1175 2760 1286 2802 causas
1309 2741 1374 2803 stu-
1430 2790 1434 2797 ,

59 2847 152 2912 dent
193 2839 473 2929 dispositionibus
504 2839 639 2924 publicis
673 2839 820 2921 obviare,
855 2837 910 2900 sed
945 2839 1050 2923 potius
1084 2859 1141 2922 per
1174 2841 1374 2905 occasionem

59 2945 272 3036 legationis
295 2941 406 3028 regiae
429 2941 621 3007 catholicam
647 2941 742 3006 fidem
770 2939 945 3003 moliuntur
973 2943 1125 3022 evertere,
1155 2944 1188 3004 et
1209 2941 1266 3003 tali
1291 2963 1373 3005 com-

61 3049 207 3118 mercio
215 3047 250 3133 ³)
275 3046 433 3110 nituntur
448 3047 576 3129 sperata
597 3046 770 3129 praestare.
1158 3047 1160 3051 ’

164 3152 207 3218 2.
258 3146 346 3224 Quid
373 3145 435 3211 sibi
458 3145 525 3210 vult
548 3149 664 3229 autern,
694 3144 777 3230 quod
806 3144 923 3232 <fixerit
950 3144 1139 3229 imperator,
1170 3168 1189 3207 a
1218 3145 1309 3208 nobis
1339 3167 1373 3208 se

66 3251 281 3340 irreligiose
289 3249 317 3336 ⁴)
340 3249 540 3331 damnatum,
565 3270 636 3312 curn
658 3268 754 3331 super
775 3247 836 3311 hac
859 3250 952 3329 parte
975 3250 1008 3309 et
1029 3247 1174 3310 decessor
1196 3268 1284 3310 meus
1307 3267 1373 3310 non

72 3495 144 3549 tur
164 3485 327 3561 notissima
345 3503 428 3554 quarn
447 3485 578 3540 hocloco
597 3484 742 3554 aptissima
759 3483 880 3537 medium
899 3474 1047 3551 duemdam
1068 3485 1172 3538 loni-am
1190 3482 1303 3538 minime
1322 3483 1375 3538 sibi

71 3576 240 3729 Ἥ
253 3656 296 3711 F*
308 3656 337 3710 3¹
355 3675 386 3708 ne
404 3660 456 3717 cui,
479 3670 598 3722 moxque
616 3655 653 3708 Ι)2
665 3655 699 3707 Fd
712 3655 752 3708 ΡΜ
766 3654 799 3707 0¹
814 3654 849 3707 0²
866 3659 1027 3722 inspirabant,
1047 3655 1065 3703 b
1079 3657 1104 3705 (τ’
1117 3653 1144 3706 d'
1164 3659 1233 3723 quod
1250 3664 1288 3707 etl
1306 3664 1374 3709 ante.

151 3747 181 3814 ¹)
202 3742 253 3797 lta
263 3734 302 3794 1³¹
313 3722 349 3795 Fi
360 3740 402 3794 F*
413 3739 452 3794 ri·
464 3740 499 3794 0²
511 3741 551 3803 θές
570 3738 617 3793 alii
630 3738 698 3793 editi
711 3737 807 3805 (etiam
819 3738 859 3807 dl)
874 3759 922 3793 non
930 3745 995 3806 jam.
1024 3738 1094 3792 Hinc
1107 3741 1238 3808 apparet,
1256 3737 1374 3808 impera·

74 3836 184 3887 toran
205 3823 378 3882 Theoderici
395 3822 570 3894 respondisse
588 3823 701 3891 legatis,
719 3840 778 3877 sese
795 3822 941 3891 quominus
959 3822 1026 3892 ipsis
1043 3823 1223 3887 concederet,
1242 3822 1315 3889 quod
1333 3822 1374 3877 illi

77 3916 121 3972 ad
133 3911 250 3971 Italiae
269 3910 419 3965 utilitatem
434 3908 584 3980 patebant,
602 3907 752 3977 religionis,
769 3907 822 3963 hoc
839 3910 881 3960 eat
899 3906 1015 3975 dissidii,
1034 3907 1109 3976 quod
1122 3906 1243 3961 Graecos
1259 3906 1334 3962 inter
1346 3909 1375 3962 et

80 4001 245 4057 nummos
264 3994 469 4060 intercedebat,
488 3993 577 4048 causis
595 3992 719 4047 detineri.

36 4114 50 4129 ·
155 4086 184 4152 ⁸)
205 4081 253 4137 lta
266 4078 294 4133 d¹
308 4079 338 4135 d⁸
349 4096 412 4135 oum
423 4095 502 4144 mes,
520 4077 569 4133 alii
587 4076 655 4132 editi
672 4087 816 4131 conrmealo.
845 4074 921 4141 Quae
939 4077 984 4130 hic
1002 4083 1095 4144 legatio
1113 4082 1196 4144 regia,
1214 4075 1243 4129 in
1257 4075 1375 4144 epistola

10 4222 12 4227 ,
80 4167 227 4241 uquenfi
245 4171 341 4237 huetio
357 4167 460 4232 publica
477 4162 647 4232 appellatur:
666 4178 738 4229 quae
755 4160 886 4215 videlicet
903 4178 921 4215 a
938 4160 1113 4216 Theodorico
1131 4175 1198 4229 rege
1216 4174 1272 4213 non
1290 4159 1373 4213 eccle·

65 4254 228 4311 'manticae
246 4248 298 4304 aed
315 4248 444 4319 publicae
465 4248 507 4303 rei
525 4263 609 4302 causa
631 4246 770 4300 destinata
789 4247 857 4300 erat.
894 4246 925 4299 In
944 4261 977 4299 eo
996 4246 1091 4299 autem
1109 4243 1234 4299 Gelaaiua
1253 4243 1374 4298 Graecos

10 4318 25 4373 ζ’
82 4337 188 4410 turpia
205 4339 352 4391 comacli
368 4331 473 4403 arguit,
491 4331 568 4402 quod
585 4346 681 4385 eorum
693 4331 823 4397 obtentu,
842 4347 913 4398 quae
931 4329 1018 4399 legati
1035 4328 1089 4382 sibi
1102 4329 1138 4383 ab
1156 4327 1223 4397 ipsis
1235 4327 1373 4397 praestari

84 4421 237 4497 petebant
260 4418 298 4475 sd
321 4417 451 4489 publicae
473 4416 514 4472 rei
532 4415 770 4479 commoditatem,
794 4415 846 4485 ipsi
869 4415 922 4468 sibi
939 4433 956 4468 a
973 4413 1105 4468 Romanis
1122 4411 1242 4466 ucissim
1261 4413 1374 4467 concedi

86 4506 249 4570 volebant,
267 4503 346 4558 unde
365 4503 395 4557 et
411 4501 474 4557 fidei
490 4501 626 4557 inferrem
643 4502 672 4555 et
689 4500 819 4569 religioni
837 4499 995 4570 perniciem.

160 4594 187 4661 ⁴)
203 4588 343 4658 Plerique
362 4602 457 4641 ornnes
473 4603 536 4641 mss.
550 4586 596 4653 (0¹
609 4586 654 4654 0²)
673 4584 830 4640 comeditis
848 4585 944 4651 (etiam
956 4585 995 4652 dl)
1014 4591 1039 4638 in
1052 4588 1173 4651 relipione
1190 4581 1234 4648 (Fl
1248 4581 1288 4635 μ’
1301 4581 1334 4634 V¹
1350 4590 1374 4638 in

87 4681 224 4751 repam),
243 4671 327 4743 qnod
339 4688 375 4726 ex
387 4669 500 4738 antiquo
512 4670 650 4725 scribendi
668 4687 745 4724 more
764 4676 907 4739 inreliplocc
926 4668 1044 4739 irrepsit.
1076 4665 1236 4722 Anastasius
1249 4683 1278 4721 ss
1291 4672 1374 4723 irreli-

83 4773 161 4837 foee
179 4757 359 4819 &mustum
376 4754 513 4823 obtendit,
536 4755 616 4825 quasi
639 4756 736 4809 contra
758 4750 943 4809 reverentiam
964 4754 1018 4825 ipsi
1041 4752 1126 4807 etiam
1149 4751 1291 4822 religionis
1310 4753 1375 4823 jure

85 4848 226 4907 debitam
259 4843 306 4899 Aa
322 4839 491 4896 alumniam
509 4840 620 4912 repellit
632 4839 769 4905 Gelenius,
788 4856 874 4909 quum
891 4855 981 4907 neque
999 4839 1058 4909 ipse
1071 4854 1161 4907 neque
1174 4837 1303 4893 decessor
1315 4837 1375 4907 ejus

86 4953 152 4992 curn
169 4932 231 4990 ulla
248 4922 406 4985 sententia
419 4923 478 4981 lata
494 4925 664 4993 damnarint,
681 4924 767 4980 immo
784 4923 942 4980 honorificis
960 4941 1024 4981 eum
1042 4922 1151 4994 scriptia
1163 4939 1273 4994 semper
1285 4923 1375 4978 colue-

1201 5020 1207 5049 l
