3204 5506
598 115 770 165 semrom
794 107 844 164 25.
1293 100 1354 166 791

699 269 741 334 ΙΙ.
1368 284 1462 334 aare.

168 373 202 436 4.
239 370 311 437 Hoc
338 392 462 456 quoque
493 373 533 435 ad
560 371 736 456 praemissa
765 372 970 457 adjungimus
977 423 986 456 ,
1020 394 1062 437 ne
1090 371 1273 437 benedictio
1298 395 1357 459 per

78 473 324 557 impositionem
345 496 475 557 manus,
500 496 581 558 quae
604 496 623 537 a
646 473 713 537 Deo
737 496 804 538 esse
829 474 982 556 ereditur,
1013 474 1116 557 pretio
1140 477 1355 558 comparetur:

79 577 237 661 quoniam
260 581 335 639 ante
358 575 464 639 oculos
495 598 562 638 esse
586 577 753 658 convenit,
785 576 869 660 quod
891 575 1001 641 Simon
1025 575 1179 659 Spiritum
1209 579 1358 640 sanctum
1370 567 1448 690 35⁰3&

80 677 195 742 volens
217 677 435 761 redemptione
458 678 608 761 mereari,
647 678 782 762 apostoli
810 679 908 741 fuerit
935 679 1146 743 detestatione
1175 699 1353 763 percussus.
1388 676 1394 700 ’
1439 653 1473 690 ⁸⁸'

80 779 177 844 Tunc
199 780 314 844 deinde
324 781 359 862 ¹¹)
382 780 452 864 quis
468 802 534 843 non
550 780 611 843 vile
628 783 721 864 putet
735 802 813 863 esse,
839 781 921 863 quod
937 778 1108 844 venditur?
1137 779 1237 844 Istam
1253 803 1355 845 sacer·

80 881 211 945 dotibus
233 881 419 946 ordinandis
442 881 654 945 reverentiam
677 884 783 946 servet
805 882 929 964 electio,
953 884 989 944 ut
1009 881 1044 944 in
1064 882 1155 966 gravi
1176 884 1353 969 munere¹⁵)

80 983 273 1068 populorum
306 983 448 1046 divinum
482 983 630 1046 credatur
663 991 731 1047 esse
753 983 919 1066 judicium.
977 983 1026 1047 lbi
1055 983 1140 1047 enim
1167 982 1270 1068 Deus,
1299 985 1355 1049 ubi

80 1084 221 1168 simplex
248 1086 317 1148 sine
345 1085 504 1168 pravitate
533 1107 715 1149 consensus.
771 1085 892 1148 Verum
919 1108 978 1149 nee
1007 1084 1092 1149 hane
1121 1085 1248 1170 quidem
1281 1109 1354 1170 par-

79 1189 147 1250 tem
171 1186 396 1251 sollicitudinis
419 1190 451 1250 et
473 1187 700 1251 admonitionis
722 1187 914 1269 omittimus,
945 1209 985 1250 ne
1008 1187 1057 1250 vel
1086 1187 1196 1251 illese
1219 1211 1238 1251 a
1261 1189 1354 1273 culpa

79 1289 232 1353 aestimet
254 1289 403 1370 alienum,
428 1290 530 1373 quid)
552 1289 622 1372 ipse
645 1290 772 1374 quidem
789 1313 807 1352 a
823 1290 1041 1373 redemptione
1061 1288 1152 1371 liber,
1175 1289 1355 1354 initiaverit

77 1391 306 1455 benedictione
339 1391 474 1475 mystica
506 1391 717 1474 sacerdotem,
757 1395 789 1455 et
822 1395 930 1454 tamen
965 1391 1004 1453 ad
1038 1391 1169 1455 alterius
1196 1392 1353 1476 redempti

75 1494 280 1557 voluntatem
303 1493 352 1557 vel
374 1496 488 1577 sponte
510 1493 544 1556 in
567 1490 628 1555 hoe
650 1492 699 1555 vel
722 1492 914 1556 necessitate
937 1493 1145 1557 consenserit.
1184 1492 1266 1569 Quid
1282 1485 1353 1579 pro-

74 1594 153 1658 dest
180 1594 229 1658 illi
257 1617 314 1658 suo
343 1615 448 1657 errore
477 1617 541 1658 non
569 1594 684 1678 pollui,
720 1595 773 1678 qui
808 1617 998 1659 consensum
1033 1597 1177 1679 praestat
1207 1596 1354 1661 erranti?

70 1695 198 1761 Procul
221 1695 317 1759 dubio
340 1699 453 1760 contra
475 1696 628 1760 mandata
652 1696 834 1778 committit,
859 1701 891 1760 et
913 1697 967 1780 qui
985 1696 1084 1760 habet
1097 1701 1266 1780 peccatum
1281 1721 1352 1782 pro-

68 1799 201 1884 prium,
226 1797 334 1881 etqui
356 1801 525 1880 peccatum
548 1798 691 1882 sequitur
707 1797 857 1862 alienum.
895 1797 1061 1862 Incassum
1084 1798 1209 1862 animus
1231 1801 1353 1864 resistit

68 1900 262 1984 cupiditati,
287 1900 313 1964 si
336 1922 402 1963 non
424 1899 629 1984 restiterit¹⁷)
654 1903 685 1962 et
700 1899 818 1962 timori.
858 1899 1018 1963 Adversus
1041 1898 1120 1964 haee
1141 1901 1268 1964 facilius
1284 1901 1353 1965 Deo

59 2005 213 2087 juvante
235 2002 462 2085 providebitur,
487 2001 513 2064 si
537 2002 621 2065 circa
643 2001 906 2084 metropolitanos
928 2001 1098 2085 privilegia
1120 2024 1139 2065 a
1161 2003 1281 2067 sanctis
1296 2026 1352 2088 pa·

63 2104 184 2170 tribus
208 2103 384 2167 constituta
405 2108 633 2188 permaneant,
665 2103 691 2166 si
714 2103 953 2185 metropolitani
984 2104 1068 2167 circa
1090 2104 1255 2187 paroecias
1278 2127 1351 2168 suas

62 2206 225 2272 ordinem
248 2229 338 2269 suum
362 2228 398 2269 ea
421 2228 483 2289 qua
506 2205 596 2269 decet
619 2206 823 2269 veneratione
848 2205 1046 2269 custodiant:
1069 2209 1106 2268 ut
1127 2207 1235 2291 neeffl)
1254 2206 1351 2270 elatio

60 2307 244 2395 praesules
277 2330 337 2372 nee
371 2311 571 2390 contemptus
606 2309 763 2390 depretiet
795 2307 1015 2390 obsequentes.
1073 2306 1160 2382 Quae
1187 2307 1215 2371 si
1243 2309 1290 2373 ita
1316 2309 1352 2373 in

64 2469 153 2476 -—..-

151 2546 181 2612 ¹¹)
201 2545 216 2596 J
221 2547 239 2580 ¹³
257 2551 324 2599 inde.
360 2544 424 2597 Mox
442 2544 469 2598 J¹
490 2543 578 2597 omitt.
599 2565 662 2604 riori:
679 2545 713 2597 Ιᾶᾶ
727 2547 744 2613 β
758 2550 783 2599 Γ
799 2551 866 2613 priori
883 2550 1004 2599 vendidit.
1040 2544 1074 2598 Γᾶ
1091 2550 1197 2611 justam.

151 2632 181 2696 Ιᾶ)
199 2629 249 2683 Ed.
263 2651 399 2698 tinemuta,
420 2628 596 2699 corriguntur
608 2647 640 2681 ex
653 2629 686 2682 Γᾶ
700 2630 716 2682 J
721 2633 726 2664 ¹
740 2632 757 2697 β
772 2634 797 2682 Γ
805 2628 839 2695 i'2,
858 2628 910 2681 nisi
923 2630 998 2697 quod
1010 2630 1044 2682 Γᾶ
1056 2650 1153 2683 sensus.
1183 2629 1243 2684 Vox
1258 2632 1351 2685 autern

59 2722 231 2787 populorum
248 2715 314 2768 lieet
331 2714 429 2768 referri
446 2713 534 2783 possit
551 2714 588 2768 ad
606 2735 703 2776 irritans,
727 2718 863 2782 quatenus
883 2714 993 2769 illorum
1013 2731 1145 2769 consensu
1164 2716 1351 2769 sacerdotium

64 2801 235 2866 confertur,
253 2799 350 2853 melius
368 2802 463 2854 tamen
481 2800 617 2853 referatur
636 2798 671 2852 ad
684 2805 821 2864 judiciam,
846 2799 924 2868 quasi
946 2800 1099 2868 legeretur:
1124 2805 1250 2864 judicium
1267 2820 1350 2868 popu-

63 2895 159 2941 lorum
178 2890 300 2938 credatur
317 2904 373 2938 erse
390 2891 506 2940 diuinum.
542 2883 598 2936 Leo
617 2882 742 2952 epist.14
761 2902 782 2937 c.
797 2891 825 2950 5,
844 2884 955 2938 statuit:
975 2896 1001 2937 at
1019 2891 1061 2938 ille
1073 2888 1184 2938 erunibus
1200 2904 1348 2952 praepono·

64 2985 134 3033 tur,
158 2989 230 3040 quem
251 2976 315 3023 cleri
334 2974 464 3039 plebisque
486 2987 623 3023 consensus
646 2975 809 3022 corre-orditer
830 2975 977 3036 postularit.
1019 2969 1096 3022 Conf.
1114 2969 1198 3022 Leon.
1218 2968 1299 3037 epist.
1320 2977 1351 3024 10

66 3075 94 3111 c.
111 3056 216 3119 reto,
237 3061 268 3108 13
287 3071 308 3108 c.
323 3061 351 3115 3,
374 3060 419 3108 ret
437 3053 537 3121 inquis.
559 3061 584 3117 1,
604 3055 632 3105 et
649 3069 668 3105 s.
688 3051 817 3121 Cyprian.
836 3053 907 3121 plur.
927 3053 978 3106 loc.

150 3141 183 3207 ¹⁸)
201 3138 260 3193 Oc¹
280 3156 320 3207 sq.
340 3139 403 3193 add.
424 3145 485 3199 etat·
504 3156 568 3192 mox
586 3137 619 3189 Γᾶ
639 3136 728 3190 omitt.
748 3142 820 3191 tiber.
857 3137 964 3191 Deinde
982 3138 1002 3190 i²
1021 3144 1134 3192 enardi.

151 3226 182 3289 ¹⁷)
200 3222 233 3275 Γᾶ
251 3223 276 3275 ¹l'
296 3223 318 3277 Ο
336 3240 371 3276 cc
388 3229 494 3280 resistit.
534 3222 631 3276 Eidem
655 3221 723 3275 vitio
745 3221 802 3275 Leo
826 3222 904 3292 epist.
925 3229 939 3275 6
959 3241 980 3276 e.
1002 3230 1017 3276 3
1041 3221 1161 3276 oeenrrit
1181 3223 1224 3276 his
1246 3223 1350 3278 verbis:

68 3314 142 3365 ntbtt
151 3314 254 3377 praetre
265 3315 410 3376 personati,
424 3313 484 3362 nibil
496 3312 635 3369 erabitioni,
650 3312 711 3360 nibil
722 3313 859 3375 redemptis
871 3314 1004 3376 pernrittas
1017 3315 1093 3361 licere
1104 3314 1243 3377 suffropiia.
1275 3308 1352 3363 Haeo

67 3391 246 3450 Hormisdae
265 3393 403 3448 sententia
425 3392 458 3446 iis
477 3393 519 3446 est
537 3392 633 3446 sedulo
652 3391 864 3458 consideranda,
889 3392 989 3460 quibus
1008 3392 1061 3446 etsi
1081 3392 1105 3447 is
1122 3395 1164 3446 est
1182 3391 1302 3460 animus,
1321 3395 1352 3447 ut

70 3478 150 3534 nihil
168 3478 222 3547 ipsi
239 3479 352 3548 praeter
370 3479 412 3532 ias
429 3480 542 3548 patrare
562 3477 660 3542 velint,
678 3471 733 3530 noir
747 3478 885 3531 eatamen
899 3478 1052 3543 estrimes,
1072 3484 1103 3532 ut
1120 3477 1217 3548 iniqua
1233 3480 1351 3550 petenti-

70 3565 133 3619 bus
149 3563 277 3618 resistere
295 3562 415 3617 valeant.

149 3649 181 3716 ¹⁸)
199 3647 243 3702 Ita
255 3665 318 3701 cum
330 3647 384 3700 Γᾶ]
391 3646 423 3700 ᾶίᾶ
435 3648 526 3703 locum
539 3646 720 3715 restituimus,
733 3647 785 3701 nisi
798 3647 873 3716 quod
886 3648 920 3700 Γᾶ
930 3649 946 3701 J
951 3651 956 3682 ¹
970 3655 1059 3702 electio
1071 3656 1203 3716 praesules
1216 3648 1261 3716 (Γᾶ
1273 3672 1351 3719 prae·

69 3734 152 3801 tulis)
167 3753 211 3786 nec
223 3743 379 3800 contemptus
391 3739 503 3800 depretii
515 3745 539 3786 et
551 3733 595 3800 (Γᾶ
608 3737 712 3801 efferat)
725 3737 892 3802 obsequentis.
918 3739 1037 3797 Qnoerita
1049 3733 1094 3799 (Γᾶ
1108 3754 1220 3803 quaeqae
1232 3741 1256 3788 si
1266 3739 1312 3803 itu)
1325 3743 1350 3790 in

71 3862 79 3874 .
89 3860 98 3873 .
108 3823 259 3886 ‚seripturis
272 3818 315 3885 (Γᾶ
328 3822 443 3886 scrinis).
453 3859 458 3870 .
467 3824 590 3884 ,sortiente
604 3818 630 3883 (J
635 3823 640 3852 ¹
649 3821 832 3885 fundannum).
852 3820 869 3887 β
878 3821 932 3871 Fa³
942 3839 987 3872 nec
999 3824 1089 3871 electio
1100 3825 1227 3885 praesulis
1237 3841 1351 3874 necron·

71 3913 189 3971 temptas
199 3908 298 3956 decreti
309 3914 334 3956 et
346 3907 514 3972 obsequentis.
533 3908 602 3968 (irrue
614 3911 637 3956 ri
649 3910 684 3956 ito
697 3910 721 3956 in
733 3908 852 3971 operibns
861 3909 919 3969 fisca
932 3909 1071 3957 habeantur
1085 3913 1108 3956 in
1121 3909 1254 3969 cordibus,
1268 3926 1350 3974 queni-

71 3993 211 4045 adm0dmn
223 3993 369 4055 relepnntur
381 3994 406 4041 in
417 3995 561 4056 scripturis,
575 3995 641 4042 nullu
653 3995 815 4042 intentionara
824 3995 918 4041 seiteina
928 4001 976 4042 ete.
994 3989 1030 4042 Et
1039 3988 1245 4043 resarciendam
1256 3989 1351 4043 lectio-

70 4071 254 4129 nemesus.
277 4072 330 4125 hoc
352 4075 435 4142 pacto
458 4073 570 4127 suadet:
598 4085 625 4125 ut
648 4094 693 4126 nec
716 4080 803 4127 electio
826 4080 954 4141 praesulis
981 4078 1012 4127 de
1033 4085 1176 4142 eorttenrpta
1198 4080 1232 4127 ait
1254 4080 1354 4128 decreti

71 4161 260 4226 subsequentis.
275 4155 356 4211 Certe
366 4157 395 4209 in
405 4157 538 4212 electione
549 4157 671 4227 episcopi
684 4158 769 4211 fiebat
778 4175 811 4210 ac
820 4175 915 4211 recens
925 4159 1013 4212 electo
1024 4158 1189 4212 tradebatur
1199 4158 1350 4225 decretum,

71 4245 106 4298 in
119 4257 176 4312 quo
191 4241 239 4308 qui
251 4243 286 4295 ab
300 4241 521 4296 ordinationibus
534 4243 646 4297 arcendi
665 4245 745 4296 erant
761 4242 1032 4311 praescribebantur.
1066 4241 1226 4311 Cuiusmodi
1245 4243 1351 4297 decreti

73 4325 230 4384 formulam
248 4326 352 4381 Gelasii
370 4329 398 4381 et
416 4327 534 4397 epistola
549 4334 578 4380 15
596 4327 721 4394 exhibet,
740 4330 769 4382 et
787 4326 905 4396 epistola
919 4334 948 4380 16
968 4327 1151 4382 commendat.
1166 4358 1197 4366 —
1210 4327 1265 4381 Alii
1283 4327 1351 4382 editi

73 4435 125 4469 nec
138 4417 230 4467 electio
247 4419 374 4480 praesulis
392 4425 475 4480 empta
493 4419 567 4466 detra·
585 4419 676 4481 pretiis
694 4424 719 4466 et
737 4432 782 4466 nec
801 4417 959 4481 obsequentia
971 4419 1004 4466 sit
1022 4418 1137 4482 quaesite
1155 4418 1287 4481 operibus,
1305 4419 1353 4467 sed

71 4507 100 4556 ei
116 4505 156 4553 ita
170 4504 229 4566 lica
301 4504 327 4551 in
343 4504 488 4567 scripturis.
531 4503 560 4551 Si
582 4504 649 4550 trulla
667 4511 724 4551 stent
746 4505 771 4551 in
794 4505 892 4566 templis
910 4505 1059 4566 emptionum
1076 4503 1172 4550 sentino
1189 4509 1237 4552 ete.
1274 4498 1350 4563 Quae

70 4583 162 4642 lectio
180 4582 338 4637 summatim
358 4601 392 4637 ex
403 4601 465 4637 mss.
498 4586 520 4637 0
540 4584 678 4652 profecta,
696 4583 743 4652 qui
761 4582 801 4637 ita
818 4584 964 4652 proferunt
982 4582 1020 4648 (Γ
1032 4580 1066 4635 01
1080 4582 1114 4635 Οᾶ
1126 4581 1185 4648 V²):
1204 4593 1231 4635 ut
1243 4603 1288 4636 nee
1300 4591 1349 4637 ele·

70 4678 127 4726 ctio
145 4673 276 4738 praesulis
295 4689 340 4722 nec
358 4681 440 4737 empto
460 4669 504 4736 (οᾶ
523 4675 663 4736 redempta,
682 4667 718 4720 Γᾶ
738 4690 767 4722 ne
786 4671 868 4736 tantu)
894 4674 918 4722 le
937 4667 982 4735 (Οτ
1001 4671 1085 4735 detur)
1109 4674 1202 4735 pretiis
1221 4667 1265 4736 (οᾶ
1285 4668 1348 4721 add.
