3224 5506
652 112 854 162 rasorium
878 114 900 160 1.
1343 97 1405 163 513

74 270 252 353 fuerit,
275 267 486 333 Nestorianus
508 287 637 350 prorsus
659 265 833 331 habeatur:
856 288 954 351 quum
976 267 1123 331 doctrina
1141 266 1299 331 catholiea
1312 269 1405 332 uniat
1499 324 1502 331 ,

74 376 214 440 duas
241 373 374 435 naturas
396 368 431 434 in
454 367 593 451 Christo,
621 390 687 433 nou
710 368 831 433 divion
859 369 941 433 sicut
963 367 1241 443 Nestoriusfeeit.
1286 367 1330 432 Et
1350 369 1405 433 isti

75 473 268 562 quidem
289 473 494 556 reperiuntur
516 471 673 535 deteriora
696 470 829 555 garrire.
866 468 952 534 Nam
973 470 1182 535 fidentissime
1204 471 1317 535 dicunt
1337 493 1405 536 rem

77 578 295 659 ineptam,
323 595 391 637 rem
418 574 515 638 etiam
543 572 666 638 stolidis
689 573 931 637 exsecrandam:
966 576 1041 636 ante
1068 573 1264 658 unitionem,
1295 575 1328 639 id
1356 576 1405 638 est

78 676 406 757 incarnationem,
430 676 508 739 duas
531 675 593 740 dici
615 674 729 740 debere
752 679 896 757 naturas,
920 679 993 760 post
1014 696 1088 739 vero
1110 698 1208 740 unam
1230 675 1291 740 Dei
1306 675 1406 741 Verbi

80 782 265 844 tantum
279 779 494 860 incarnatam,
517 780 554 843 ut
576 778 603 841 si
623 778 764 841 dicamus
787 777 905 862 ahquid
930 781 1090 843 cereatum
1113 782 1167 841 aut
1190 778 1333 862 picatum
1351 781 1407 844 aut

82 880 377 966 stagnatumw)
407 884 462 944 aut
489 880 632 964 quolibet
659 880 721 944 alio
750 900 868 965 genere
898 879 1082 944 coloratum.
1128 880 1203 944 Jam
1232 903 1306 945 vero
1334 884 1408 965 post

10 1038 12 1051 .
86 983 220 1046 diem
245 982 380 1047 tertium
400 982 525 1066 synodi,
556 1005 618 1066 qua
640 981 783 1064 dejectus
806 985 855 1046 est
877 984 1008 1045 sanctae
1029 982 1200 1048 memoriae
1222 980 1405 1064 Flavianus,

86 1084 288 1166 dejicitur
311 1085 408 1150 ctiam
432 1086 464 1148 et
486 1082 629 1148 Domnus
644 1082 877 1147 Antiochenus.
906 1083 1077 1147 Dioscorus
1099 1086 1232 1168 repente
1247 1083 1405 1167 discessit,

88 1185 324 1271 solutusque
348 1189 523 1251 conventus
552 1190 610 1249 est.
655 1184 792 1250 Ducitur
819 1185 855 1248 in
878 1184 1023 1249 exsilium
1045 1185 1233 1267 Flavianus,
1264 1190 1296 1249 et
1324 1186 1407 1270 apud

89 1285 290 1373 Epipam,
313 1310 396 1373 quae
419 1292 468 1352 est
483 1289 595 1353 civitas
611 1287 739 1371 Lydiae,
763 1309 819 1352 seu
834 1288 1079 1371 superveniente
1095 1310 1149 1352 seu
1164 1287 1293 1372 ingesta
1306 1291 1407 1365 morte

90 1387 311 1456 defunctus
333 1394 393 1455 est.

218 1494 253 1558 3.
300 1492 441 1578 Tuness)
463 1495 616 1579 temporis
639 1493 809 1558 Anatolius
831 1492 959 1578 quidam
982 1493 1150 1577 presbyter
1170 1493 1408 1559 Alexandrinus

89 1594 218 1675 apud
246 1595 563 1680 Constantinopolim
584 1595 779 1658 morabatur.
811 1594 901 1660 Haec
917 1595 1003 1659 enim
1020 1594 1213 1659 consuetudo
1235 1594 1408 1679 praedictis

84 1697 166 1757 est
177 1745 191 1777 ,
242 1701 280 1762 ut
320 1697 362 1761 ad
390 1698 575 1761 comitatum
618 1697 739 1762 vicibus
769 1697 876 1761 clerici
909 1697 1106 1781 dirigantur,
1141 1718 1182 1760 ne
1216 1697 1292 1781 quid
1324 1698 1408 1762 sorte

83 1813 256 1864 causae
278 1799 331 1863 vel
353 1800 555 1864 necessitatis
583 1803 735 1885 emergat.
780 1799 843 1863 Fit*
862 1821 939 1883 ergo
966 1799 1026 1862 iste
1054 1799 1224 1863 Anatolius
1252 1798 1408 1864 Constan-

76 1893 276 1983 tinopoli
297 1901 475 1985 episcopus,
498 1900 594 1989 homo
616 1902 755 1986 partium
777 1901 932 1965 Dioscuri.
977 1900 1182 1986 Exempto¹²)
1206 1924 1292 1965 anno
1313 1903 1407 1967 mori-

73 1995 168 2059 tur
202 2001 413 2068 Theodosius
435 2004 618 2087 imperator,
644 2002 862 2088 Chrysaphius
877 2005 1018 2087 punitur,
1043 2001 1225 2067 Marcianus
1239 2004 1344 2069 factus
1359 2008 1409 2069 est

66 2097 301 2190 princeps.
347 2106 481 2171 Laesum
503 2106 598 2170 fidem
620 2106 762 2190 graviter
788 2106 896 2170 ferens
923 2104 1038 2169 indicit
1066 2105 1222 2188 synodum
1245 2107 1329 2190 apud
1348 2105 1408 2183 ,Ni-

64 2215 261 2292 caeam,
285 2209 320 2273 in
344 2231 407 2294 qua
429 2212 461 2273 et
483 2208 551 2293 ipse
574 2211 606 2272 et
628 2206 797 2271 Pulcheria
818 2208 947 2290 resedit,
972 2210 1004 2271 et
1025 2208 1177 2289 omnium)
1208 2230 1279 2273 oum
1302 2231 1339 2273 eo
1361 2231 1409 2274 se-

61 2303 234 2372 nat-,us
259 2314 292 2375 et
316 2313 504 2395 potestates.
550 2309 651 2385 Quam
683 2311 839 2394 synodum
873 2313 984 2393 postea
1011 2309 1180 2373 transtulit
1207 2309 1410 2376 Calchedona

57 2412 274 2488 Propter
295 2412 411 2496 palatii
433 2411 642 2477 vicinitatem.
690 2411 893 2477 Conveniunt
914 2412 1085 2497 quingenti
1109 2415 1141 2475 et
1162 2411 1247 2476 ultra
1270 2413 1410 2498 episcopi

90 2585 198 2603 ,gx

218 2604 265 2612 ἡ..
282 2606 382 2611 ..-..-..
405 2607 409 2610 .
442 2607 448 2610 .

190 2713 243 2786 ¹⁰)
261 2718 581 2787 1taB¹F⁶G1s¹c³seq.;
602 2730 744 2772 stornatum
758 2721 793 2772 22³.
812 2718 877 2771 Mox
890 2718 923 2771 G¹
938 2717 1026 2772 omitt.
1040 2724 1178 2781 desivero,
1197 2720 1227 2773 et
1239 2718 1306 2772 editi
1319 2719 1408 2773 omitt.

57 2788 106 2835 ⁶¹
139 2787 262 2860 (ante
279 2811 353 2873 apati
372 2806 500 2872 Enipea).
531 2803 679 2857 Flavianus
698 2803 809 2870 quidem
827 2821 845 2858 a
863 2803 1032 2872 Theophane
1045 2803 1190 2872 chronogr.
1208 2820 1272 2873 pag.
1290 2810 1337 2858 155
1355 2803 1421 2870 (ed.

56 2862 355 2955 3⁰¹¹11.)tridu0
376 2890 441 2959 post
463 2888 599 2957 synodum
619 2889 745 2941 mortuus
767 2888 875 2941 dicitur.
918 2887 972 2941 Sed
994 2887 1084 2957 ipsum
1107 2889 1135 2942 in
1158 2887 1269 2942 erilium
1291 2887 1410 2957 Epipam

95 2958 270 3040 nebula,
293 2972 433 3030 consentit
449 2973 626 3028 Marcellinus
649 2989 752 3038 comes;
776 2975 860 3041 atque
883 2978 950 3026 inter
967 2994 1054 3027 munus
1072 2994 1169 3035 soriam,
1188 2972 1228 3026 ait
1246 2972 1365 3042 Prosper
1382 2971 1411 3025 in

59 3026 287 3125 chronia),
310 3081 327 3112 a
345 3063 433 3128 quibas
450 3067 475 3112 in
494 3065 596 3112 exitium
613 3064 763 3117 ducebatur.
781 3064 893 3126 glorioso
911 3063 947 3110 orl
962 3062 1084 3112 Christum
1099 3065 1151 3125 fine
1173 3063 1285 3111 transiit.
1322 3058 1410 3112 Immo

60 3125 186 3255 :21¹²
212 3141 339 3200 demum
357 3143 402 3199 dic
414 3143 503 3197 XVlll
516 3143 661 3198 Februarii
678 3142 743 3197 anni
754 3148 804 3197 450
822 3143 880 3196 vita
897 3143 1021 3196 functum
1040 3159 1099 3197 esso
1111 3142 1210 3196 suadet
1222 3142 1411 3196 Heuschenius

156 3248 167 3259 ·
202 3232 380 3284 sanctorum
397 3230 465 3282 tom.
483 3228 523 3282 lll
539 3227 686 3283 Februarii
702 3245 766 3298 pag.
788 3235 818 3281 n
838 3245 894 3296 seq.
1393 3278 1397 3284 .

198 3307 243 3381 ⁸¹)
261 3314 296 3368 ΒΙ
307 3313 342 3367 F‘¹
353 3312 443 3367 omitt.
466 3317 535 3367 Tunc
546 3321 667 3382 temporis
685 3315 790 3383 etpost
802 3335 875 3368 anno.
904 3315 968 3368 Mox
981 3314 1015 3369 G¹
1033 3319 1169 3382 presbyter
1183 3321 1361 3369 Alexandriae

65 3384 261 3455 ”nmquid
276 3403 362 3466 sorte,
381 3398 411 3452 et
428 3400 456 3452 ai
475 3414 508 3452 ex
526 3416 592 3464 „ms
611 3399 718 3454 Vatic.“
738 3407 763 3452 in
782 3405 885 3457 uicibus.
904 3400 953 3453 ubi
971 3399 1017 3452 alii
1034 3405 1133 3453 uicibus.
1170 3400 1257 3454 Porro
1275 3408 1301 3454 in
1318 3405 1411 3456 uiribus

67 3458 304 3562 “ut-vicibus
320 3481 351 3536 id
368 3484 424 3549 est,
446 3484 479 3535 ut
495 3482 569 3537 rices
587 3483 710 3554 episcopi
728 3487 756 3539 et
774 3484 840 3538 cleri
857 3484 1036 3538 Alexandrini
1054 3487 1298 3554 repraesentarent
1316 3503 1349 3540 ac
1365 3503 1411 3540 ne·

72 3545 214 3614 8⁰¹³ss
238 3568 301 3640 ejus
316 3569 511 3638 procurarent.
530 3597 563 3606 —
580 3568 698 3623 Perinde
716 3568 801 3623 etiam
819 3570 861 3623 est
881 3573 1017 3637 presbyter
1036 3576 1228 3623 Alexandrinus
1246 3573 1331 3638 etque
1350 3576 1411 3624 Ate-

74 3642 344 3715 findamus,-
361 3652 437 3723 quod
453 3652 618 3721 notandum,
636 3655 668 3708 ut
685 3671 739 3722 quo
757 3655 894 3708 referatur
911 3669 964 3707 vox
980 3661 1134 3722 praedictis,
1153 3671 1208 3709 nou
1225 3655 1377 3724 ignoretur.

202 3733 245 3807 ¹²)
263 3739 298 3794 (1ι
311 3751 434 3808 excepto.
453 3738 485 3792 B¹
500 3738 537 3792 N⁰
550 3742 575 3793 c⁵
584 3755 640 3808 seq.
661 3750 790 3807 esempto,
808 3739 843 3791 Fd
861 3745 971 3798 escientes,
991 3741 1017 3792 a³
1031 3757 1064 3792 ex
1076 3739 1199 3805 ‚,Vatic.“
1212 3753 1312 3796 exarto.
1340 3741 1411 3793 Mor·

94 3802 197 3866 ”¹¹¹⁸
222 3826 323 3881 autem
342 3823 514 3879 Theodosius
530 3823 683 3894 imperator
701 3827 744 3878 est
761 3840 833 3878 anno
851 3831 901 3878 450
919 3824 964 3878 die
981 3823 1096 3877 XXVIII
1114 3825 1187 3878 iulii.

203 3905 298 3976 11)(11
316 3930 403 3965 omues
420 3931 473 3964 eum
490 3923 580 3964 senatu
599 3915 695 3965 saeculi
716 3919 865 3978 potestates.
900 3910 938 3962 At
956 3908 988 3962 Β1
1003 3913 1028 3962 0⁵
1041 3925 1097 3977 seq.
1112 3913 1140 3963 a³
1158 3916 1235 3964 omnis
1253 3931 1306 3964 eura
1323 3930 1353 3964 eo
1371 3929 1411 3962 se-

118 3990 213 4040 ³⁴¹&oe
238 4006 266 4049 et
282 4005 431 4064 potestates.
460 3994 496 4049 F‘l
513 4014 597 4049 omues
615 4017 668 4049 earn
684 4008 787 4048 senatus
805 4007 831 4048 et
846 4001 991 4063 potestatis.
1019 3993 1170 4047 Concilium
1188 3994 1255 4048 illud
1268 3994 1304 4048 ad
1315 3993 1411 4048 Calen-

107 4052 185 4129 ,ὀὴ
202 4070 395 4149 Septembres
416 4080 482 4135 anni
499 4087 548 4134 tar
571 4079 673 4134 istaes
689 4079 881 4149 imperialibus
904 4080 948 4133 ne
966 4079 1055 4131 xxm
1072 4079 1140 4147 Maji
1159 4078 1262 4132 ensa
1280 4079 1412 4132 Nicaeam
1449 4097 1451 4106 ι

21 4192 24 4197 ·
138 4157 342 4243 01317001111111,
369 4165 416 4221 die
437 4165 503 4220 Vlll
524 4165 653 4220 Octobris
672 4164 845 4220 Calchedona
867 4164 1026 4219 inchoatum
1049 4165 1098 4216 est.
1144 4162 1274 4227 Quamvis
1296 4162 1411 4217 concilio

140 4226 273 4322 „Mene
287 4250 383 4307 habito
400 4249 557 4306 Marcianus
576 4252 605 4306 et
621 4249 767 4305 Pulcheria
783 4249 939 4304 intermisse
961 4247 1085 4318 proxime
1105 4248 1244 4312 dicentia,
1266 4250 1360 4302 tamen
1378 4261 1412 4299 ex

147 4310 259 4386 hem,
272 4336 409 4406 utriusque
427 4334 467 4403 (in
484 4336 538 4390 act.
558 4353 632 4390 conc.
645 4335 772 4390 Calched.
791 4354 818 4405 p.
833 4335 844 4387 l
864 4351 923 4403 cap.
935 4341 967 4388 33
980 4336 1009 4387 et
1021 4339 1053 4387 35
1070 4333 1145 4402 apud
1161 4329 1246 4387 Hard.
1262 4333 1323 4386 coll.
1337 4347 1412 4386 conc.

46 4482 50 4491 ἱ
148 4394 176 4469 nt
191 4416 236 4467 47
258 4419 332 4491 etse)
351 4423 499 4488 utrumque
512 4420 631 4476 abfuisse
648 4421 744 4490 liquet.
775 4420 903 4474 Fortasse
921 4434 999 4472 error
1015 4417 1080 4470 inde
1098 4419 1192 4483 natus,
1212 4416 1412 4484 quodMaroia·

146 4496 189 4582 Ψ
199 4512 249 4552 ⁸0
268 4501 406 4576 insynodo
422 4506 584 4560 adhrtnmm
600 4505 666 4576 ipsis
683 4506 783 4561 litteris
807 4503 1022 4561 convocantibus
1044 4502 1139 4570 (Hard.
1157 4503 1174 4555 l.
1194 4519 1215 4555 o.
1231 4502 1268 4566 11,
1285 4507 1327 4569 45)
1350 4515 1413 4571 pro·

145 4583 280 4665 {murat
308 4592 364 4646 Aut
380 4591 404 4645 si
420 4591 492 4646 forte
504 4607 556 4661 pro
573 4598 669 4646 resedit
686 4588 834 4662 legerimus
851 4596 978 4645 resideret
995 4587 1084 4657 (quasi
1101 4605 1134 4641 ex
1150 4587 1288 4641 sententia
1303 4586 1412 4640 illarum

142 4651 311 4728 laticum
328 4675 455 4745 diotunp,
469 4676 532 4744 jam
548 4675 617 4730 nihil
633 4677 696 4732 falsi
714 4676 858 4748 supererit.

178 4763 341 4816 errorores
359 4780 461 4816 nostra.
477 4780 589 4817 rostris.
609 4767 630 4825 Ι,
1174 4766 1212 4826 33
