3204 5506
207 354 269 415 218
453 360 459 368 ·
669 366 695 411 s.
713 360 879 411 srurmen
902 360 1015 408 l’At‘AE

207 529 301 585 acacio
323 533 387 582 nota
409 527 518 581 [arceret.
555 525 664 579 llermun
688 525 814 580 libellum
836 522 1047 595 satisfactionis
1062 538 1169 590 comem,
1193 537 1268 621 puos
1282 539 1302 576 e
1318 522 1492 579 catholicoe

205 615 274 686 fielci
289 616 409 670 ueritate
428 611 590 666 Timotheus
607 617 634 666 et
649 610 763 677 Petras,
787 612 901 681 utrique
916 610 1051 677 damnati,
1072 608 1267 663 damnationis
1286 612 1415 663 terrore
1429 613 1490 663 tro·

206 701 362 759 discerent,
372 700 481 753 treiciam
491 698 698 767 postulantium
708 693 802 749 iisdem
814 694 922 767 seriptis
934 690 1110 748 subnectebat
1119 690 1224 765 (Simpl.
1232 708 1278 765 ep.
1289 692 1330 747 11
1346 708 1377 747 ιι.
1386 689 1444 747 2ιι
1450 690 1490 763 3).

291 782 320 839 3.
354 782 470 854 'lempus
486 788 585 842 autem,
607 797 661 853 quo
683 780 761 833 missa
783 787 847 834 suut
869 777 934 833 haec
953 779 1062 851 scripta,
1083 792 1138 831 non
1156 791 1237 850 aegre
1253 774 1411 831 admodum
1425 793 1491 833 con·

203 868 305 938 jicitur.
336 866 489 939 Simplicius
511 867 611 939 quippe
633 864 747 937 epistola
764 864 781 919 9
799 862 843 917 die
861 863 899 919 13
916 861 991 918 liert.
1007 862 1068 917 antri
1083 860 1145 918 478
1160 861 1258 916 Acacio
1274 861 1429 935 negotium
1451 863 1491 916 in·

202 953 294 1026 jungit
310 949 498 1007 commonendi
515 950 657 1012 Timothei,
674 957 704 1004 ut
718 947 813 1010 labem,
831 964 910 1020 quam
926 947 1041 1003 nominis
1057 946 1178 1003 Ilioscori
1192 947 1267 1001 inter
1280 944 1383 1001 altaria
1394 947 1491 1002 recita·

207 1039 279 1093 tione
291 1039 448 1098 incurrerat,
466 1034 614 1090 emaculare
626 1042 712 1090 curet.
728 1031 799 1088 lelem
817 1049 880 1088 vero
892 1050 958 1107 papa
971 1031 1014 1087 die
1023 1032 1061 1088 17
1070 1048 1155 1087 mens.
1164 1029 1276 1087 Octobr.
1284 1029 1419 1101 ejtrsslem
1429 1030 1490 1087 anm

205 1121 311 1195 (Simpl.
331 1138 373 1194 ep.
394 1120 440 1183 12,
460 1118 509 1188 13)
531 1121 630 1192 scripta
645 1118 698 1180 illa,
721 1117 819 1190 quibus
840 1119 958 1191 expetita
975 1116 1122 1173 satisfactio
1140 1113 1348 1178 coertiuebntur,
1365 1116 1491 1189 proxim

206 1207 341 1279 accepisse
355 1222 385 1261 se
400 1202 545 1279 signifieat.
572 1203 647 1259 l'mle
663 1201 814 1265 conficitur,
831 1211 861 1257 ut
876 1201 1092 1258 medioliartium
1109 1201 1181 1257 inter
1195 1208 1222 1256 et
1234 1198 1391 1257 Octobrem
1406 1207 1491 1257 nter·

206 1291 275 1347 vallo
291 1299 335 1346 aut
352 1292 459 1346 circiter
473 1291 573 1363 scripta
589 1288 633 1344 illa
649 1289 808 1344 concInuata
824 1289 888 1343 siut.

797 1414 887 1480 VIII.

206 1548 234 1587 a.
251 1527 311 1587 482
328 1535 396 1586 onte
411 1544 499 1585 mens.
517 1528 592 1601 Maj.
614 1527 762 1600 xGreporii
776 1524 946 1582 Mutinensis
961 1527 1001 1581 orl
1015 1524 1190 1596 Simplicium
1204 1523 1240 1581 ele
1254 1526 1352 1583 innita
1368 1525 1490 1601 ordbrnf

357 1618 433 1671 tione
451 1630 505 1671 sua
520 1616 641 1670 libellus.

290 1717 367 1771 Anno
384 1714 446 1773 482
463 1715 619 1789 Gregorius,
636 1728 719 1786 qurum
735 1711 895 1768 Ravennatis
910 1711 1039 1768 ecelesiae
1059 1710 1203 1786 presbyter
1217 1718 1302 1774 esset,
1328 1711 1489 1772 nioben:

205 1800 325 1873 ejusdcm
338 1800 467 1857 eeclesiae
483 1801 602 1856 antistite
618 1798 775 1853 llutinensis
791 1799 904 1853 civitatis
921 1805 1027 1852 creatus
1043 1798 1187 1871 episeopus
1202 1795 1329 1852 libellum
1344 1796 1488 1872 Simplicio

207 1902 289 1961 papae
305 1885 387 1949 dedit,
409 1887 436 1940 in
458 1902 511 1959 quo
533 1902 563 1940 se
583 1884 695 1939 invitum
716 1890 743 1938 et
763 1881 860 1937 Invidia
881 1875 935 1937 n'on
957 1882 1090 1938 electione
1111 1898 1159 1955 per
1175 1897 1310 1937 summam
1327 1881 1487 1941 uolonum

207 1971 361 2026 ordinatum
378 1972 535 2045 episcopum
552 1967 724 2043 querebatur,
739 1966 910 2041 petebatque,
927 1975 957 2023 ut
973 1983 1037 2024 cum
1051 1967 1186 2023 Jolmnne
1200 1982 1327 2023 causum
1335 1970 1408 2040 jam
1422 1970 1486 2026 netl-

206 2059 264 2112 lam
279 2057 408 2112 liaberet.
444 2055 528 2111 Simul
544 2056 623 2109 etiam
639 2053 775 2127 flagitasse
791 2052 904 2114 videtur,
922 2060 951 2108 ut
967 2053 1016 2125 ipsi
1032 2050 1183 2125 SImplieius
1199 2051 1232 2106 tle
1248 2050 1365 2125 praedio
1382 2050 1486 2110 Raven-

206 2142 275 2196 natis
291 2139 420 2196 ecclesiae
436 2142 463 2196 in
479 2140 640 2196 bononiensi
656 2139 709 2193 sito
726 2153 839 2192 annuam
854 2136 1020 2210 suppeditari
1033 2135 1141 2208 juberet
1156 2137 1329 2209 pensionem,
1346 2136 1423 2193 uncle
1438 2154 1486 2196 me·

207 2222 396 2295 cessantibus,
420 2242 495 2298 quas
510 2226 643 2282 Jolumne
664 2221 794 2294 faciente
819 2226 962 2279 sustinere
984 2224 1216 2293 compellebatur,
1239 2222 1414 2280 ιιιὸιιειιὶνει
1439 2222 1485 2295 (oi.

206 2308 299 2383 SImpl.
317 2326 359 2382 ep.
370 2308 429 2381 14).
453 2309 571 2366 Libellus
587 2310 630 2364 trie
645 2309 747 2381 recepit
759 2308 888 2380 Simplicii
900 2306 1031 2377 judicium
1047 2307 1108 2362 anni
1123 2304 1185 2363 482
1201 2305 1245 2361 die
1261 2305 1304 2363 29
1320 2305 1395 2379 binii,
1410 2306 1487 2365 ideo·

207 2411 259 2468 que
275 2410 330 2450 nen
345 2394 431 2450 multo
448 2404 509 2450 ante
525 2395 576 2449 hoc
593 2400 699 2466 tempus
716 2394 889 2447 transmissus
905 2400 955 2447 est.

810 2518 867 2583 IX.

207 2648 235 2686 a.
253 2628 314 2687 482
331 2637 399 2687 ante
414 2645 501 2685 moris.
518 2631 587 2686 liiii.
620 2630 742 2686 Zenonis
757 2633 941 2702 imperatoris
955 2632 995 2686 acl
1004 2589 1184 2701 Simplicium
1203 2630 1239 2686 ele
1254 2631 1397 2689 ordinato
1413 2619 1486 2690 Con·

358 2717 544 2786 slantinopoli
557 2719 693 2786 episeopo
708 2715 904 2771 Antiochenae
919 2717 1061 2771 eeclesiae
1075 2716 1195 2772 indices.

292 2818 369 2873 tirno
386 2815 447 2874 482
469 2826 530 2872 ante
547 2832 665 2872 urenscm
681 2816 789 2872 lunium
811 2815 962 2890 Simplicius
983 2817 1086 2873 litteras
1108 2816 1211 2891 aceepit
1231 2816 1362 2883 Zenonis,
1387 2816 1487 2894 quibus

207 2904 353 2975 imperator
376 2901 421 2957 illc
442 2901 476 2956 tle
492 2902 562 2956 tristi
584 2902 710 2957 ecclesiae
727 2901 909 2957 tntioclrenae
930 2909 1003 2957 statu
1024 2902 1112 2974 (leque
1127 2901 1257 2976 Stephani
1278 2900 1341 2972 ejus
1362 2904 1486 2981 episcopi

206 2991 283 3044 inter
298 2990 406 3043 altorio
419 2987 547 3058 funestis
562 2986 758 3042 lmeretieorum
773 2965 877 3059 plodens
893 2987 1025 3060 perempti
1040 2986 1120 3042 caede
1135 2986 1313 3060 praelocutus
1328 2986 1487 3052 excusatu,
1507 3050 1515 3065 ,

207 3072 302 3146 quod
296 3073 380 3146 ipsius
396 3088 581 3127 successorem
597 3069 831 3165 Constantinopoli
845 3070 983 3126 ordinari
972 3072 1109 3143 jussisset.
1126 3069 1154 3126 lei
1171 3086 1234 3127 tero
1246 3087 1416 3146 aggressum
1427 3090 1488 3131 esse

207 3155 293 3228 ajelrat
309 3158 431 3212 Acacium
456 3173 506 3213 suo
529 3158 614 3229 ipsius
632 3155 710 3226 jussu
730 3157 891 3227 preteritilrus
905 3157 1098 3225 Antioclrenis,
1121 3172 1204 3229 quum
1220 3172 1317 3212 eorum
1332 3156 1487 3217 seditiones

207 3259 261 3297 non
278 3241 355 3297 aliter
370 3240 457 3296 sedari
473 3258 555 3315 posse
570 3239 735 3296 sisterentur.
767 3239 897 3296 Addebat
908 3247 935 3295 et
957 3240 1032 3303 illml,
1056 3239 1153 3296 iactum
1170 3257 1231 3297 csse
1249 3248 1381 3314 praeter
1395 3258 1492 3319 pree·⁸

202 3328 347 3398 judicium
364 3328 521 3382 uenerandi
540 3328 616 3381 illius
632 3326 747 3380 concilii
762 3325 891 3394 Nicanori,
914 3324 980 3381 adeo
997 3333 1027 3380 ut
1042 3327 1180 3397 deiiiceps
1200 3326 1362 3384 seeundum
1384 3328 1505 3409 delini-¹

208 3415 297 3467 tiones
310 3419 428 3482 patrum
438 3410 578 3466 (triennali
592 3412 700 3487 spuoelo
717 3411 1001 3478 creatioAritioclieni
1015 3413 1146 3482 episcopi
1159 3420 1388 3469 reservaretur.-
1403 3414 1489 3473 sind

208 3502 234 3550 et
247 3498 372 3568 jurasse
393 3511 423 3550 se
444 3492 637 3550 testitiarbatur
657 3498 686 3550 in
707 3496 781 3551 leoec
797 3496 893 3564 asarta,
918 3497 995 3568 quod
1013 3496 1136 3566 posticae
1155 3500 1184 3551 in
1204 3496 1392 3555 Antiocheno
1415 3498 1488 3557 urbe

209 3583 298 3636 ueteri
312 3595 390 3636 neore
405 3587 520 3635 servato
536 3598 553 3634 a
567 3581 854 3651 comprovincialibus
869 3583 928 3635 suis
940 3583 1093 3652 episcopus
1100 3582 1299 3637 ordinaretur.
1317 3580 1488 3641 bemumCa·

207 3661 360 3719 lemlionem
376 3680 468 3719 recens
485 3663 637 3720 onlmatum
653 3664 789 3737 praeclaro
807 3665 961 3734 testimo-nio
978 3663 1181 3721 commendabat
1196 3663 1242 3736 (ci.
1255 3664 1353 3742 Simpl.
1368 3684 1415 3743 ep.
1426 3666 1485 3741 15).

208 3746 315 3804 Litteris
331 3747 383 3803 illis
399 3749 537 3822 rescripsit
553 3748 705 3822 Simplicius
721 3749 764 3804 die
780 3748 819 3804 22
835 3748 905 3804 lunii
922 3766 945 3804 a.
962 3747 1034 3806 482.

820 3876 860 3940 X.

207 4004 235 4041 a.
253 3984 313 4043 482
332 3987 393 4043 coel.
410 3994 494 4058 tcirip.
532 3989 635 4043 Aeacii
649 3989 688 4042 orl
703 3987 876 4059 Simplicium
892 3988 927 4042 ele
943 3988 1041 4043 eadem
1058 4003 1091 4045 re
1106 3991 1267 4045 excusatio.

293 4086 339 4143 llis
355 4088 469 4144 Zenonis
486 4087 584 4144 litteris
602 4090 712 4144 Aeacius
734 4091 877 4162 episeopus
893 4089 1209 4163 Constantirmpolitanus
1226 4089 1351 4162 adjunxit
1368 4112 1445 4159 sues.
1460 4096 1490 4155 in

208 4171 304 4246 rpuilrus
320 4174 421 4246 paritor
435 4172 469 4227 (le
480 4174 609 4246 Stephani
624 4173 705 4229 caerle
721 4174 856 4247 praetatus
871 4173 1082 4236 contestabatur,
1097 4191 1157 4235 sese
1170 4191 1224 4231 unu
1234 4180 1389 4250 principis
1396 4184 1491 4255 jusu

207 4275 244 4313 uc
254 4262 342 4329 pacis
357 4260 448 4314 studio
464 4276 519 4314 aon
536 4275 589 4313 sna
607 4262 795 4329 resterpatione
810 4276 846 4314 ae
862 4262 922 4314 sine
933 4262 1119 4332 praejudicio
1131 4275 1274 4317 canonum
1281 4263 1491 4325 Autittebeuun

131 4340 134 4345 '
208 4343 364 4416 episcopum
386 4359 567 4404 consecrasse,
591 4345 704 4398 Immoe
698 4345 776 4397 etiarn
802 4361 832 4399 se
856 4347 904 4399 eliu
920 4346 1112 4416 suspendisse,
1135 4360 1172 4400 ne
1193 4346 1345 4405 uideretur
1363 4352 1489 4421 ambire,

208 4429 285 4499 quoti
305 4434 384 4582 t)anto
400 4430 533 4500 principi
553 4435 580 4483 et
600 4430 627 4482 in
650 4436 706 4483 tam
726 4431 810 4502 praei
829 4445 919 4485 caetea
942 4447 998 4485 non
1013 4436 1131 4500 poterat
1146 4429 1296 4505 abnepote
1317 4431 1367 4504 (ci.
1392 4434 1490 4512 Siutpl.

209 4527 251 4583 ep.
271 4511 309 4567 16

208 4732 236 4769 a.
249 4713 311 4771 482
327 4722 394 4855 lm?
416 4717 485 4856 medi
502 4717 561 4773 Jul.
601 4717 782 4773 Colenrlionis
805 4720 844 4774 nel
864 4717 1037 4790 Simplicium
1058 4719 1094 4775 ele
1114 4720 1298 4778 ordiirotione
1320 4690 1380 4785 sne
1401 4742 1491 4801 syna

379 4805 425 4857 ica
441 4816 473 4856 re
486 4805 553 4856 atio.

293 4900 418 4959 tlalendio
430 4901 662 4977 Constantinopoli
678 4902 709 4959 ab
725 4905 820 4960 leucio
835 4905 1018 4961 Antiochenus
1030 4897 1175 4981 episcopus
1188 4907 1335 4968 onlinntus
1349 4911 1387 4969 ael
1402 4912 1490 4971 eccle
