3204 5506
195 336 237 400 90
540 352 674 399 ΜΟΝΙΤΑ
698 353 848 399 ΡΒΑΕἯΛ
873 353 909 398 IN
933 352 1114 400 stritthem

194 531 315 589 pugnare
336 516 393 570 ausi
415 522 487 570 sunt.
525 513 577 570 Sed
603 515 699 588 syrredi
722 513 848 571 vindicias
871 513 1009 570 Errnodius
1030 522 1126 589 postea
1144 513 1294 570 'ticinensis
1314 515 1463 588 episcopus

194 600 267 655 edito
282 601 375 656 libatio
390 603 531 657 aitecrsns
542 616 590 656 ees
601 603 651 674 qni
656 609 759 657 eontra
766 601 1038 673 spriadnmscribere
1042 608 1313 673 praesumpserunt,
1327 599 1464 673 suscepit.

195 684 279 741 l'arro
295 686 346 741 troc
361 703 430 760 npns
445 684 568 759 synodali
583 687 742 741 auctoritate
762 686 799 741 et'
809 687 993 759 conscriptum
1015 694 1042 742 et
1057 683 1234 758 approbatum
1249 692 1277 740 ct
1292 686 1369 740 iuter
1383 700 1468 740 cauo

193 772 251 826 nim
271 771 378 826 decreta
398 779 583 845 computatum
600 770 681 845 vulgo
697 770 830 826 creditur:
853 773 914 844 quia
934 771 968 827 de
988 772 1100 827 veritae
1121 769 1213 826 nullus
1234 771 1369 826 tracteuus
1385 768 1467 826 dubi·

193 857 258 911 tavit
273 855 371 929 synodi
386 857 496 930 quintae
516 854 567 911 sub
583 856 743 929 Synurnache
764 864 941 930 nuncupatae.
964 858 990 912 in
1010 854 1088 925 cnjus
1110 854 1222 912 exordio
1244 855 1379 912 edicitur:
1418 855 1467 911 Li·

193 943 292 1011 bcttas‚
309 945 359 1014 qui
373 944 507 1016 synodali
521 945 695 999 auctoritate
707 949 810 998 coritra
823 958 880 1012 cos,
897 945 947 1015 qni
961 943 1102 999 aduersus
1113 941 1129 997 1
1139 941 1162 996 V
1167 948 1297 997 nostram
1308 942 1466 1014 synodum,

193 1042 268 1100 quae
289 1028 386 1084 barbita
407 1034 449 1084 est
469 1029 579 1084 Romnae
600 1027 739 1097 Pratrnarri,
762 1030 864 1084 mutire
883 1033 1155 1100 praesumpserant,
1178 1027 1216 1082 ab
1236 1026 1374 1083 Ennodio
1395 1042 1466 1083 corr·

192 1116 320 1184 scriptas
334 1119 385 1183 cst,
402 1131 501 1169 coram
516 1114 645 1170 onnribus
656 1112 818 1183 deseratur.
835 1119 863 1168 et
877 1116 905 1167 in
918 1117 1089 1185 praesentia
1105 1114 1226 1168 errantum
1240 1113 1362 1185 legatur
1373 1119 1468 1185 atquc

193 1198 354 1254 roboretur.
381 1199 441 1267 Quo
457 1203 578 1255 recitato
594 1206 622 1255 et
636 1199 672 1253 ab
688 1199 816 1255 omnibns
831 1215 957 1254 consona
975 1214 1043 1254 uoco
1058 1197 1243 1269 comprobato
1258 1203 1366 1253 saneta
1378 1212 1468 1271 syna·

192 1285 247 1338 das
261 1284 347 1340 dixit:
376 1285 450 1340 hirec
467 1283 579 1356 saturis
599 1285 773 1356 temporibus
793 1290 981 1341 reserrentur
1001 1290 1089 1357 atqiae
1104 1282 1140 1338 ab
1157 1282 1288 1339 omnibus
1302 1289 1468 1339 teneantur

192 1376 220 1424 ct
240 1371 269 1423 in
287 1369 415 1425 apartibus
440 1376 602 1427 seruentur.
643 1370 701 1425 Hic
725 1370 838 1426 libellus
863 1372 1046 1442 irrteperrirne
1071 1369 1251 1442 synodaliter
1269 1367 1307 1423 ab
1329 1368 1471 1424 omnibus'

192 1461 334 1523 tencatur,
351 1462 437 1528 atque
451 1458 527 1511 inter
541 1461 666 1528 quartae
681 1462 708 1510 ct
723 1458 841 1528 quintae
856 1457 1029 1528 synodorum
1044 1461 1210 1510 raostrarum
1226 1456 1358 1510 actiones
1369 1455 1465 1510 inter-

186 1548 327 1610 ponatur,
348 1547 376 1595 et
395 1543 435 1595 ita
457 1543 532 1597 sicat
546 1540 649 1595 dariam
665 1542 839 1614 synadorum
854 1542 972 1596 decreta
988 1539 1148 1595 habeatur.-
1170 1542 1239 1612 qnia
1254 1539 1393 1612 sprrodati
1409 1555 1465 1595 au·

192 1627 326 1680 ctoritate
347 1629 530 1711 coriscriptus
552 1634 580 1682 ct
600 1627 755 1682 roboratus
776 1632 828 1682 est.
870 1626 968 1681 Verum
990 1626 1110 1699 quintam
1130 1622 1264 1697 synodum
1285 1623 1403 1679 sicelet
1420 1640 1466 1680 sc·

191 1716 318 1784 quantem
333 1719 435 1766 sertam
452 1728 541 1767 ruerus
557 1728 616 1767 esse
631 1711 726 1767 {sirtori
741 1710 896 1767 Mercatoris
912 1709 994 1775 tetus,
1010 1709 1094 1767 multa
1109 1709 1303 1765 ‹lemonstrant

277 1811 306 1868 o.
332 1811 421 1869 Prima
437 1813 553 1887 quiden,
569 1823 712 1888 antequam
727 1814 881 1887 compilatio
898 1812 955 1884 ejus
972 1812 1101 1887 prodiret,
1117 1812 1228 1885 ignotae
1239 1810 1347 1867 lucrant
1362 1809 1465 1882 liujus·

192 1896 263 1953 arnadi
279 1897 385 1970 synodi.
414 1898 463 1954 Eas
478 1908 552 1956 certe
567 1901 701 1974 ignoravit
717 1899 866 1955 Hadrianus
882 1898 905 1960 1;
922 1898 1042 1972 alioquin
1058 1894 1145 1953 tribus
1162 1896 1229 1959 aliis,
1246 1913 1313 1970 qaas
1328 1894 1463 1953 collectio

190 1981 249 2053 ejus
269 1992 395 2046 asservat,
416 1983 448 2039 ah
468 2001 502 2040 ee
523 1985 594 2041 liaud
615 1984 696 2040 datie
715 1983 856 2054 adjunctae
873 1983 996 2040 tuissent.
1014 1981 1126 2038 -lteiade
1147 1980 1235 2045 stilus,
1265 1997 1320 2055 quo
1343 1990 1466 2056 utraque

190 2069 342 2141 conscripta
357 2076 407 2131 est,
423 2070 501 2143 piane
516 2069 650 2127 isidorum
666 2070 806 2126 manifeste
821 2069 921 2143 prodit.
945 2067 1063 2143 Utraque
1079 2068 1149 2123 eninr
1165 2084 1220 2123 non
1235 2065 1317 2122 modo
1333 2064 1464 2141 pluribus

188 2154 329 2208 sententiis
345 2162 461 2219 constat,
485 2172 551 2228 quas
565 2157 699 2229 impostor
713 2155 758 2210 illc
774 2156 866 2228 primis
888 2152 1061 2228 pontificibus
1081 2160 1271 2226 supposuerat.
1293 2152 1464 2209 inconcinne

188 2240 320 2311 repetitis,
335 2237 382 2297 sed
398 2256 430 2295 es
445 2239 606 2296 centonibus
621 2239 735 2296 condeta
750 2247 792 2296 est
807 2256 890 2313 quum
906 2239 1020 2296 aliorum
1038 2235 1196 2312 pontificum
1212 2245 1269 2292 tum
1287 2237 1462 2311 geminarum

188 2322 365 2395 synodorum,
386 2341 454 2399 quae
474 2324 525 2380 suh
540 2325 698 2399 Synnnacho
715 2324 819 2380 habitae
840 2333 913 2387 sunt.
939 2342 1000 2380 cnm
1016 2323 1111 2380 iisdem
1126 2324 1235 2379 omnino
1256 2320 1371 2386 mendis,
1396 2338 1462 2379 cum

190 2407 288 2482 qnitnrs
309 2410 380 2481 ipsas
404 2410 523 2482 synodos
544 2411 664 2483 integras
684 2409 803 2466 isidorus
829 2418 1023 2484 repraesentat.
1065 2407 1143 2464 Certe
1164 2409 1244 2464 haec:
1274 2413 1318 2464 est
1339 2411 1419 2465 errirn
1441 2426 1462 2465 c

190 2495 285 2549 rnrdtis
300 2498 532 2551 antecessoribus
546 2498 725 2569 synodaliter
739 2498 886 2551 decretam
901 2505 988 2570 atquc
1001 2498 1156 2567 firmatum,
1179 2500 1210 2550 ut
1230 2508 1296 2549 ones
1311 2509 1391 2566 quae
1402 2511 1462 2566 pa·

190 2581 264 2633 steri
276 2594 328 2634 suo
344 2584 509 2636 commissae
527 2580 641 2653 suerint
662 2597 725 2638 eram
743 2597 796 2638 nec
817 2569 1040 2652 reprehendere,
1057 2582 1115 2635 nisi
1128 2597 1146 2634 a
1160 2580 1218 2651 fide
1234 2578 1458 2651 exorbitaverit,

186 2671 395 2735 praesumant:
415 2681 465 2721 nec
480 2680 535 2721 non
551 2667 615 2722 ista:
637 2668 712 2723 arride
727 2674 754 2723 et
769 2669 927 2740 antiquitus
947 2668 1095 2722 decretum
1109 2671 1162 2727 est,
1186 2679 1283 2720 armies
1295 2667 1460 2735 possessio·

190 2763 243 2803 nes
257 2754 311 2804 ete.
320 2773 328 2811 ,·
344 2749 385 2804 rel
400 2749 466 2806 illud
482 2751 555 2825 quod
571 2752 691 2825 proxime
706 2753 843 2825 sequitur:
860 2758 887 2808 et
903 2752 973 2808 alibi
986 2754 1125 2823 scriptam
1138 2750 1258 2823 legitur.-
1272 2749 1321 2805 ille
1336 2752 1390 2822 qui
1399 2766 1461 2822 per

192 2836 350 2890 uiolentiam
366 2841 421 2891 ete.
432 2860 441 2899 ,.·
461 2844 489 2893 et
504 2853 580 2893 raon:
606 2838 643 2893 ta
658 2838 844 2909 synodalibus
858 2839 985 2893 decretis
998 2839 1117 2910 tegitur:
1132 2834 1371 2907 Redintegranda
1387 2843 1460 2893 sunt

189 2922 284 2975 omnia
307 2922 492 2991 exspoliatis.-
515 2931 561 2978 aut
581 2923 631 2979 alia
647 2922 803 2993 hujusmodi
817 2922 914 2996 synodi
935 2923 1045 2997 quintae
1060 2921 1169 2977 nomiae
1189 2919 1312 2994 prolerre
1334 2926 1391 2976 tam
1407 2921 1457 2977 im·

189 3003 338 3078 penitentes
357 3022 438 3061 ansus
460 3006 559 3064 luisset
578 3025 666 3072 nerrro,
694 3009 745 3064 nisi
766 3010 811 3081 qui
835 3007 943 3063 decreta
962 3007 1058 3063 similia
1078 3005 1173 3062 iisdem
1194 3003 1281 3060 verbis
1302 3007 1459 3079 composita

188 3089 387 3162 antiquioribus
406 3090 578 3165 pontificibus
600 3093 765 3167 Zephyrion,
789 3092 918 3154 Fabiano,
939 3092 1079 3154 Corrretio,
1099 3089 1267 3163 Stephanol,
1285 3087 1405 3147 Eusebio
1425 3108 1459 3149 ae

188 3174 261 3230 intio
282 3186 471 3249 supposuerat.
508 3178 535 3234 Si
557 3181 627 3235 enim
650 3179 814 3235 adulterinae
835 3177 896 3233 iliae
917 3179 1085 3251 excipiantur
1105 3174 1249 3251 epistolae,
1276 3175 1456 3233 emesenum

188 3260 340 3332 Symmachi
355 3262 446 3317 nuilus
462 3264 608 3337 quidquam
625 3263 780 3335 hujusmodi
795 3263 947 3320 decrevisse
962 3260 1190 3337 deprehendetur.
1221 3259 1313 3335 h'cque
1327 3261 1412 3318 etiarn
1427 3262 1456 3319 iu

188 3352 303 3401 aetatem
319 3346 470 3420 Symmachi
484 3348 533 3404 sed
548 3351 575 3404 in
591 3349 685 3404 isidori
702 3350 792 3423 potius
808 3348 954 3412 saccutum,
971 3348 1022 3404 hoc
1038 3355 1080 3404 est
1095 3362 1205 3408 nouuur.
1221 3344 1359 3416 marcuit,
1377 3346 1455 3421 quod

187 3428 233 3484 ille
247 3447 316 3503 papa
331 3432 357 3486 in
373 3432 478 3505 synodo
493 3442 568 3488 sexta
580 3434 708 3490 adversus
724 3451 780 3498 eos,
804 3437 854 3507 qni
870 3434 1033 3507 facultates
1053 3435 1196 3489 ecclesiae
1210 3431 1263 3489 sub
1278 3434 1376 3503 specie
1390 3434 1454 3489 lar·

186 3517 284 3587 pitatis
305 3519 402 3589 regiae
430 3520 473 3573 oct
493 3521 695 3591 cujuscunque
717 3524 868 3591 potestatis
894 3520 1023 3590 improba
1049 3520 1235 3589 subreptione
1251 3521 1453 3589 pervaserint,

187 3598 333 3655 ‹iocernere
354 3599 475 3674 fingitur.
507 3602 649 3677 ignorant
673 3605 773 3678 quippe
795 3605 860 3660 traco
880 3613 953 3660 aetas
973 3605 1061 3678 regias
1083 3602 1142 3659 ilias
1163 3610 1209 3657 aut
1224 3600 1357 3674 canusque
1372 3610 1454 3676 pote-

187 3684 265 3737 statis
280 3683 428 3759 largitates.
466 3687 526 3761 lpse
546 3690 624 3745 etiam
639 3689 768 3753 (balancas,
792 3697 821 3745 ut
840 3690 956 3763 epistb
986 3690 1068 3744 visnri
1089 3703 1191 3750 sumus,
1213 3685 1349 3761 sacrilegii
1363 3687 1454 3744 instar

187 3766 310 3832 ducebat.
332 3786 378 3826 cas
393 3772 425 3826 ad
440 3772 521 3829 alium
537 3791 624 3837 usum,
648 3791 726 3848 quam
748 3774 779 3831 ad
800 3791 879 3848 quem
900 3774 1014 3831 collatae
1034 3772 1149 3835 inerant.
1176 3770 1324 3827 transferri.
1355 3770 1453 3847 Neque

188 3853 276 3909 minus
292 3853 324 3909 ah
338 3856 442 3913 iissibi
458 3858 615 3934 arrogandis
636 3859 805 3923 abhorrebat,
827 3862 873 3934 qui
892 3861 1013 3934 prasiane
1034 3859 1072 3915 illi
1093 3859 1120 3913 in
1147 3874 1262 3931 regnum
1282 3855 1374 3914 ltaliae
1388 3874 1452 3915 suc·

185 3939 268 3995 cessit
288 3940 482 4005 'ltreodnrieus
508 3946 552 4000 cui
574 3945 699 4019 religioni
721 3944 773 4001 hrit
798 3947 878 4001 etiam
898 3945 931 4001 de
952 3944 1141 4000 ecciesiasticis
1161 3942 1280 4016 negotiis
1300 3941 1451 4018 quidquam
1501 3970 1507 3979 ·

185 4021 235 4079 sihi
251 4042 367 4083 surncre.
398 4028 425 4084 Si
446 4039 585 4102 praeterea
605 4030 710 4094 Gallias,
732 4033 759 4086 in
780 4029 877 4105 quihus
893 4030 1045 4086 Clodoveus
1068 4027 1146 4084 fidem
1167 4044 1262 4084 recens
1279 4038 1451 4102 susceperat,

184 4107 282 4166 aliasve
301 4113 428 4187 regiones
450 4117 689 4191 peragraverimus‚
714 4116 870 4172 laenitatem
893 4115 1021 4172 eeclesiae
1042 4114 1270 4187 dispensationem
1291 4128 1375 4185 penes
1392 4115 1451 4189 epi·
1504 4182 1510 4193 ,

182 4211 281 4269 scopos
298 4205 354 4252 tuin
370 4198 461 4261 hiisse,
478 4217 508 4257 ae
522 4203 657 4276 principes
672 4201 803 4258 nihihturn
818 4200 868 4257 sibi
877 4203 904 4258 in
917 4218 961 4257 eas
974 4199 1121 4256 vindicasse
1133 4198 1338 4272 comperiemus.
1361 4196 1450 4256 turmo

181 4295 264 4352 qnam
279 4297 350 4337 anno
366 4283 427 4341 502
443 4284 468 4340 id
488 4303 568 4343 urinam
590 4286 710 4343 Odoacar
731 4287 862 4360 petiisset.
885 4295 915 4342 nt
936 4286 1115 4342 ecclesiastica
1135 4283 1241 4359 praedia
1258 4292 1367 4356 praeter
1382 4301 1450 4341 coo·

179 4366 317 4421 scientiam
329 4370 403 4444 regis
414 4368 556 4428 abalienari
571 4389 626 4428 non
640 4381 762 4446 possent,
777 4373 875 4446 petitio
891 4371 935 4427 illa
951 4370 1024 4426 velut
1040 4386 1107 4426 nova
1123 4377 1151 4427 et
1166 4368 1265 4440 injusta
1278 4367 1380 4439 rejecta
1393 4377 1447 4427 est.

76 4516 79 4523 .
179 4447 219 4503 tid
235 4449 287 4507 troc
302 4453 367 4525 quid
380 4453 430 4511 sihi
442 4456 500 4512 ruit
514 4458 566 4513 ista
580 4459 777 4513 commentitiae
793 4456 890 4530 synodi
904 4456 926 4509 V
941 4455 1109 4513 acclamatio:
1131 4455 1187 4523 illi,
1205 4457 1256 4527 qui
1265 4471 1378 4525 papam
1394 4473 1448 4513 ac·

178 4543 356 4593 cnsaeernnt
370 4546 397 4594 et
412 4542 620 4599 damnationem
637 4546 664 4599 ei
677 4542 790 4613 inferre
806 4548 963 4611 irritarunt,
980 4549 1007 4597 ct
1019 4543 1068 4611 illi,
1085 4543 1136 4614 qui
1148 4557 1211 4595 eram
1220 4540 1447 4611 judicaverunt,

179 4626 209 4675 at
223 4621 396 4678 damnentur
411 4632 567 4699 rogamus?
588 4627 646 4684 h'on
662 4629 731 4683 carim
748 4627 791 4683 aiii
803 4626 991 4701 Symmachum
1003 4626 1139 4697 judicasse
1154 4624 1292 4699 leguntur,
1309 4625 1362 4680 nisi
1374 4642 1447 4699 quos

176 4702 362 4762 Theodericus
386 4725 432 4765 rer
452 4712 526 4768 clero
547 4721 574 4768 et
594 4720 689 4768 senatu
709 4712 864 4786 petentibus
886 4714 1000 4786 ipsoque
1021 4718 1156 4767 annuente
1171 4708 1331 4783 Symmacho
1347 4726 1447 4768 causae

175 4787 233 4859 cjns
250 4789 351 4860 juilices
368 4791 510 4869 delegarit.
551 4797 582 4853 tn
596 4797 635 4853 illi
651 4796 759 4870 quidem
780 4815 842 4854 euin
863 4814 917 4853 nen
939 4796 1133 4853 coardenanasse
1153 4794 1200 4851 sed
1222 4793 1370 4851 einselvisse
1389 4814 1447 4853 ure·

94 4900 106 4915 ·
175 4884 323 4931 irrorantur.
354 4875 426 4944 (luae
442 4882 593 4955 Syminarchi
614 4882 814 4939 accusatoribus
837 4900 915 4939 caiisa
937 4883 997 4945 init,
1020 4898 1069 4938 cur
1090 4882 1180 4937 statim
1199 4881 1341 4937 ‹aaleersus
1355 4897 1444 4957 sprae-
